{"gold_per_floor":[116,116,41,53,53,53,67,84,164,182,82,94,115,134,134,233,233,252,270,270,280,280,280],"floor_reached":23,"playtime":665,"items_purged":["Strike_R","Strike_R"],"score":185,"play_id":"8f952b3a-19b4-4420-9c40-32f0c444c5e9","local_time":"20190208013517","is_ascension_mode":false,"campfire_choices":[{"data":"Rampage","floor":6,"key":"SMITH"},{"data":"Bash","floor":15,"key":"SMITH"}],"neow_cost":"NONE","seed_source_timestamp":56547637835900,"circlet_count":0,"master_deck":["Strike_R","Strike_R","Defend_R","Defend_R","Defend_R","Defend_R","Bash+1","Rampage+1","Warcry","Writhe"],"relics":["Burning Blood","NeowsBlessing","Bronze Scales","Gremlin Horn","Odd Mushroom","Runic Dome","Ancient Tea Set"],"potions_floor_usage":[8,16,16,23],"damage_taken":[{"damage":0,"enemies":"2 Louse","floor":1,"turns":1},{"damage":0,"enemies":"Cultist","floor":4,"turns":1},{"damage":0,"enemies":"Small Slimes","floor":7,"turns":1},{"damage":27,"enemies":"Gremlin Gang","floor":8,"turns":5},{"damage":0,"enemies":"Red Slaver","floor":10,"turns":4},{"damage":10,"enemies":"Looter","floor":12,"turns":3},{"damage":8,"enemies":"The Mushroom Lair","floor":13,"turns":4},{"damage":10,"enemies":"3 Louse","floor":14,"turns":3},{"damage":22,"enemies":"The Guardian","floor":16,"turns":7},{"damage":2,"enemies":"Shell Parasite","floor":18,"turns":5},{"damage":18,"enemies":"Spheric Guardian","floor":19,"turns":5},{"damage":21,"enemies":"Centurion and Healer","floor":21,"turns":7},{"damage":69,"enemies":"Book of Stabbing","floor":23,"turns":6}],"seed_played":"-1857418226857566327","potions_obtained":[{"floor":1,"key":"SpeedPotion"},{"floor":7,"key":"Dexterity Potion"},{"floor":12,"key":"GamblersBrew"},{"floor":13,"key":"Fire Potion"},{"floor":14,"key":"Dexterity Potion"},{"floor":18,"key":"SteroidPotion"}],"is_trial":false,"path_per_floor":["M","?","$","M","?","R","M","M","T","M","$","M","?","M","R","B",null,"M","M","?","M","?","E"],"character_chosen":"IRONCLAD","items_purchased":[],"campfire_rested":0,"item_purchase_floors":[],"current_hp_per_floor":[80,80,80,80,80,80,80,59,59,65,65,61,59,55,55,39,80,80,68,80,65,65,0],"gold":280,"neow_bonus":"THREE_ENEMY_KILL","is_prod":false,"is_daily":false,"chose_seed":false,"campfire_upgraded":2,"win_rate":0,"timestamp":1549607717,"path_taken":["M","?","$","?","?","R","M","M","T","?","?","M","?","M","R","BOSS","M","M","?","M","?","E"],"build_version":"2019-01-23","purchased_purges":2,"victory":false,"max_hp_per_floor":[80,80,80,80,80,80,80,80,80,80,80,80,80,80,80,80,80,80,80,80,80,80,80],"card_choices":[{"not_picked":["Uppercut","Anger"],"picked":"Rampage","floor":1},{"not_picked":["Evolve","Heavy Blade","Twin Strike"],"picked":"SKIP","floor":4},{"not_picked":["Shrug It Off","Evolve","Rage"],"picked":"SKIP","floor":7},{"not_picked":["Headbutt","Metallicize","Iron Wave"],"picked":"SKIP","floor":8},{"not_picked":["Limit Break","Corruption","Clothesline"],"picked":"SKIP","floor":10},{"not_picked":["Battle Trance","True Grit","Flex"],"picked":"SKIP","floor":12},{"not_picked":["Havoc","Power Through","Combust"],"picked":"SKIP","floor":14},{"not_picked":["Headbutt+1","Power Through","Metallicize"],"picked":"SKIP","floor":18},{"not_picked":["Warcry","Uppercut+1","Anger"],"picked":"SKIP","floor":19},{"not_picked":["Combust","Clash","Infernal Blade+1"],"picked":"SKIP","floor":21}],"player_experience":419150,"relics_obtained":[{"floor":9,"key":"Gremlin Horn"},{"floor":13,"key":"Odd Mushroom"}],"event_choices":[{"damage_healed":0,"gold_gain":0,"cards_transformed":["Strike_R"],"player_choice":"Transformed","damage_taken":0,"max_hp_gain":0,"max_hp_loss":0,"event_name":"Transmorgrifier","floor":2,"gold_loss":0,"cards_obtained":["Warcry"]},{"damage_healed":0,"gold_gain":0,"player_choice":"Gave Potion","damage_taken":0,"relics_obtained":["Bronze Scales"],"max_hp_gain":0,"max_hp_loss":0,"event_name":"WeMeetAgain","floor":5,"gold_loss":0},{"damage_healed":0,"gold_gain":0,"player_choice":"Fought Mushrooms","damage_taken":0,"max_hp_gain":0,"max_hp_loss":0,"event_name":"Mushrooms","floor":13,"gold_loss":0},{"damage_healed":26,"gold_gain":0,"player_choice":"Heal","damage_taken":0,"max_hp_gain":0,"max_hp_loss":0,"event_name":"The Library","floor":20,"gold_loss":0},{"damage_healed":0,"gold_gain":0,"player_choice":"Opened","damage_taken":0,"relics_obtained":["Ancient Tea Set"],"max_hp_gain":0,"max_hp_loss":0,"event_name":"The Mausoleum","floor":22,"gold_loss":0,"cards_obtained":["Writhe"]}],"is_beta":false,"boss_relics":[{"not_picked":["Orrery","Lizard Tail"],"picked":"Runic Dome"}],"items_purged_floors":[3,11],"is_endless":false,"potions_floor_spawned":[1,7,12,13,14,18],"killed_by":"Book of Stabbing","ascension_level":0}