{"gold_per_floor":[119,130,130,149,80,111,111,111,165,196,121,140,173,183,183,183],"floor_reached":16,"playtime":650,"items_purged":["Parasite"],"score":156,"play_id":"69b680a0-9d08-43ad-9e15-9e72f244478a","local_time":"20190207144138","is_ascension_mode":true,"campfire_choices":[{"data":"Rainbow","floor":8,"key":"SMITH"},{"floor":15,"key":"REST"}],"neow_cost":"NONE","seed_source_timestamp":17342100770500,"circlet_count":0,"master_deck":["Strike_B","Strike_B","Strike_B","Strike_B","Defend_B","Defend_B","Defend_B","Defend_B","Zap","Dualcast","Purity","Streamline","Rainbow+1","Static Discharge","Ball Lightning","Coolheaded","Conserve Battery"],"relics":["Cracked Core","GremlinMask","Strawberry","Centennial Puzzle","Mercury Hourglass","Juzu Bracelet"],"potions_floor_usage":[10,12],"damage_taken":[{"damage":0,"enemies":"Small Slimes","floor":1,"turns":3},{"damage":0,"enemies":"Cultist","floor":2,"turns":3},{"damage":1,"enemies":"2 Louse","floor":4,"turns":2},{"damage":33,"enemies":"3 Sentries","floor":6,"turns":5},{"damage":41,"enemies":"Lagavulin","floor":10,"turns":6},{"damage":9,"enemies":"2 Fungi Beasts","floor":12,"turns":3},{"damage":9,"enemies":"3 Sentries","floor":13,"turns":5},{"damage":0,"enemies":"Exordium Thugs","floor":14,"turns":3},{"damage":25,"enemies":"Hexaghost","floor":16,"turns":9}],"seed_played":"-6195739324179866685","potions_obtained":[{"floor":1,"key":"LiquidBronze"},{"floor":10,"key":"SkillPotion"}],"is_trial":false,"path_per_floor":["M","M","?","M","$","E","?","R","T","E","$","M","E","M","R","B"],"character_chosen":"DEFECT","items_purchased":["Static Discharge"],"campfire_rested":1,"item_purchase_floors":[5],"current_hp_per_floor":[68,68,68,67,67,41,61,61,61,20,20,11,2,2,25,0],"gold":183,"neow_bonus":"RANDOM_COLORLESS","is_prod":false,"is_daily":false,"chose_seed":false,"campfire_upgraded":1,"win_rate":0,"timestamp":1549568498,"path_taken":["M","M","?","M","?","E","?","R","T","E","$","M","E","M","R","BOSS"],"build_version":"2019-01-23","purchased_purges":1,"victory":false,"max_hp_per_floor":[75,75,75,75,75,82,82,82,82,82,79,79,79,79,79,79],"card_choices":[{"not_picked":["Leap","White Noise"],"picked":"Streamline","floor":1},{"not_picked":["Fusion","Turbo","Darkness"],"picked":"SKIP","floor":2},{"not_picked":["Go for the Eyes","Barrage"],"picked":"Rainbow","floor":4},{"not_picked":["Beam Cell","Redo"],"picked":"Ball Lightning","floor":6},{"not_picked":["Storm","Hologram"],"picked":"Coolheaded","floor":10},{"not_picked":["Redo","Aggregate"],"picked":"Conserve Battery","floor":12},{"not_picked":["Coolheaded","Go for the Eyes","Reprogram"],"picked":"SKIP","floor":13},{"not_picked":["Ball Lightning","Hyperbeam","Rebound"],"picked":"SKIP","floor":14}],"player_experience":400943,"relics_obtained":[{"floor":6,"key":"Strawberry"},{"floor":9,"key":"Centennial Puzzle"},{"floor":10,"key":"Mercury Hourglass"},{"floor":13,"key":"Juzu Bracelet"}],"event_choices":[{"damage_healed":0,"gold_gain":0,"player_choice":"Trade","damage_taken":0,"relics_obtained":["GremlinMask"],"max_hp_gain":0,"max_hp_loss":0,"event_name":"FaceTrader","floor":3,"gold_loss":0},{"damage_healed":20,"gold_gain":0,"player_choice":"Healed and dodged fight","damage_taken":0,"max_hp_gain":0,"max_hp_loss":0,"event_name":"Mushrooms","floor":7,"gold_loss":0,"cards_obtained":["Parasite"]}],"is_beta":false,"boss_relics":[],"items_purged_floors":[11],"is_endless":false,"potions_floor_spawned":[1,10],"killed_by":"Hexaghost","ascension_level":6}