{"gold_per_floor":[119,119,87,87,98,98,133,151,151,162,162,191,191,191,191,294,294,314,314,6,16,16,35,35,49,75,75,106,106,138,151,151,151],"floor_reached":33,"playtime":1143,"items_purged":[],"score":445,"play_id":"d7e9f78c-21e5-4db5-931c-45625e1b302f","local_time":"20190227145030","is_ascension_mode":true,"campfire_choices":[{"data":"Armaments","floor":6,"key":"SMITH"},{"data":"Combust","floor":13,"key":"SMITH"},{"floor":15,"key":"REST"},{"floor":29,"key":"REST"},{"floor":32,"key":"REST"}],"neow_cost":"NONE","seed_source_timestamp":435593608815500,"circlet_count":0,"master_deck":["Strike_R","Strike_R","Strike_R","Strike_R","Strike_R","Defend_R","Defend_R","Defend_R+1","Defend_R","Bash","Cleave+1","Combust+1","Armaments+1","Pommel Strike","Dropkick","Fiend Fire","Uppercut+1","Corruption","Feel No Pain","Feel No Pain","Metallicize","Shrug It Off","Shrug It Off","RitualDagger","Body Slam","Juggernaut"],"relics":["Burning Blood","NeowsBlessing","The Courier","Art of War","Bag of Marbles","Lantern","Mark of Pain","Blood Vial","Ornamental Fan","Meat on the Bone"],"potions_floor_usage":[12,28,30,31,33],"damage_taken":[{"damage":0,"enemies":"Small Slimes","floor":1,"turns":1},{"damage":0,"enemies":"2 Louse","floor":5,"turns":1},{"damage":0,"enemies":"3 Sentries","floor":7,"turns":1},{"damage":6,"enemies":"Cultist","floor":8,"turns":4},{"damage":20,"enemies":"Exordium Thugs","floor":10,"turns":5},{"damage":5,"enemies":"Gremlin Nob","floor":12,"turns":3},{"damage":18,"enemies":"Slime Boss","floor":16,"turns":7},{"damage":30,"enemies":"Spheric Guardian","floor":18,"turns":5},{"damage":18,"enemies":"Shell Parasite","floor":21,"turns":5},{"damage":16,"enemies":"Cultist and Chosen","floor":23,"turns":10},{"damage":16,"enemies":"Centurion and Healer","floor":25,"turns":7},{"damage":14,"enemies":"Gremlin Leader","floor":28,"turns":9},{"damage":44,"enemies":"Book of Stabbing","floor":30,"turns":8},{"damage":10,"enemies":"Snake Plant","floor":31,"turns":4},{"damage":51,"enemies":"Collector","floor":33,"turns":4}],"seed_played":"2895791809597203319","potions_obtained":[{"floor":4,"key":"FairyPotion"},{"floor":4,"key":"FairyPotion"},{"floor":4,"key":"FairyPotion"},{"floor":5,"key":"Strength Potion"},{"floor":7,"key":"AttackPotion"},{"floor":18,"key":"Ancient Potion"},{"floor":28,"key":"BloodPotion"},{"floor":30,"key":"Strength Potion"}],"is_trial":false,"path_per_floor":["M","?","$","?","M","R","E","M","T","M","$","E","R","?","R","B",null,"M","?","$","M","?","M","$","M","T","?","E","R","E","M","R","B"],"character_chosen":"IRONCLAD","items_purchased":["Combust","Corruption","Feel No Pain","Feel No Pain","Metallicize","Shrug It Off","Shrug It Off"],"campfire_rested":3,"item_purchase_floors":[3,20,20,20,20,20,20],"current_hp_per_floor":[78,71,71,71,77,77,80,80,80,66,66,67,67,51,75,63,76,52,52,52,40,34,24,24,14,14,14,8,32,14,24,48,0],"gold":151,"neow_bonus":"THREE_ENEMY_KILL","is_prod":false,"is_daily":false,"chose_seed":false,"campfire_upgraded":2,"win_rate":0,"timestamp":1551297030,"path_taken":["M","?","$","?","?","R","E","M","T","M","?","E","R","?","R","BOSS","M","?","$","M","?","M","$","M","T","?","E","R","E","M","R","BOSS"],"build_version":"2019-01-23","purchased_purges":0,"victory":false,"max_hp_per_floor":[80,80,80,80,80,80,80,80,80,80,80,80,80,80,80,80,80,80,80,80,80,80,80,80,80,80,80,80,80,80,80,80,80],"card_choices":[{"not_picked":["Armaments","Rage"],"picked":"Cleave","floor":1},{"not_picked":["Headbutt","Perfected Strike"],"picked":"Armaments","floor":5},{"not_picked":["Double Tap","Cleave"],"picked":"Pommel Strike","floor":7},{"not_picked":["Armaments","Hemokinesis"],"picked":"Dropkick","floor":8},{"not_picked":["Havoc","Headbutt","Warcry"],"picked":"SKIP","floor":10},{"not_picked":["Perfected Strike","Bloodletting","Sentinel"],"picked":"SKIP","floor":12},{"not_picked":["Exhume","Double Tap"],"picked":"Fiend Fire","floor":16},{"not_picked":["Clash","Clothesline"],"picked":"Uppercut+1","floor":18},{"not_picked":["Body Slam","Iron Wave","Flex+1"],"picked":"SKIP","floor":21},{"not_picked":["Berserk","Pommel Strike+1"],"picked":"Body Slam","floor":23},{"not_picked":["Warcry","Searing Blow+1","Clothesline"],"picked":"SKIP","floor":25},{"not_picked":["True Grit","Berserk","Bloodletting"],"picked":"SKIP","floor":28},{"not_picked":["Inflame+1","Anger"],"picked":"Juggernaut","floor":30},{"not_picked":["Body Slam","True Grit+1","Blood for Blood"],"picked":"SKIP","floor":31}],"player_experience":495145,"relics_obtained":[{"floor":7,"key":"Art of War"},{"floor":9,"key":"Bag of Marbles"},{"floor":12,"key":"Lantern"},{"floor":26,"key":"Blood Vial"},{"floor":28,"key":"Ornamental Fan"},{"floor":30,"key":"Meat on the Bone"}],"event_choices":[{"damage_healed":0,"gold_gain":0,"player_choice":"Success","damage_taken":7,"relics_obtained":["The Courier"],"max_hp_gain":0,"max_hp_loss":0,"event_name":"Scrap Ooze","floor":2,"gold_loss":0},{"damage_healed":0,"gold_gain":0,"player_choice":"Got Potions","damage_taken":0,"max_hp_gain":0,"max_hp_loss":0,"event_name":"Lab","floor":4,"gold_loss":0},{"damage_healed":0,"gold_gain":0,"player_choice":"Entered Light","damage_taken":16,"max_hp_gain":0,"max_hp_loss":0,"event_name":"Shining Light","floor":14,"gold_loss":0,"cards_upgraded":["Cleave","Defend_R"]},{"damage_healed":0,"gold_gain":0,"player_choice":"Ignored","damage_taken":0,"max_hp_gain":0,"max_hp_loss":0,"event_name":"Vampires","floor":19,"gold_loss":0},{"damage_healed":0,"gold_gain":0,"player_choice":"Joined the Cult","damage_taken":6,"max_hp_gain":0,"max_hp_loss":0,"event_name":"Nest","floor":22,"gold_loss":0,"cards_obtained":["RitualDagger"]},{"damage_healed":0,"gold_gain":0,"player_choice":"Bought 0 Potions","damage_taken":0,"max_hp_gain":0,"max_hp_loss":0,"event_name":"The Woman in Blue","floor":27,"gold_loss":0}],"is_beta":false,"boss_relics":[{"not_picked":["Orrery","Lizard Tail"],"picked":"Mark of Pain"}],"items_purged_floors":[],"is_endless":false,"potions_floor_spawned":[5,7,18,28,30],"killed_by":"Collector","ascension_level":8}