{"gold_per_floor":[110,126,76,96,110,110,144,144,144,171,171,171,187,222,222,324,324,336,24,34,34,34,63,63,97,124,157,157,176,176,191,191,292,292,308,327,33,33,133,164,164,175,199,225,242,242,269,25,25,25,25,25,25,58,58],"floor_reached":56,"playtime":5081,"items_purged":["Strike_B+1","Strike_B+1"],"score":1842,"play_id":"7ee8c4a0-a560-4b06-b62f-83b8421ec753","local_time":"20190417183638","is_ascension_mode":true,"campfire_choices":[{"data":"Defragment","floor":6.0,"key":"SMITH"},{"data":"Zap","floor":8.0,"key":"SMITH"},{"floor":11.0,"key":"REST"},{"data":"Reinforced Body","floor":15.0,"key":"SMITH"},{"data":"Seek","floor":24.0,"key":"SMITH"},{"data":"Seek","floor":28.0,"key":"SMITH"},{"data":"Coolheaded","floor":32.0,"key":"SMITH"},{"floor":46,"key":"RECALL"},{"floor":49,"key":"REST"},{"floor":52,"key":"REST"}],"neow_cost":"NONE","seed_source_timestamp":42632725559688,"circlet_count":0,"master_deck":["Strike_B+1","Defend_B+1","Defend_B+1","Defend_B+1","Defend_B+1","Zap+1","Dualcast","Machine Learning","FTL+1","Ball Lightning+1","Defragment+1","Conserve Battery","Coolheaded+1","Reinforced Body+1","Seek+1","Echo Form","Turbo+1","BootSequence","Steam","Seek+1","Leap+1","Hologram","Go for the Eyes+1","Biased Cognition","Hologram","Cold Snap+1","Coolheaded","Coolheaded","Coolheaded+1","All For One+1","Undo","BootSequence+1"],"special_seed":0,"relics":["The Courier","WingedGreaves","Incense Burner","DataDisk","Eternal Feather","Runic Capacitor","PreservedInsect","Nloth\u0027s Gift","Symbiotic Virus","Emotion Chip","Regal Pillow","Meat on the Bone","Fusion Hammer","ClockworkSouvenir","Dead Branch","Molten Egg 2","Happy Flower","Whetstone","OrangePellets","Oddly Smooth Stone"],"potions_floor_usage":[55,55,55,55],"damage_taken":[{"damage":3.0,"enemies":"2 Louse","floor":1.0,"turns":3.0},{"damage":0.0,"enemies":"Small Slimes","floor":2.0,"turns":2.0},{"damage":0.0,"enemies":"Cultist","floor":4.0,"turns":3.0},{"damage":15.0,"enemies":"Lots of Slimes","floor":5.0,"turns":4.0},{"damage":15.0,"enemies":"Lagavulin","floor":7.0,"turns":6.0},{"damage":14.0,"enemies":"Gremlin Nob","floor":10.0,"turns":4.0},{"damage":7.0,"enemies":"Exordium Thugs","floor":13.0,"turns":4.0},{"damage":9.0,"enemies":"Lagavulin","floor":14.0,"turns":6.0},{"damage":0.0,"enemies":"Slime Boss","floor":16.0,"turns":5.0},{"damage":0.0,"enemies":"Chosen","floor":18.0,"turns":5.0},{"damage":1.0,"enemies":"3 Byrds","floor":20.0,"turns":5.0},{"damage":28.0,"enemies":"Book of Stabbing","floor":23.0,"turns":5.0},{"damage":31.0,"enemies":"Gremlin Leader","floor":25.0,"turns":6.0},{"damage":19.0,"enemies":"Slavers","floor":27.0,"turns":5.0},{"damage":4.0,"enemies":"Sentry and Sphere","floor":29.0,"turns":5.0},{"damage":11.0,"enemies":"Cultist and Chosen","floor":31.0,"turns":5.0},{"damage":3.0,"enemies":"Automaton","floor":33.0,"turns":9.0},{"damage":8.0,"enemies":"3 Darklings","floor":35.0,"turns":4.0},{"damage":0.0,"enemies":"3 Shapes","floor":36.0,"turns":3.0},{"damage":0,"enemies":"Mind Bloom Boss Battle","floor":39,"turns":3},{"damage":2,"enemies":"Nemesis","floor":40,"turns":7},{"damage":0,"enemies":"Spire Growth","floor":42,"turns":4},{"damage":0,"enemies":"Giant Head","floor":44,"turns":6},{"damage":0,"enemies":"3 Darklings","floor":45,"turns":7},{"damage":0,"enemies":"Reptomancer","floor":47,"turns":5},{"damage":0,"enemies":"Awakened One","floor":50,"turns":11},{"damage":0,"enemies":"Shield and Spear","floor":54,"turns":6},{"damage":21,"enemies":"The Heart","floor":55,"turns":12}],"seed_played":"3796626865126861870","potions_obtained":[{"floor":1.0,"key":"Weak Potion"},{"floor":4.0,"key":"Block Potion"},{"floor":10.0,"key":"Energy Potion"},{"floor":12.0,"key":"Fruit Juice"},{"floor":12.0,"key":"Strength Potion"},{"floor":12.0,"key":"Fruit Juice"},{"floor":13.0,"key":"Fire Potion"},{"floor":14.0,"key":"SteroidPotion"},{"floor":18.0,"key":"PowerPotion"},{"floor":33.0,"key":"Block Potion"},{"floor":39,"key":"SmokeBomb"},{"floor":40,"key":"Swift Potion"},{"floor":45,"key":"EntropicBrew"}],"is_trial":false,"path_per_floor":["M","M","?","M","M","R","E","R","T","E","R","?","M","E","R","B",null,"M","$","M","?","?","E","R","E","T","E","R","M","?","M","R","B",null,"M","M","$","?","?","E","?","M","T","E","M","R","E","$","R","B",null,"R","$","E","B",null],"character_chosen":"DEFECT","items_purchased":["Runic Capacitor","PreservedInsect","BootSequence","ClockworkSouvenir","Coolheaded","Coolheaded","OrangePellets"],"campfire_rested":3,"item_purchase_floors":[19,19,19,37,37,37,48],"current_hp_per_floor":[65,65,65,65,50,50,35,35,35,21,43,48,46,37,37,37,73,73,73,72,72,72,44,56,25,25,6,18,26,26,27,42,51,77,69,69,69,69,69,67,67,67,67,67,67,85,85,85,85,85,85,85,85,85,64],"gold":58,"neow_bonus":"ONE_RANDOM_RARE_CARD","is_prod":false,"is_daily":false,"chose_seed":false,"campfire_upgraded":6,"win_rate":0,"timestamp":1555551398,"path_taken":["M","M","?","M","M","R","E","R","T","E","R","?","?","E","R","BOSS","M","$","?","?","?","E","R","E","T","E","R","?","?","M","R","BOSS","M","M","$","?","?","E","?","M","T","E","M","R","E","?","R","BOSS","R","$","E","BOSS"],"build_version":"2019-01-23","purchased_purges":2,"victory":true,"max_hp_per_floor":[75,75,75,75,75,75,75,75,75,75,75,80,85,85,85,85,85,85,85,85,85,85,85,85,85,85,85,85,85,85,85,85,85,85,85,85,85,85,85,85,85,85,85,85,85,85,85,85,85,85,85,85,85,85,85],"card_choices":[{"not_picked":["Consume","Hologram"],"picked":"FTL","floor":1.0},{"not_picked":["Streamline","Darkness"],"picked":"Ball Lightning","floor":2.0},{"not_picked":["Beam Cell","Chill"],"picked":"Defragment","floor":4.0},{"not_picked":["Redo","Gash"],"picked":"Compile Driver","floor":5.0},{"not_picked":["Recycle","Aggregate"],"picked":"Conserve Battery","floor":7.0},{"not_picked":["Streamline","Reprogram"],"picked":"Coolheaded","floor":10.0},{"not_picked":["Coolheaded","Hologram"],"picked":"Reinforced Body","floor":13.0},{"not_picked":["Coolheaded","Sunder"],"picked":"Seek","floor":14.0},{"not_picked":["Electrodynamics","Core Surge"],"picked":"Echo Form","floor":16.0},{"not_picked":["Rebound","Leap"],"picked":"Turbo+1","floor":18.0},{"not_picked":["Compile Driver","Turbo"],"picked":"Steam","floor":20.0},{"not_picked":["Beam Cell","Meteor Strike"],"picked":"Seek","floor":23.0},{"not_picked":["Turbo","Thunder Strike","Aggregate"],"picked":"SKIP","floor":25.0},{"not_picked":["Auto Shields+1","Gash"],"picked":"Leap+1","floor":27.0},{"not_picked":["Stack","Go for the Eyes+1"],"picked":"Hologram","floor":29.0},{"not_picked":["Leap","Aggregate"],"picked":"Go for the Eyes+1","floor":31.0},{"not_picked":["Meteor Strike","Core Surge"],"picked":"Biased Cognition","floor":33.0},{"not_picked":["Seek","Rebound"],"picked":"Hologram","floor":35.0},{"not_picked":["Rebound+1","Recycle"],"picked":"Cold Snap+1","floor":36.0},{"not_picked":["Sweeping Beam","Darkness"],"picked":"Coolheaded+1","floor":39},{"not_picked":["Rebound","Coolheaded+1"],"picked":"All For One","floor":40},{"not_picked":["Sweeping Beam+1","Conserve Battery","Recycle"],"picked":"SKIP","floor":42},{"not_picked":["Steam","Ball Lightning+1","Gash+1"],"picked":"SKIP","floor":44},{"not_picked":["Rebound+1","Auto Shields+1"],"picked":"Undo","floor":45},{"not_picked":["Ball Lightning+1","Streamline+1"],"picked":"BootSequence+1","floor":47},{"not_picked":["Conserve Battery+1","Gash+1","Aggregate+1"],"picked":"SKIP","floor":54}],"player_experience":234192,"relics_obtained":[{"floor":7.0,"key":"The Courier"},{"floor":9.0,"key":"WingedGreaves"},{"floor":10.0,"key":"Incense Burner"},{"floor":14.0,"key":"DataDisk"},{"floor":23.0,"key":"Symbiotic Virus"},{"floor":25.0,"key":"Emotion Chip"},{"floor":26.0,"key":"Regal Pillow"},{"floor":27.0,"key":"Meat on the Bone"},{"floor":39,"key":"Dead Branch"},{"floor":40,"key":"Molten Egg 2"},{"floor":44,"key":"Happy Flower"},{"floor":47,"key":"Whetstone"},{"floor":54,"key":"Oddly Smooth Stone"}],"event_choices":[{"cards_removed":["Strike_B"],"damage_healed":0.0,"max_hp_gain":0.0,"max_hp_loss":0.0,"gold_gain":0.0,"event_name":"The Cleric","player_choice":"Card Removal","floor":3.0,"gold_loss":50.0,"damage_taken":0.0},{"damage_healed":0.0,"max_hp_gain":0.0,"max_hp_loss":0.0,"gold_gain":0.0,"event_name":"Lab","player_choice":"Got Potions","floor":12.0,"gold_loss":0.0,"damage_taken":0.0},{"damage_healed":0.0,"max_hp_gain":0.0,"max_hp_loss":0.0,"gold_gain":0.0,"event_name":"Vampires","player_choice":"Ignored","floor":21.0,"gold_loss":0.0,"damage_taken":0.0},{"damage_healed":0.0,"max_hp_gain":0.0,"max_hp_loss":0.0,"gold_gain":0.0,"event_name":"N\u0027loth","player_choice":"Traded Relic","floor":22.0,"relics_lost":["Cracked Core"],"gold_loss":0.0,"damage_taken":0.0,"relics_obtained":["Nloth\u0027s Gift"]},{"damage_healed":0.0,"max_hp_gain":0.0,"max_hp_loss":0.0,"gold_gain":0.0,"event_name":"Back to Basics","player_choice":"Simplicity","floor":30.0,"gold_loss":0.0,"damage_taken":0.0,"cards_upgraded":["Strike_B","Strike_B","Strike_B","Defend_B","Defend_B","Defend_B","Defend_B"]},{"cards_removed":["Compile Driver"],"damage_healed":0,"gold_gain":0,"player_choice":"Removed Attack","damage_taken":0,"max_hp_gain":0,"max_hp_loss":0,"event_name":"Falling","floor":38,"gold_loss":0},{"damage_healed":0,"gold_gain":0,"player_choice":"Fight","damage_taken":0,"max_hp_gain":0,"max_hp_loss":0,"event_name":"MindBloom","floor":39,"gold_loss":0},{"damage_healed":0,"gold_gain":0,"player_choice":"Memory 1","damage_taken":0,"max_hp_gain":0,"max_hp_loss":0,"event_name":"SensoryStone","floor":41,"gold_loss":0}],"is_beta":false,"boss_relics":[{"not_picked":["Runic Dome","Tiny House"],"picked":"Eternal Feather"},{"not_picked":["Empty Cage","Lizard Tail"],"picked":"Fusion Hammer"}],"items_purged_floors":[37,48],"is_endless":false,"potions_floor_spawned":[1,4,10,13,14,18,20,23,33,39,40,42,45],"ascension_level":7}