{"gold_per_floor":[112,132,150,221,240,240,266,266,266,31,56,56,56,74,74,179,179,194,214,214,225,225],"floor_reached":22,"playtime":925,"items_purged":[],"score":245,"play_id":"f96b4f82-9832-4558-8432-47c4dfbf58d3","local_time":"20190118191554","is_ascension_mode":true,"campfire_choices":[{"data":"Zap","floor":6,"key":"SMITH"},{"data":"Dualcast","floor":8,"key":"SMITH"},{"floor":13,"key":"REST"},{"data":"Apotheosis","floor":15,"key":"SMITH"}],"neow_cost":"NONE","seed_source_timestamp":10526799459400,"circlet_count":0,"master_deck":["Strike_B","Strike_B","Strike_B","Strike_B","Defend_B","Defend_B","Defend_B","Defend_B","Zap+1","Dualcast+1","Doom and Gloom","Storm","Reinforced Body","Skim","Gash","Apotheosis+1","Self Repair","Tempest","All For One+1","Rainbow","Self Repair","Defragment","Defragment"],"relics":["Cracked Core","Happy Flower","Molten Egg 2","Mango","Black Star","Bag of Preparation"],"potions_floor_usage":[7,14,16,19,21],"damage_taken":[{"damage":3,"enemies":"Jaw Worm","floor":1,"turns":4},{"damage":10,"enemies":"Small Slimes","floor":2,"turns":3},{"damage":0,"enemies":"Cultist","floor":3,"turns":4},{"damage":7,"enemies":"2 Fungi Beasts","floor":5,"turns":4},{"damage":25,"enemies":"Lagavulin","floor":7,"turns":5},{"damage":28,"enemies":"3 Sentries","floor":11,"turns":6},{"damage":1,"enemies":"Looter","floor":14,"turns":3},{"damage":19,"enemies":"The Guardian","floor":16,"turns":11},{"damage":33,"enemies":"2 Thieves","floor":18,"turns":4},{"damage":1,"enemies":"Chosen","floor":19,"turns":5},{"damage":25,"enemies":"3 Cultists","floor":21,"turns":4},{"damage":47,"enemies":"Shelled Parasite and Fungi","floor":22,"turns":5}],"seed_played":"5546315925910684822","potions_obtained":[{"floor":1,"key":"FocusPotion"},{"floor":2,"key":"Strength Potion"},{"floor":7,"key":"SpeedPotion"},{"floor":18,"key":"Weak Potion"},{"floor":19,"key":"PowerPotion"}],"is_trial":false,"path_per_floor":["M","M","M","?","M","R","E","R","T","$","E","?","R","M","R","B",null,"M","M","?","M","M"],"character_chosen":"DEFECT","items_purchased":["Apotheosis","Self Repair"],"campfire_rested":1,"item_purchase_floors":[10,10],"current_hp_per_floor":[72,62,62,62,55,55,30,30,30,30,26,26,52,58,58,49,79,56,72,72,47,0],"gold":225,"neow_bonus":"THREE_CARDS","is_prod":false,"is_daily":false,"chose_seed":false,"campfire_upgraded":3,"win_rate":0,"timestamp":1547856954,"path_taken":["M","M","M","?","M","R","E","R","T","$","E","?","R","M","R","BOSS","M","M","?","?","M"],"build_version":"2019-01-17v2","purchased_purges":0,"victory":false,"max_hp_per_floor":[75,75,75,75,75,75,75,75,75,75,89,89,89,89,89,89,89,89,89,89,89,89],"card_choices":[{"not_picked":["Go for the Eyes","Rebound"],"picked":"Doom and Gloom","floor":0},{"not_picked":["Sweeping Beam","Go for the Eyes"],"picked":"Storm","floor":1},{"not_picked":["Blizzard","Go for the Eyes"],"picked":"Reinforced Body","floor":2},{"not_picked":["Streamline","Steam"],"picked":"Skim","floor":3},{"not_picked":["Aggregate","Lockon"],"picked":"Gash","floor":5},{"not_picked":["Barrage","Sunder"],"picked":"Heatsinks","floor":7},{"not_picked":["Redo","Beam Cell+1"],"picked":"Tempest","floor":11},{"not_picked":["Go for the Eyes+1","Beam Cell+1"],"picked":"All For One+1","floor":14},{"not_picked":["Machine Learning","Core Surge+1"],"picked":"Rainbow","floor":16},{"not_picked":["Ball Lightning+1","Recycle"],"picked":"Self Repair","floor":18},{"not_picked":["Leap+1","Coolheaded"],"picked":"Defragment","floor":19},{"not_picked":["Coolheaded+1","Hologram"],"picked":"Defragment","floor":21}],"player_experience":351448,"relics_obtained":[{"floor":7,"key":"Happy Flower"},{"floor":9,"key":"Molten Egg 2"},{"floor":11,"key":"Mango"}],"event_choices":[{"damage_healed":0,"gold_gain":71,"player_choice":"Gained Gold","damage_taken":0,"max_hp_gain":0,"max_hp_loss":0,"event_name":"Golden Wing","floor":4,"gold_loss":0},{"damage_healed":0,"gold_gain":0,"player_choice":"Searched \u00270\u0027 times","damage_taken":0,"max_hp_gain":0,"max_hp_loss":0,"event_name":"Dead Adventurer","floor":12,"gold_loss":0},{"cards_removed":["Heatsinks"],"damage_healed":0,"gold_gain":0,"player_choice":"Gave Card","damage_taken":0,"relics_obtained":["Bag of Preparation"],"max_hp_gain":0,"max_hp_loss":0,"event_name":"WeMeetAgain","floor":20,"gold_loss":0}],"is_beta":false,"boss_relics":[{"not_picked":["White Beast Statue","Calling Bell"],"picked":"Black Star"}],"items_purged_floors":[],"is_endless":false,"potions_floor_spawned":[1,2,7,18,19],"killed_by":"Shelled Parasite and Fungi","ascension_level":5}