{"gold_per_floor":[109,109,122,142,155,155,181,181,181,199,199,264,314,157,157,231,231,244,8,18,68,88,88,154,204,204,214,264,264],"floor_reached":29,"playtime":1274,"items_purged":["Strike_B"],"score":457,"play_id":"0d95a6b4-b301-4564-933b-fb8dbe652d04","local_time":"20190420142650","is_ascension_mode":true,"campfire_choices":[{"data":"Hologram","floor":6.0,"key":"SMITH"},{"data":"Defragment","floor":11.0,"key":"SMITH"},{"floor":15.0,"key":"REST"},{"data":"Rainbow","floor":23.0,"key":"SMITH"}],"neow_cost":"NONE","seed_source_timestamp":443919208707700,"circlet_count":0,"master_deck":["AscendersBane","Strike_B","Strike_B","Strike_B","Defend_B","Defend_B","Defend_B","Defend_B","Zap","Dualcast","Rainbow+1","Gash","Capacitor","Coolheaded","Hologram+1","Self Repair","Defragment+1","Cold Snap+1","Gash+1","Core Surge+1","Seek","Glacier","White Noise+1","Defragment+1","Fission","Storm"],"special_seed":0,"relics":["Cracked Core","Molten Egg 2","SsserpentHead","Pear","Blood Vial","Velvet Choker","Membership Card","Nilry\u0027s Codex","Pantograph"],"potions_floor_usage":[29],"damage_taken":[{"damage":0.0,"enemies":"Small Slimes","floor":1.0,"turns":3.0},{"damage":11.0,"enemies":"Jaw Worm","floor":3.0,"turns":5.0},{"damage":11.0,"enemies":"Cultist","floor":4.0,"turns":5.0},{"damage":5.0,"enemies":"Blue Slaver","floor":5.0,"turns":4.0},{"damage":19.0,"enemies":"Lagavulin","floor":7.0,"turns":9.0},{"damage":7.0,"enemies":"Exordium Wildlife","floor":10.0,"turns":4.0},{"damage":17.0,"enemies":"3 Louse","floor":12.0,"turns":4.0},{"damage":0.0,"enemies":"The Guardian","floor":16.0,"turns":12.0},{"damage":14.0,"enemies":"2 Thieves","floor":18.0,"turns":4.0},{"damage":0.0,"enemies":"Spheric Guardian","floor":20.0,"turns":5.0},{"damage":12.0,"enemies":"Shelled Parasite and Fungi","floor":22.0,"turns":6.0},{"damage":6,"enemies":"Snecko","floor":24,"turns":5},{"damage":21,"enemies":"Snake Plant","floor":27,"turns":5},{"damage":47,"enemies":"Slavers","floor":29,"turns":3}],"seed_played":"4471507381901237652","potions_obtained":[{"floor":3.0,"key":"AttackPotion"},{"floor":7.0,"key":"EssenceOfSteel"},{"floor":10.0,"key":"Swift Potion"},{"floor":16.0,"key":"PowerPotion"},{"floor":20.0,"key":"SneckoOil"},{"floor":27,"key":"SteroidPotion"}],"is_trial":false,"path_per_floor":["M","?","M","M","M","R","E","?","T","M","R","M","?","$","R","B",null,"M","$","M","?","M","R","M","?","T","M","?","E"],"character_chosen":"DEFECT","items_purchased":["Gash+1","Core Surge+1","Membership Card"],"campfire_rested":1,"item_purchase_floors":[14,14,19],"current_hp_per_floor":[68,68,57,46,41,41,22,22,32,32,32,22,4,4,29,38,73,61,61,70,70,67,67,70,54,54,42,42,0],"gold":264,"neow_bonus":"ONE_RANDOM_RARE_CARD","is_prod":false,"is_daily":false,"chose_seed":false,"campfire_upgraded":3,"win_rate":0,"timestamp":1555784810,"path_taken":["M","?","M","M","M","R","E","?","T","M","R","?","?","?","R","BOSS","M","$","M","?","M","R","?","?","T","M","?","E"],"build_version":"2019-01-23","purchased_purges":1,"victory":false,"max_hp_per_floor":[75,75,75,75,75,75,75,75,85,85,85,85,85,85,85,85,85,85,85,85,85,85,85,85,85,85,85,85,85],"card_choices":[{"not_picked":["Hologram","Turbo"],"picked":"Gash","floor":1.0},{"not_picked":["Glacier","Cold Snap"],"picked":"Capacitor","floor":3.0},{"not_picked":["Leap","Turbo"],"picked":"Coolheaded","floor":4.0},{"not_picked":["Go for the Eyes","Recycle"],"picked":"Hologram","floor":5.0},{"not_picked":["Chaos","Scrape"],"picked":"Self Repair","floor":7.0},{"not_picked":["Auto Shields","Leap"],"picked":"Defragment","floor":10.0},{"not_picked":["Rebound+1","Scrape+1"],"picked":"Cold Snap+1","floor":12.0},{"not_picked":["Thunder Strike+1","All For One+1"],"picked":"Seek","floor":16.0},{"not_picked":["Cold Snap+1","Go for the Eyes+1"],"picked":"Glacier","floor":18.0},{"not_picked":["Scrape+1","Leap"],"picked":"White Noise+1","floor":20.0},{"not_picked":["Heatsinks+1","Beam Cell+1","Cold Snap+1"],"picked":"SKIP","floor":22.0},{"not_picked":["Rebound+1","Sweeping Beam+1","Genetic Algorithm+1"],"picked":"SKIP","floor":24},{"not_picked":["Sweeping Beam+1","Self Repair"],"picked":"Fission","floor":27}],"player_experience":601664,"relics_obtained":[{"floor":7.0,"key":"Molten Egg 2"},{"floor":9.0,"key":"Pear"},{"floor":25,"key":"Nilry\u0027s Codex"},{"floor":26,"key":"Pantograph"}],"event_choices":[{"damage_healed":0.0,"max_hp_gain":0.0,"max_hp_loss":0.0,"gold_gain":0.0,"event_name":"The Cleric","player_choice":"Leave","floor":2.0,"gold_loss":0.0,"damage_taken":0.0},{"damage_healed":0.0,"max_hp_gain":0.0,"max_hp_loss":0.0,"gold_gain":0.0,"event_name":"FaceTrader","player_choice":"Trade","floor":8.0,"gold_loss":0.0,"damage_taken":0.0,"relics_obtained":["SsserpentHead"]},{"damage_healed":0.0,"max_hp_gain":0.0,"max_hp_loss":0.0,"gold_gain":0.0,"event_name":"Scrap Ooze","player_choice":"Success","floor":13.0,"gold_loss":0.0,"damage_taken":18.0,"relics_obtained":["Blood Vial"]},{"damage_healed":0.0,"max_hp_gain":0.0,"max_hp_loss":0.0,"gold_gain":0.0,"event_name":"Duplicator","player_choice":"Copied","floor":21.0,"gold_loss":0.0,"damage_taken":0.0,"cards_obtained":["Defragment"]},{"damage_healed":0,"gold_gain":0,"player_choice":"Obtained Book","damage_taken":16,"max_hp_gain":0,"max_hp_loss":0,"event_name":"Cursed Tome","floor":25,"gold_loss":0},{"damage_healed":0,"gold_gain":0,"player_choice":"Read","damage_taken":0,"max_hp_gain":0,"max_hp_loss":0,"event_name":"The Library","floor":28,"gold_loss":0,"cards_obtained":["Storm"]}],"is_beta":false,"boss_relics":[{"not_picked":["Tiny House","Astrolabe"],"picked":"Velvet Choker"}],"items_purged_floors":[19],"is_endless":false,"potions_floor_spawned":[3,7,10,16,20,27],"killed_by":"Slavers","ascension_level":13}