{"gold_per_floor":[113,123,123,138,151,179,179,179],"floor_reached":8,"playtime":491,"items_purged":[],"score":73,"play_id":"3ff2d41c-a562-4464-bf26-ae4b65987f16","local_time":"20190301151336","is_ascension_mode":true,"campfire_choices":[{"data":"Genetic Algorithm","floor":7.0,"key":"SMITH"}],"neow_cost":"NONE","seed_source_timestamp":1579074814752,"circlet_count":0,"master_deck":["Strike_B","Strike_B","Strike_B","Strike_B","Defend_B","Defend_B","Defend_B","Defend_B","Zap","Dualcast","Genetic Algorithm+1","Leap","Cold Snap","Coolheaded","Darkness"],"special_seed":0,"relics":["Cracked Core","Smiling Mask"],"potions_floor_usage":[8],"damage_taken":[{"damage":5.0,"enemies":"Small Slimes","floor":1.0,"turns":4.0},{"damage":1.0,"enemies":"Cultist","floor":2.0,"turns":3.0},{"damage":4.0,"enemies":"Jaw Worm","floor":4.0,"turns":3.0},{"damage":1.0,"enemies":"Exordium Wildlife","floor":5.0,"turns":6.0},{"damage":24.0,"enemies":"3 Sentries","floor":6.0,"turns":8.0},{"damage":55,"enemies":"Gremlin Gang","floor":8,"turns":3}],"seed_played":"-699845357748879890","potions_obtained":[{"floor":2.0,"key":"Block Potion"},{"floor":3.0,"key":"Fruit Juice"},{"floor":3.0,"key":"PowerPotion"},{"floor":4.0,"key":"Weak Potion"}],"is_trial":false,"path_per_floor":["M","M","?","M","M","E","R","M"],"character_chosen":"DEFECT","items_purchased":[],"campfire_rested":0,"item_purchase_floors":[],"current_hp_per_floor":[77,76,76,77,76,52,52,0],"gold":179,"neow_bonus":"TEN_PERCENT_HP_BONUS","is_prod":false,"is_daily":false,"chose_seed":false,"campfire_upgraded":1,"win_rate":0,"timestamp":1551471216,"path_taken":["M","M","?","M","M","E","R","M"],"build_version":"2019-01-23","purchased_purges":0,"victory":false,"max_hp_per_floor":[82,82,82,87,87,87,87,87],"card_choices":[{"not_picked":["Beam Cell","Barrage"],"picked":"Genetic Algorithm","floor":1.0},{"not_picked":["Streamline","Reinforced Body"],"picked":"Leap","floor":2.0},{"not_picked":["Steam","Turbo"],"picked":"Cold Snap","floor":4.0},{"not_picked":["Turbo","Stack"],"picked":"Coolheaded","floor":5.0},{"not_picked":["Consume","Scrape"],"picked":"Darkness","floor":6.0}],"player_experience":240361,"relics_obtained":[{"floor":6.0,"key":"Smiling Mask"}],"event_choices":[{"damage_healed":0.0,"max_hp_gain":0.0,"max_hp_loss":0.0,"gold_gain":0.0,"event_name":"Lab","player_choice":"Got Potions","floor":3.0,"gold_loss":0.0,"damage_taken":0.0}],"is_beta":false,"boss_relics":[],"items_purged_floors":[],"is_endless":false,"potions_floor_spawned":[2,4],"killed_by":"Gremlin Gang","ascension_level":5}