{"gold_per_floor":[213,60,73,90,265,265,299,299,299,299,314,314,334,351,351,449,449,459,459,384,398,398,398,424,424,424,424,68,88,103,134,134,230,230,247,257,257,275,122,122,137,137,161,161,261,261,261,295,295,295],"floor_reached":50,"playtime":2530,"items_purged":["Defend_B"],"score":608,"play_id":"04a0498d-a061-4152-9f53-fea45bdcfe35","local_time":"20190214160213","is_ascension_mode":false,"campfire_choices":[{"data":"Streamline","floor":6.0,"key":"SMITH"},{"data":"Zap","floor":8.0,"key":"SMITH"},{"data":"Sweeping Beam","floor":10.0,"key":"SMITH"},{"data":"Hello World","floor":15.0,"key":"SMITH"},{"data":"Echo Form","floor":23.0,"key":"SMITH"},{"floor":25.0,"key":"RECALL"},{"floor":27.0,"key":"DIG"},{"floor":32.0,"key":"REST"},{"floor":40.0,"key":"REST"},{"data":"Echo Form","floor":44.0,"key":"SMITH"},{"floor":46.0,"key":"DIG"},{"floor":49.0,"key":"REST"}],"neow_cost":"NONE","seed_source_timestamp":0,"circlet_count":0,"master_deck":["Strike_B","Strike_B","Strike_B+1","Strike_B+1","Defend_B","Defend_B","Zap+1","Dualcast+1","Gash","Cold Snap+1","Sweeping Beam+1","Hello World+1","Beam Cell","Leap","Echo Form+1","Gash","Redo","Capacitor","Ball Lightning+1","Compile Driver+1","Rebound+1","Ball Lightning+1","Echo Form+1","Leap+1","Beam Cell+1","Strike_B","Cold Snap+1","Defragment","Heatsinks","Stack+1","Madness","Madness","Buffer","Cold Snap+1"],"special_seed":0,"relics":["Cracked Core","Bronze Scales","Bottled Lightning","FossilizedHelix","Black Star","Symbiotic Virus","Kunai","Molten Egg 2","Shovel","Blood Vial","Art of War","PreservedInsect","Bottled Flame","Inserter","Dream Catcher","Mango","Gambling Chip","Meat on the Bone","Whetstone"],"potions_floor_usage":[50,50],"damage_taken":[{"damage":0.0,"enemies":"2 Louse","floor":1.0,"turns":3.0},{"damage":11.0,"enemies":"Jaw Worm","floor":3.0,"turns":2.0},{"damage":5.0,"enemies":"Small Slimes","floor":4.0,"turns":3.0},{"damage":22.0,"enemies":"Lagavulin","floor":7.0,"turns":6.0},{"damage":0.0,"enemies":"Looter","floor":11.0,"turns":2.0},{"damage":0.0,"enemies":"Red Slaver","floor":13.0,"turns":3.0},{"damage":0.0,"enemies":"Exordium Wildlife","floor":14.0,"turns":2.0},{"damage":0.0,"enemies":"Slime Boss","floor":16.0,"turns":6.0},{"damage":10.0,"enemies":"Shell Parasite","floor":18.0,"turns":4.0},{"damage":5.0,"enemies":"Chosen","floor":21.0,"turns":4.0},{"damage":28.0,"enemies":"Slavers","floor":24.0,"turns":8.0},{"damage":0.0,"enemies":"Snecko","floor":29.0,"turns":4.0},{"damage":35.0,"enemies":"Snake Plant","floor":30.0,"turns":2.0},{"damage":0.0,"enemies":"Gremlin Leader","floor":31.0,"turns":5.0},{"damage":19.0,"enemies":"Champ","floor":33.0,"turns":10.0},{"damage":7.0,"enemies":"Orb Walker","floor":35.0,"turns":3.0},{"damage":0.0,"enemies":"3 Shapes","floor":36.0,"turns":5.0},{"damage":29.0,"enemies":"3 Darklings","floor":38.0,"turns":6.0},{"damage":0.0,"enemies":"Transient","floor":41.0,"turns":5.0},{"damage":3.0,"enemies":"Mind Bloom Boss Battle","floor":45.0,"turns":7.0},{"damage":43.0,"enemies":"Reptomancer","floor":48.0,"turns":6.0},{"damage":65,"enemies":"Awakened One","floor":50,"turns":5}],"seed_played":"-5919884825532433845","potions_obtained":[{"floor":3.0,"key":"Swift Potion"},{"floor":7.0,"key":"Regen Potion"},{"floor":13.0,"key":"SkillPotion"},{"floor":16.0,"key":"Swift Potion"},{"floor":21.0,"key":"SpeedPotion"},{"floor":29.0,"key":"Fruit Juice"},{"floor":33.0,"key":"Fire Potion"},{"floor":36.0,"key":"Energy Potion"}],"is_trial":false,"path_per_floor":["M","$","M","M","?","R","E","R","T","R","M","?","M","M","R","B",null,"M","?","?","M","?","R","E","R","T","R","$","M","M","E","R","B",null,"M","M","?","M","$","R","M","?","T","R","?","R","?","E","R","B"],"character_chosen":"DEFECT","items_purchased":["Bronze Scales","Capacitor","Art of War","Ball Lightning+1","AttackPotion","Dream Catcher"],"campfire_rested":3,"item_purchase_floors":[2,28,28,28,28,39],"current_hp_per_floor":[75,75,64,59,59,59,37,37,37,37,37,22,31,31,31,31,75,65,65,65,60,60,60,32,32,32,32,32,34,6,8,32,15,80,73,75,75,48,48,72,74,74,74,74,87,87,75,34,62,0],"gold":295,"neow_bonus":"HUNDRED_GOLD","is_prod":false,"is_daily":false,"chose_seed":false,"campfire_upgraded":6,"win_rate":0,"timestamp":1550178133,"path_taken":["M","$","M","M","?","R","E","R","T","R","M","?","M","M","R","BOSS","M","?","?","M","?","R","E","R","T","R","$","?","M","E","R","BOSS","M","M","?","?","$","R","M","?","T","R","?","R","?","E","R","BOSS"],"build_version":"2019-01-23","purchased_purges":1,"victory":false,"max_hp_per_floor":[75,75,75,75,75,75,75,75,75,75,75,75,75,75,75,75,75,75,75,75,75,75,75,75,75,75,75,75,75,80,80,80,80,80,80,80,80,80,80,80,80,80,80,80,94,94,94,94,94,94],"card_choices":[{"not_picked":["Steam","FTL"],"picked":"Streamline","floor":1.0},{"not_picked":["Turbo","BootSequence"],"picked":"Gash","floor":3.0},{"not_picked":["Storm","Go for the Eyes"],"picked":"Cold Snap","floor":4.0},{"not_picked":["Streamline","Cold Snap"],"picked":"Sweeping Beam","floor":7.0},{"not_picked":["Rebound","Ball Lightning"],"picked":"Hello World","floor":11.0},{"not_picked":["Reinforced Body","Stack"],"picked":"Beam Cell","floor":13.0},{"not_picked":["Rainbow","Tempest"],"picked":"Leap","floor":14.0},{"not_picked":["Rainbow","Amplify"],"picked":"Echo Form","floor":16.0},{"not_picked":["Sweeping Beam","Beam Cell","Compile Driver"],"picked":"SKIP","floor":18.0},{"not_picked":["Cold Snap","Chaos"],"picked":"Gash","floor":21.0},{"not_picked":["Sunder","Cold Snap"],"picked":"Redo","floor":24.0},{"not_picked":["Steam","Reprogram"],"picked":"Compile Driver+1","floor":29.0},{"not_picked":["White Noise","Cold Snap+1"],"picked":"Rebound+1","floor":30.0},{"not_picked":["Streamline+1","Ball Lightning+1","BootSequence"],"picked":"SKIP","floor":31.0},{"not_picked":["Streamline+1","BootSequence"],"picked":"Ball Lightning+1","floor":31.0},{"not_picked":["Creative AI","Rainbow"],"picked":"Echo Form","floor":33.0},{"not_picked":["Beam Cell+1","Reinforced Body"],"picked":"Leap+1","floor":35.0},{"not_picked":["Stack","Auto Shields+1"],"picked":"Beam Cell+1","floor":36.0},{"not_picked":["Leap","Glacier"],"picked":"Cold Snap+1","floor":38.0},{"not_picked":["Compile Driver+1","Conserve Battery"],"picked":"Defragment","floor":40.0},{"not_picked":["Leap+1","BootSequence+1"],"picked":"Heatsinks","floor":41.0},{"not_picked":["FTL+1","Doom and Gloom+1"],"picked":"Stack+1","floor":45.0},{"not_picked":["Stack","Ball Lightning+1"],"picked":"Buffer","floor":48.0},{"not_picked":["Redo","Sweeping Beam+1"],"picked":"Cold Snap+1","floor":49.0}],"player_experience":202736,"relics_obtained":[{"floor":7.0,"key":"Bottled Lightning"},{"floor":9.0,"key":"FossilizedHelix"},{"floor":24.0,"key":"Kunai"},{"floor":24.0,"key":"Molten Egg 2"},{"floor":26.0,"key":"Shovel"},{"floor":27.0,"key":"Blood Vial"},{"floor":31.0,"key":"PreservedInsect"},{"floor":31.0,"key":"Bottled Flame"},{"floor":45.0,"key":"Mango"},{"floor":46.0,"key":"Gambling Chip"},{"floor":48.0,"key":"Meat on the Bone"},{"floor":48.0,"key":"Whetstone"}],"event_choices":[{"damage_healed":0.0,"max_hp_gain":0.0,"max_hp_loss":0.0,"gold_gain":175.0,"event_name":"Liars Game","player_choice":"AGREE","floor":5.0,"gold_loss":0.0,"damage_taken":0.0,"cards_obtained":["Doubt"]},{"damage_healed":0.0,"max_hp_gain":0.0,"max_hp_loss":0.0,"gold_gain":0.0,"event_name":"Shining Light","player_choice":"Entered Light","floor":12.0,"gold_loss":0.0,"damage_taken":15.0,"cards_upgraded":["Dualcast","Cold Snap"]},{"damage_healed":0.0,"max_hp_gain":0.0,"max_hp_loss":0.0,"gold_gain":0.0,"event_name":"Ghosts","player_choice":"Ignored","floor":19.0,"gold_loss":0.0,"damage_taken":0.0},{"cards_removed":["Doubt"],"damage_healed":0.0,"max_hp_gain":0.0,"max_hp_loss":0.0,"gold_gain":0.0,"event_name":"Beggar","player_choice":"Gave Gold","floor":20.0,"gold_loss":75.0,"damage_taken":0.0},{"damage_healed":0.0,"max_hp_gain":0.0,"max_hp_loss":0.0,"gold_gain":0.0,"event_name":"WeMeetAgain","player_choice":"Gave Potion","floor":22.0,"gold_loss":0.0,"damage_taken":0.0,"relics_obtained":["Symbiotic Virus"]},{"cards_removed":["Streamline"],"damage_healed":0.0,"max_hp_gain":0.0,"max_hp_loss":0.0,"gold_gain":0.0,"event_name":"NoteForYourself","player_choice":"Took Card","floor":37.0,"gold_loss":0.0,"damage_taken":0.0,"cards_obtained":["Strike_B"]},{"cards_removed":["Defend_B"],"damage_healed":0.0,"max_hp_gain":0.0,"max_hp_loss":0.0,"gold_gain":0.0,"event_name":"Falling","player_choice":"Removed Skill","floor":42.0,"gold_loss":0.0,"damage_taken":0.0},{"damage_healed":0.0,"max_hp_gain":0.0,"max_hp_loss":0.0,"gold_gain":0.0,"event_name":"MindBloom","player_choice":"Fight","floor":45.0,"gold_loss":0.0,"damage_taken":0.0},{"damage_healed":0.0,"max_hp_gain":0.0,"max_hp_loss":0.0,"gold_gain":0.0,"event_name":"Winding Halls","player_choice":"Embrace Madness","floor":47.0,"gold_loss":0.0,"damage_taken":12.0,"cards_obtained":["Madness","Madness"]}],"is_beta":false,"boss_relics":[{"not_picked":["Orrery","Astrolabe"],"picked":"Black Star"},{"not_picked":["Calling Bell","Sozu"],"picked":"Inserter"}],"items_purged_floors":[28],"is_endless":false,"potions_floor_spawned":[3,7,13,16,21,29,33,36,45],"killed_by":"Awakened One","ascension_level":0}