{"gold_per_floor":[110,185,196,196,196,223,236,253,278,278,289,289,322,340,340,416,416,433,433,433,447,5,5],"floor_reached":23,"playtime":674,"items_purged":["Regret"],"score":452,"play_id":"ac8d8499-626b-48cd-a55d-0b327a87fe37","local_time":"20190418204333","is_ascension_mode":true,"campfire_choices":[{"data":"Consume","floor":10.0,"key":"SMITH"},{"floor":15.0,"key":"REST"}],"neow_cost":"NONE","seed_source_timestamp":14731853649446,"circlet_count":0,"master_deck":["AscendersBane","Strike_B","Strike_B","Strike_B","Defend_B","Defend_B","Defend_B","Defend_B","Zap+1","Dualcast+1","Coolheaded","Cold Snap","Echo Form","Go for the Eyes","Consume+1","Sunder","Rainbow","Capacitor","Core Surge","Glacier","BootSequence","Self Repair"],"special_seed":0,"relics":["Cracked Core","NeowsBlessing","Lantern","War Paint","Anchor","Kunai","Sozu","Cables"],"potions_floor_usage":[23,23],"damage_taken":[{"damage":0.0,"enemies":"Jaw Worm","floor":1.0,"turns":1.0},{"damage":0.0,"enemies":"2 Louse","floor":3.0,"turns":1.0},{"damage":0.0,"enemies":"Lagavulin","floor":6.0,"turns":1.0},{"damage":0.0,"enemies":"Small Slimes","floor":7.0,"turns":2.0},{"damage":11.0,"enemies":"Looter","floor":8.0,"turns":3.0},{"damage":2.0,"enemies":"Blue Slaver","floor":11.0,"turns":3.0},{"damage":17.0,"enemies":"3 Sentries","floor":13.0,"turns":9.0},{"damage":8.0,"enemies":"3 Louse","floor":14.0,"turns":3.0},{"damage":14.0,"enemies":"Slime Boss","floor":16.0,"turns":9.0},{"damage":2.0,"enemies":"Spheric Guardian","floor":18.0,"turns":4.0},{"damage":20.0,"enemies":"3 Byrds","floor":21.0,"turns":5.0},{"damage":29,"enemies":"Slavers","floor":23,"turns":4}],"seed_played":"-7836387312401636874","potions_obtained":[{"floor":6.0,"key":"GamblersBrew"},{"floor":11.0,"key":"Strength Potion"},{"floor":14.0,"key":"Fire Potion"},{"floor":16.0,"key":"FearPotion"}],"is_trial":false,"path_per_floor":["M","?","M","?","?","E","M","M","T","R","M","?","E","M","R","B",null,"M","?","?","M","$","E"],"character_chosen":"DEFECT","items_purchased":["Cables","Self Repair"],"campfire_rested":1,"item_purchase_floors":[22,22],"current_hp_per_floor":[64,53,53,46,46,46,46,35,35,35,33,33,16,8,29,15,57,55,55,35,15,15,0],"gold":5,"neow_bonus":"THREE_ENEMY_KILL","is_prod":false,"is_daily":false,"chose_seed":false,"campfire_upgraded":1,"win_rate":0,"timestamp":1555613013,"path_taken":["M","?","M","?","?","E","M","M","T","R","?","?","E","M","R","BOSS","M","?","?","M","$","E"],"build_version":"2019-04-04","purchased_purges":1,"victory":false,"max_hp_per_floor":[71,71,71,71,71,71,71,71,71,71,71,71,71,71,71,71,71,71,71,76,76,76,76],"card_choices":[{"not_picked":["Hologram","Reprogram"],"picked":"Coolheaded","floor":1.0},{"not_picked":["Barrage","Skim"],"picked":"Cold Snap","floor":3.0},{"not_picked":["Rebound","Redo"],"picked":"Echo Form","floor":6.0},{"not_picked":["Chaos","Auto Shields"],"picked":"Go for the Eyes","floor":7.0},{"not_picked":["Tempest","Static Discharge"],"picked":"Consume","floor":8.0},{"not_picked":["Consume","Ball Lightning"],"picked":"Sunder","floor":11.0},{"not_picked":["Stack","Steam Power"],"picked":"Rainbow","floor":13.0},{"not_picked":["Hologram","White Noise"],"picked":"Capacitor","floor":14.0},{"not_picked":["Thunder Strike","Machine Learning"],"picked":"Core Surge","floor":16.0},{"not_picked":["Reprogram","Force Field","Streamline"],"picked":"SKIP","floor":18.0},{"not_picked":["Aggregate","Redo"],"picked":"BootSequence","floor":21.0}],"player_experience":1161957,"relics_obtained":[{"floor":6.0,"key":"War Paint"},{"floor":9.0,"key":"Anchor"},{"floor":13.0,"key":"Kunai"}],"event_choices":[{"damage_healed":0.0,"max_hp_gain":0.0,"max_hp_loss":0.0,"gold_gain":75.0,"event_name":"World of Goop","player_choice":"Gather Gold","floor":2.0,"gold_loss":0.0,"damage_taken":11.0},{"cards_removed":["Strike_B"],"damage_healed":0.0,"max_hp_gain":0.0,"max_hp_loss":0.0,"gold_gain":0.0,"event_name":"Golden Wing","player_choice":"Card Removal","floor":4.0,"gold_loss":0.0,"damage_taken":7.0},{"damage_healed":0.0,"max_hp_gain":0.0,"max_hp_loss":0.0,"gold_gain":0.0,"event_name":"Big Fish","player_choice":"Box","floor":5.0,"gold_loss":0.0,"damage_taken":0.0,"relics_obtained":["Lantern"],"cards_obtained":["Regret"]},{"damage_healed":0.0,"max_hp_gain":0.0,"max_hp_loss":0.0,"gold_gain":0.0,"event_name":"Shining Light","player_choice":"Ignored","floor":12.0,"gold_loss":0.0,"damage_taken":0.0},{"damage_healed":0.0,"max_hp_gain":0.0,"max_hp_loss":0.0,"gold_gain":0.0,"event_name":"The Library","player_choice":"Read","floor":19.0,"gold_loss":0.0,"damage_taken":0.0,"cards_obtained":["Glacier"]},{"damage_healed":0.0,"max_hp_gain":5.0,"max_hp_loss":0.0,"gold_gain":0.0,"event_name":"Forgotten Altar","player_choice":"Shed Blood","floor":20.0,"gold_loss":0.0,"damage_taken":25.0}],"is_beta":true,"boss_relics":[{"not_picked":["Eternal Feather","Ectoplasm"],"picked":"Sozu"}],"items_purged_floors":[22],"is_endless":false,"potions_floor_spawned":[6,11,14,16,18,21],"killed_by":"Slavers","ascension_level":20}