{"gold_per_floor":[114,189,202,0,14,14,34,34,110,129,144,144,160,175,175,270,270,282,297,314,16,26,26,37,37,37,54,54,54,54,54,54,54],"floor_reached":33,"playtime":7534,"items_purged":["Strike_G"],"score":243,"play_id":"c95a9751-8ae2-4d4e-a079-f0965688e1ab","local_time":"20190216212051","is_ascension_mode":false,"campfire_choices":[{"data":"Poisoned Stab","floor":6,"key":"SMITH"},{"floor":12,"key":"REST"},{"floor":15,"key":"REST"},{"floor":23,"key":"REST"},{"data":"Skewer","floor":25,"key":"SMITH"},{"floor":32,"key":"REST"}],"neow_cost":"CURSE","seed_source_timestamp":118626807854601,"circlet_count":0,"master_deck":["Defend_G","Defend_G","Defend_G","Defend_G","Defend_G","Strike_G","Strike_G","Strike_G","Strike_G","Survivor","Neutralize","Regret","Corpse Explosion","Blade Dance","Deadly Poison","Infinite Blades","Bane","Poisoned Stab+1","Backstab","Dagger Spray","Bouncing Flask","Quick Slash","Corpse Explosion","Burst","Riddle With Holes+1","Outmaneuver+1","Backstab","Skewer+1","Prepared","Poisoned Stab","Pain","Poisoned Stab+1"],"relics":["Ring of the Snake","Centennial Puzzle","Bottled Lightning","Cursed Key","Orichalcum","Question Card","Oddly Smooth Stone","MutagenicStrength"],"potions_floor_usage":[16,19,20,33,33,33],"damage_taken":[{"damage":5,"enemies":"Jaw Worm","floor":1,"turns":5},{"damage":5,"enemies":"Cultist","floor":3,"turns":3},{"damage":9,"enemies":"Small Slimes","floor":5,"turns":3},{"damage":17,"enemies":"3 Louse","floor":7,"turns":2},{"damage":2,"enemies":"Large Slime","floor":10,"turns":5},{"damage":13,"enemies":"Looter","floor":11,"turns":2},{"damage":6,"enemies":"Exordium Thugs","floor":13,"turns":3},{"damage":4,"enemies":"3 Louse","floor":14,"turns":1},{"damage":32,"enemies":"The Guardian","floor":16,"turns":8},{"damage":17,"enemies":"2 Thieves","floor":18,"turns":3},{"damage":0,"enemies":"3 Byrds","floor":19,"turns":1},{"damage":14,"enemies":"Snake Plant","floor":20,"turns":4},{"damage":9,"enemies":"Cultist and Chosen","floor":22,"turns":3},{"damage":6,"enemies":"Snecko","floor":24,"turns":4},{"damage":11,"enemies":"Centurion and Healer","floor":27,"turns":2},{"damage":78,"enemies":"Automaton","floor":33,"turns":6}],"seed_played":"-2027354637996311216","potions_obtained":[{"floor":10,"key":"SteroidPotion"},{"floor":11,"key":"GhostInAJar"},{"floor":13,"key":"PowerPotion"},{"floor":16,"key":"Weak Potion"},{"floor":18,"key":"Fire Potion"},{"floor":20,"key":"Poison Potion"}],"is_trial":false,"path_per_floor":["?","?","?","?","?","?"],"character_chosen":"THE_SILENT","items_purchased":["Infinite Blades","Bane","Orichalcum","EssenceOfSteel","Skewer"],"campfire_rested":4,"item_purchase_floors":[4,4,21,21,21],"current_hp_per_floor":[65,54,49,49,40,40,23,23,23,21,8,29,23,19,40,8,70,53,53,39,39,30,51,45,45,45,34,34,34,34,34,55,0],"gold":54,"neow_bonus":"THREE_RARE_CARDS","is_prod":false,"is_daily":false,"chose_seed":false,"campfire_upgraded":2,"win_rate":0.0,"timestamp":1550352051,"path_taken":["M","?","M","$","M","R","M","?","T","M","M","R","M","M","R","BOSS","M","M","M","$","M","R","M","R","T","M","?","?","?","?","R","BOSS"],"build_version":"2019-01-23","purchased_purges":1,"victory":false,"max_hp_per_floor":[70,70,70,70,70,70,70,70,70,70,70,70,70,70,70,70,70,70,70,70,70,70,70,70,70,70,70,70,70,70,70,70,70],"card_choices":[{"not_picked":["Tools of the Trade","Glass Knife"],"picked":"Corpse Explosion","floor":0},{"not_picked":["Footwork","Blur"],"picked":"Blade Dance","floor":1},{"not_picked":["Dagger Spray","Predator"],"picked":"Deadly Poison","floor":3},{"not_picked":["Footwork","Outmaneuver"],"picked":"Poisoned Stab","floor":5},{"not_picked":["Sucker Punch","Footwork"],"picked":"Backstab","floor":7},{"not_picked":["Sucker Punch","Quick Slash"],"picked":"Dagger Spray","floor":10},{"not_picked":["Dodge and Roll","Reflex"],"picked":"Bouncing Flask","floor":11},{"not_picked":["Dagger Throw","Endless Agony"],"picked":"Quick Slash","floor":13},{"not_picked":["Sucker Punch","Eviscerate"],"picked":"Corpse Explosion","floor":14},{"not_picked":["Die Die Die","Glass Knife"],"picked":"Burst","floor":16},{"not_picked":["Tactician","Blade Dance"],"picked":"Riddle With Holes+1","floor":18},{"not_picked":["Reflex","Acrobatics"],"picked":"Outmaneuver+1","floor":19},{"not_picked":["Dash","Bane"],"picked":"Backstab","floor":20},{"not_picked":["Expertise","Acrobatics"],"picked":"Prepared","floor":22},{"not_picked":["Masterful Stab+1","Prepared+1"],"picked":"Poisoned Stab","floor":24},{"not_picked":["Underhanded Strike","Wraith Form v2","Dagger Throw"],"picked":"Poisoned Stab+1","floor":27}],"player_experience":10174,"relics_obtained":[{"floor":8,"key":"Centennial Puzzle"},{"floor":9,"key":"Bottled Lightning"},{"floor":26,"key":"Question Card"}],"event_choices":[{"damage_healed":0,"gold_gain":75,"player_choice":"Gather Gold","damage_taken":11,"max_hp_gain":0,"max_hp_loss":0,"event_name":"World of Goop","floor":2,"gold_loss":0},{"damage_healed":0,"gold_gain":0,"player_choice":"Relic","damage_taken":0,"max_hp_gain":0,"max_hp_loss":0,"event_name":"Wheel of Change","floor":8,"gold_loss":0},{"damage_healed":0,"gold_gain":0,"player_choice":"Opened","damage_taken":0,"relics_obtained":["Oddly Smooth Stone"],"max_hp_gain":0,"max_hp_loss":0,"event_name":"The Mausoleum","floor":28,"gold_loss":0},{"damage_healed":0,"gold_gain":0,"player_choice":"Ignored","damage_taken":0,"max_hp_gain":0,"max_hp_loss":0,"event_name":"Ghosts","floor":29,"gold_loss":0},{"damage_healed":0,"gold_gain":0,"player_choice":"Inject Mutagens","damage_taken":0,"relics_obtained":["MutagenicStrength"],"max_hp_gain":0,"max_hp_loss":0,"event_name":"Drug Dealer","floor":30,"gold_loss":0}],"is_beta":false,"boss_relics":[{"not_picked":["Busted Crown","HoveringKite"],"picked":"Cursed Key"}],"items_purged_floors":[4],"is_endless":false,"potions_floor_spawned":[10,11,13,14,16,18,20,24],"killed_by":"Automaton","ascension_level":0}