{"gold_per_floor":[116,116,116,130,143,202,202,231,254,254,271,302,302,302,302,379,379,397,397,415,385,53,79,89,89,89,89,121,21,40,40,40,111,111,131,149,165,189,189,224,236,248,260,299,311],"floor_reached":45,"playtime":2178,"items_purged":["Pain","Strike_B"],"score":1054,"play_id":"cdf7464d-a3a1-46d6-ade1-7450aa1bcccf","local_time":"20190417004623","is_ascension_mode":true,"campfire_choices":[{"floor":7.0,"key":"REST"},{"data":"Zap","floor":10.0,"key":"SMITH"},{"data":"Electrodynamics","floor":13.0,"key":"SMITH"},{"floor":15.0,"key":"REST"},{"floor":25.0,"key":"REST"},{"data":"Defragment","floor":27.0,"key":"SMITH"},{"data":"Capacitor","floor":32.0,"key":"SMITH"},{"floor":41.0,"key":"RECALL"}],"neow_cost":"CURSE","seed_source_timestamp":49771712196725,"circlet_count":0,"master_deck":["AscendersBane","Strike_B","Strike_B","Strike_B","Defend_B","Defend_B","Defend_B","Defend_B","Zap+1","Dualcast","Coolheaded","Conserve Battery","Electrodynamics+1","Seek","Skim","Hologram","Coolheaded","Conserve Battery","Biased Cognition","Leap","Defragment+1","Core Surge","Genetic Algorithm","Capacitor+1","Self Repair","Echo Form","Hologram","Coolheaded+1"],"special_seed":0,"relics":["Cracked Core","Prayer Wheel","Tiny Chest","Ancient Tea Set","Juzu Bracelet","Mercury Hourglass","WarpedTongs","Eternal Feather","Kunai","Strawberry","Omamori","Singing Bowl","StoneCalendar","Snecko Eye","MawBank","Symbiotic Virus","Orichalcum"],"potions_floor_usage":[],"damage_taken":[{"damage":5.0,"enemies":"2 Louse","floor":1.0,"turns":3.0},{"damage":11.0,"enemies":"Small Slimes","floor":4.0,"turns":3.0},{"damage":0.0,"enemies":"Cultist","floor":5.0,"turns":3.0},{"damage":8.0,"enemies":"3 Sentries","floor":6.0,"turns":3.0},{"damage":3.0,"enemies":"Lagavulin","floor":8.0,"turns":7.0},{"damage":0.0,"enemies":"Lots of Slimes","floor":11.0,"turns":1.0},{"damage":41.0,"enemies":"Gremlin Nob","floor":12.0,"turns":4.0},{"damage":34.0,"enemies":"The Guardian","floor":16.0,"turns":17.0},{"damage":34.0,"enemies":"Shell Parasite","floor":18.0,"turns":7.0},{"damage":16.0,"enemies":"Chosen","floor":20.0,"turns":3.0},{"damage":35.0,"enemies":"Slavers","floor":23.0,"turns":4.0},{"damage":0.0,"enemies":"Centurion and Healer","floor":24.0,"turns":5.0},{"damage":42.0,"enemies":"Gremlin Leader","floor":28.0,"turns":6.0},{"damage":0.0,"enemies":"3 Cultists","floor":30.0,"turns":4.0},{"damage":43.0,"enemies":"Collector","floor":33.0,"turns":7.0},{"damage":0.0,"enemies":"Orb Walker","floor":35.0,"turns":3.0},{"damage":9.0,"enemies":"3 Darklings","floor":36.0,"turns":2.0},{"damage":14.0,"enemies":"Jaw Worm Horde","floor":37.0,"turns":2.0},{"damage":31.0,"enemies":"Nemesis","floor":40.0,"turns":7.0},{"damage":28.0,"enemies":"Reptomancer","floor":44.0,"turns":7.0},{"damage":32,"enemies":"Transient","floor":45,"turns":5}],"seed_played":"-4131249051362192190","potions_obtained":[{"floor":1.0,"key":"Regen Potion"},{"floor":6.0,"key":"PowerPotion"},{"floor":11.0,"key":"Block Potion"},{"floor":16.0,"key":"Regen Potion"},{"floor":18.0,"key":"SpeedPotion"},{"floor":21.0,"key":"Energy Potion"},{"floor":21.0,"key":"Strength Potion"},{"floor":23.0,"key":"Explosive Potion"},{"floor":28.0,"key":"FearPotion"},{"floor":35.0,"key":"Block Potion"},{"floor":37.0,"key":"FocusPotion"}],"is_trial":false,"path_per_floor":["M","?","?","M","M","E","R","E","T","R","M","E","R","?","R","B",null,"M","?","M","?","$","E","M","R","T","R","E","$","M","?","R","B",null,"M","M","M","T","?","E","R","?","T","E","M"],"character_chosen":"DEFECT","items_purchased":["Strawberry","Regen Potion"],"campfire_rested":3,"item_purchase_floors":[22,22],"current_hp_per_floor":[59,52,52,41,41,33,54,66,66,66,66,25,25,25,46,12,56,37,37,21,21,28,5,5,43,43,58,16,16,27,82,82,49,74,86,77,74,74,74,52,67,67,67,51,19],"gold":311,"neow_bonus":"ONE_RARE_RELIC","is_prod":false,"is_daily":false,"chose_seed":false,"campfire_upgraded":4,"win_rate":0,"timestamp":1555454783,"path_taken":["M","?","?","?","M","E","R","E","T","R","M","E","R","?","R","BOSS","M","?","M","?","$","E","M","R","T","R","E","?","M","?","R","BOSS","M","M","M","?","?","E","R","?","T","E","M"],"build_version":"2019-04-04","purchased_purges":2,"victory":false,"max_hp_per_floor":[71,71,71,71,71,71,71,71,71,71,71,71,71,71,71,71,71,71,71,71,71,78,78,78,78,78,78,78,78,82,82,82,82,82,86,86,90,90,90,92,92,87,87,89,89],"card_choices":[{"not_picked":["Conserve Battery","Steam"],"picked":"Coolheaded","floor":1.0},{"not_picked":["Compile Driver","Steam"],"picked":"Conserve Battery","floor":1.0},{"not_picked":["Rebound","Steam"],"picked":"Seek","floor":4.0},{"not_picked":["Rebound","Steam Power"],"picked":"Skim","floor":4.0},{"not_picked":["Machine Learning","Barrage"],"picked":"Hologram","floor":5.0},{"not_picked":["Hello World","Sweeping Beam","Steam"],"picked":"SKIP","floor":5.0},{"not_picked":["Redo","Barrage","Heatsinks"],"picked":"SKIP","floor":6.0},{"not_picked":["Aggregate","Sweeping Beam","Melter"],"picked":"SKIP","floor":8.0},{"not_picked":["Melter","Redo"],"picked":"Coolheaded","floor":11.0},{"not_picked":["Conserve Battery","Steam","Stack"],"picked":"SKIP","floor":11.0},{"not_picked":["Redo","Recycle"],"picked":"Conserve Battery","floor":12.0},{"not_picked":["Rainbow","Meteor Strike"],"picked":"Biased Cognition","floor":16.0},{"not_picked":["Redo+1","Hologram"],"picked":"Leap","floor":18.0},{"not_picked":["Conserve Battery","Gash","Barrage"],"picked":"SKIP","floor":18.0},{"not_picked":["Beam Cell","Reprogram"],"picked":"Defragment","floor":20.0},{"not_picked":["Conserve Battery","Tempest"],"picked":"Core Surge","floor":20.0},{"not_picked":["Coolheaded","Leap"],"picked":"Genetic Algorithm","floor":23.0},{"not_picked":["White Noise","Loop"],"picked":"Capacitor","floor":24.0},{"not_picked":["Ball Lightning+1","Melter"],"picked":"Consume","floor":24.0},{"not_picked":["Consume+1","Heatsinks"],"picked":"Self Repair","floor":28.0},{"not_picked":["Static Discharge+1","Ball Lightning","Gash"],"picked":"Singing Bowl","floor":30.0},{"not_picked":["Recycle","Thunder Strike","Hologram"],"picked":"Singing Bowl","floor":30.0},{"not_picked":["Core Surge","Biased Cognition"],"picked":"Echo Form","floor":33.0},{"not_picked":["Steam","Conserve Battery","Ball Lightning"],"picked":"Singing Bowl","floor":35.0},{"not_picked":["Sunder+1","Undo","Gash"],"picked":"Singing Bowl","floor":35.0},{"not_picked":["Streamline","Capacitor"],"picked":"Hologram","floor":36.0},{"not_picked":["Biased Cognition","Compile Driver"],"picked":"Coolheaded+1","floor":36.0},{"not_picked":["Beam Cell","Hello World","Force Field"],"picked":"Singing Bowl","floor":37.0},{"not_picked":["Leap","Loop","Hyperbeam"],"picked":"Singing Bowl","floor":37.0},{"not_picked":["Compile Driver","Auto Shields+1","Scrape"],"picked":"Singing Bowl","floor":40.0},{"not_picked":["Stack+1","Gash","Cold Snap"],"picked":"Singing Bowl","floor":44.0}],"player_experience":1146645,"relics_obtained":[{"floor":6.0,"key":"Tiny Chest"},{"floor":8.0,"key":"Ancient Tea Set"},{"floor":9.0,"key":"Juzu Bracelet"},{"floor":12.0,"key":"Mercury Hourglass"},{"floor":23.0,"key":"Omamori"},{"floor":26.0,"key":"Singing Bowl"},{"floor":28.0,"key":"StoneCalendar"},{"floor":40.0,"key":"MawBank"},{"floor":43.0,"key":"Symbiotic Virus"},{"floor":44.0,"key":"Orichalcum"}],"event_choices":[{"cards_removed":["Injury"],"damage_healed":0.0,"max_hp_gain":0.0,"max_hp_loss":0.0,"gold_gain":0.0,"event_name":"Golden Wing","player_choice":"Card Removal","floor":2.0,"gold_loss":0.0,"damage_taken":7.0},{"damage_healed":0.0,"max_hp_gain":0.0,"max_hp_loss":0.0,"gold_gain":0.0,"event_name":"Match and Keep!","player_choice":"1 cards matched","floor":3.0,"gold_loss":0.0,"damage_taken":0.0,"cards_obtained":["Electrodynamics"]},{"damage_healed":0.0,"max_hp_gain":0.0,"max_hp_loss":0.0,"gold_gain":0.0,"event_name":"Accursed Blacksmith","player_choice":"Rummage","floor":14.0,"gold_loss":0.0,"damage_taken":0.0,"relics_obtained":["WarpedTongs"],"cards_obtained":["Pain"]},{"damage_healed":0.0,"max_hp_gain":0.0,"max_hp_loss":0.0,"gold_gain":0.0,"event_name":"WeMeetAgain","player_choice":"Gave Potion","floor":19.0,"gold_loss":0.0,"damage_taken":0.0,"relics_obtained":["Kunai"]},{"damage_healed":0.0,"max_hp_gain":0.0,"max_hp_loss":0.0,"gold_gain":0.0,"event_name":"The Woman in Blue","player_choice":"Bought 2 Potions","floor":21.0,"gold_loss":0.0,"damage_taken":0.0},{"cards_removed":["Consume"],"damage_healed":55.0,"max_hp_gain":0.0,"max_hp_loss":0.0,"gold_gain":0.0,"event_name":"Bonfire Elementals","player_choice":"Offered Uncommon","floor":31.0,"gold_loss":0.0,"damage_taken":0.0},{"damage_healed":0.0,"max_hp_gain":0.0,"max_hp_loss":0.0,"gold_gain":0.0,"event_name":"Tomb of Lord Red Mask","player_choice":"Ignored","floor":39.0,"gold_loss":0.0,"damage_taken":0.0},{"damage_healed":0.0,"max_hp_gain":0.0,"max_hp_loss":5.0,"gold_gain":0.0,"event_name":"Winding Halls","player_choice":"Max HP","floor":42.0,"gold_loss":0.0,"damage_taken":0.0}],"is_beta":true,"boss_relics":[{"not_picked":["FrozenCore","Black Star"],"picked":"Eternal Feather"},{"not_picked":["Philosopher\u0027s Stone","Runic Dome"],"picked":"Snecko Eye"}],"items_purged_floors":[22,29],"is_endless":false,"potions_floor_spawned":[1,6,11,16,18,23,28,30,35,37],"killed_by":"Transient","ascension_level":20}