{"path_per_floor":["M","M","M","?","M","M","R","M","T","M","E","M","$","M","R","B",null,"M","M","$"],"character_chosen":"IRONCLAD","items_purchased":["Panache","Pen Nib"],"gold_per_floor":[119,136,154,154,169,183,183,201,201,215,240,251,58,76,76,180,180,197,214,68],"floor_reached":21,"campfire_rested":0,"playtime":916,"current_hp_per_floor":[79,79,75,68,71,64,64,66,73,73,68,77,77,82,82,64,87,87,46,46],"items_purged":[],"gold":68,"score":187,"play_id":"c979912e-0aec-4979-a469-b78430aeea0a","is_prod":false,"is_daily":false,"is_ascension_mode":false,"campfire_upgraded":2,"path_taken":["M","M","M","?","M","M","R","M","T","M","E","M","$","M","R","BOSS","M","M","$","M"],"build_version":"2018-02-15-PROD1","purchased_purges":0,"victory":false,"master_deck":["Strike_R","Strike_R","Strike_R","Strike_R","Defend_R","Defend_R","Defend_R","Defend_R","Bash","Inflame","Rampage","Armaments+1","Shrug It Off","Whirlwind","Flex","Armaments","Panache+1","Spot Weakness","Double Tap"],"max_hp_per_floor":[80,80,80,80,80,80,80,80,87,87,87,87,87,87,87,87,87,87,87,87],"relics":["Black Blood","Lantern","Strawberry","Magic Flower","Pen Nib"],"card_choices":[{"not_picked":["Headbutt","Shockwave"],"picked":"Inflame"},{"not_picked":["Wild Strike","Pummel"],"picked":"Rampage"},{"not_picked":["Flex","Power Through"],"picked":"Armaments"},{"not_picked":["Burning Pact","Headbutt"],"picked":"Shrug It Off"},{"not_picked":["Burning Pact","Clash"],"picked":"Whirlwind"},{"not_picked":["Thunderclap","Havoc"],"picked":"Flex"},{"not_picked":["Juggernaut","Flame Barrier"],"picked":"Armaments"},{"not_picked":["Flex","Combust"],"picked":"Spot Weakness"},{"not_picked":["Brutality","Reaper"],"picked":"Double Tap"}],"player_experience":101842,"potions_floor_usage":[11,14,16,16,19],"damage_taken":[{"damage":7,"enemies":"2 Louse","floor":1,"turns":3},{"damage":6,"enemies":"Jaw Worm","floor":2,"turns":4},{"damage":10,"enemies":"Cultist","floor":3,"turns":4},{"damage":3,"enemies":"2 Fungi Beasts","floor":5,"turns":4},{"damage":13,"enemies":"3 Louse","floor":6,"turns":4},{"damage":4,"enemies":"Blue Slaver","floor":8,"turns":5},{"damage":6,"enemies":"Lots of Slimes","floor":10,"turns":4},{"damage":11,"enemies":"3 Sentries","floor":11,"turns":4},{"damage":0,"enemies":"Looter","floor":12,"turns":3},{"damage":4,"enemies":"Gremlin Gang","floor":14,"turns":3},{"damage":27,"enemies":"Slime Boss","floor":16,"turns":8},{"damage":2,"enemies":"3 Byrds","floor":18,"turns":5},{"damage":56,"enemies":"Chosen","floor":19,"turns":8},{"damage":47,"enemies":"Snake Plant","floor":21,"turns":4}],"event_choices":[{"event_name":"Golden Wing","player_choice":"Card Removal","floor":4,"damage_taken":0}],"boss_relics":[{"not_picked":["Cursed Key","Lizard Tail"],"picked":"Black Blood"}],"potions_floor_spawned":[1,5,12,14,16],"seed_played":"8435506146509717801","killed_by":"Snake Plant","ascension_level":0,"is_trial":false}