{"gold_per_floor":[118,118,169,319,6,39,39,4,29,62,62,62,80,91,91,163,163,176,176,176,191,191,191,220,239,239,239,264,282,296,296],"floor_reached":31,"playtime":819,"items_purged":["Strike_B"],"score":712,"play_id":"9d1976f4-3a3b-41ac-9434-57dcb090928a","local_time":"20190424225713","is_ascension_mode":true,"campfire_choices":[{"data":"Defragment","floor":7.0,"key":"SMITH"},{"data":"Panacea","floor":12.0,"key":"SMITH"},{"data":"Capacitor","floor":15.0,"key":"SMITH"},{"floor":23.0,"key":"REST"}],"neow_cost":"NONE","seed_source_timestamp":28349127742143,"circlet_count":0,"master_deck":["AscendersBane","Strike_B+1","Strike_B","Defend_B","Defend_B","Defend_B","Defend_B","Zap+1","Dualcast","Ball Lightning","Defragment+1","Leap","Panacea+1","Leap","Capacitor+1","Electrodynamics","Compile Driver","Cold Snap","Skim","Leap","Ghostly","Ghostly","Ghostly","Doom and Gloom+1","Genetic Algorithm"],"special_seed":0,"relics":["Cracked Core","NeowsBlessing","Omamori","Anchor","Strawberry","Blood Vial","Sozu","Enchiridion","Darkstone Periapt","PreservedInsect","Sundial"],"potions_floor_usage":[],"damage_taken":[{"damage":0.0,"enemies":"Small Slimes","floor":1.0,"turns":1.0},{"damage":0.0,"enemies":"3 Sentries","floor":6.0,"turns":1.0},{"damage":0.0,"enemies":"Lagavulin","floor":10.0,"turns":1.0},{"damage":0.0,"enemies":"Jaw Worm","floor":13.0,"turns":3.0},{"damage":0.0,"enemies":"2 Louse","floor":14.0,"turns":3.0},{"damage":66.0,"enemies":"Hexaghost","floor":16.0,"turns":10.0},{"damage":7.0,"enemies":"2 Thieves","floor":18.0,"turns":3.0},{"damage":9.0,"enemies":"Shell Parasite","floor":21.0,"turns":6.0},{"damage":25.0,"enemies":"Slavers","floor":24.0,"turns":3.0},{"damage":12.0,"enemies":"Sentry and Sphere","floor":25.0,"turns":4.0},{"damage":0.0,"enemies":"Gremlin Leader","floor":28.0,"turns":5.0},{"damage":0.0,"enemies":"3 Cultists","floor":29.0,"turns":2.0},{"damage":1,"enemies":"Snecko","floor":30,"turns":6},{"damage":24,"enemies":"Book of Stabbing","floor":31,"turns":4}],"seed_played":"-7562112973170215994","potions_obtained":[{"floor":10.0,"key":"Poison Potion"},{"floor":13.0,"key":"Weak Potion"},{"floor":16.0,"key":"GamblersBrew"}],"is_trial":false,"path_per_floor":["M","?","T","?","$","E","R","?","T","E","?","R","M","M","R","B",null,"M","?","?","M","T","R","E","M","T","?","E","M","M","E"],"character_chosen":"DEFECT","items_purchased":["Defragment","Leap","Panacea"],"campfire_rested":1,"item_purchase_floors":[5,5,5],"current_hp_per_floor":[64,43,43,43,43,43,43,60,67,67,67,67,69,71,71,7,60,55,34,34,27,27,50,27,17,17,17,19,21,22,0],"gold":296,"neow_bonus":"THREE_ENEMY_KILL","is_prod":false,"is_daily":false,"chose_seed":false,"campfire_upgraded":3,"win_rate":0,"timestamp":1556139433,"path_taken":["M","?","?","?","$","E","R","?","T","E","?","R","M","?","R","BOSS","M","?","?","M","?","R","E","?","T","?","E","M","M","E"],"build_version":"2019-04-23","purchased_purges":1,"victory":false,"max_hp_per_floor":[71,71,71,71,71,71,71,71,78,78,78,78,78,78,78,78,78,78,78,78,78,78,78,78,78,78,39,39,39,39,39],"card_choices":[{"not_picked":["Turbo","Skim"],"picked":"Ball Lightning","floor":1.0},{"not_picked":["Aggregate","Turbo"],"picked":"Leap","floor":6.0},{"not_picked":["Rebound","Ball Lightning","Turbo"],"picked":"SKIP","floor":10.0},{"not_picked":["Stack","Gash","Rebound"],"picked":"SKIP","floor":13.0},{"not_picked":["Seek","Cold Snap"],"picked":"Capacitor","floor":14.0},{"not_picked":["Fission","Machine Learning"],"picked":"Electrodynamics","floor":16.0},{"not_picked":["Recycle","Streamline"],"picked":"Compile Driver","floor":18.0},{"not_picked":["Stack","Turbo"],"picked":"Cold Snap","floor":21.0},{"not_picked":["Double Energy","Stack"],"picked":"Skim","floor":24.0},{"not_picked":["Gash","Sweeping Beam"],"picked":"Leap","floor":25.0},{"not_picked":["Sweeping Beam","Turbo","Streamline"],"picked":"SKIP","floor":28.0},{"not_picked":["Lockon","Sunder"],"picked":"Doom and Gloom+1","floor":29.0},{"not_picked":["Gash+1","Beam Cell"],"picked":"Genetic Algorithm","floor":30}],"player_experience":1210307,"relics_obtained":[{"floor":3.0,"key":"Omamori"},{"floor":6.0,"key":"Anchor"},{"floor":9.0,"key":"Strawberry"},{"floor":10.0,"key":"Blood Vial"},{"floor":19.0,"key":"Enchiridion"},{"floor":24.0,"key":"PreservedInsect"},{"floor":26.0,"key":"Sundial"}],"event_choices":[{"damage_healed":0.0,"max_hp_gain":0.0,"max_hp_loss":0.0,"gold_gain":0.0,"event_name":"Shining Light","player_choice":"Entered Light","floor":2.0,"gold_loss":0.0,"damage_taken":21.0,"cards_upgraded":["Strike_B","Zap"]},{"damage_healed":0.0,"max_hp_gain":0.0,"max_hp_loss":0.0,"gold_gain":150.0,"event_name":"Liars Game","player_choice":"AGREE","floor":4.0,"gold_loss":0.0,"damage_taken":0.0,"cards_obtained":["Doubt"]},{"damage_healed":17.0,"max_hp_gain":0.0,"max_hp_loss":0.0,"gold_gain":0.0,"event_name":"The Cleric","player_choice":"Healed","floor":8.0,"gold_loss":35.0,"damage_taken":0.0},{"cards_removed":["Strike_B"],"damage_healed":0.0,"max_hp_gain":0.0,"max_hp_loss":0.0,"gold_gain":0.0,"event_name":"Wheel of Change","player_choice":"Card Removal","floor":11.0,"gold_loss":0.0,"damage_taken":0.0},{"damage_healed":0.0,"max_hp_gain":0.0,"max_hp_loss":0.0,"gold_gain":0.0,"event_name":"Cursed Tome","player_choice":"Obtained Book","floor":19.0,"gold_loss":0.0,"damage_taken":21.0},{"damage_healed":0.0,"max_hp_gain":0.0,"max_hp_loss":0.0,"gold_gain":0.0,"event_name":"Addict","player_choice":"Stole Relic","floor":20.0,"gold_loss":0.0,"damage_taken":0.0,"relics_obtained":["Darkstone Periapt"],"cards_obtained":["Shame"]},{"damage_healed":0.0,"max_hp_gain":0.0,"max_hp_loss":39.0,"gold_gain":0.0,"event_name":"Ghosts","player_choice":"Became a Ghost","floor":27.0,"gold_loss":0.0,"damage_taken":0.0,"cards_obtained":["Ghostly","Ghostly","Ghostly"]}],"is_beta":true,"boss_relics":[{"not_picked":["Lizard Tail","Black Star"],"picked":"Sozu"}],"items_purged_floors":[5],"is_endless":false,"potions_floor_spawned":[10,13,16,21,25,28],"killed_by":"Book of Stabbing","ascension_level":20}