{"gold_per_floor":[216,232,164,184,194,229,229,257,337,337,337,371,382,482,482,577,577,592,255,275,275,275,301,301,301,325,78,78],"floor_reached":28,"playtime":1144,"items_purged":["Strike_B"],"score":330,"play_id":"79f930db-4e81-40c1-89da-0a70d6de818a","local_time":"20190207213001","is_ascension_mode":true,"campfire_choices":[{"data":"Zap","floor":7.0,"key":"SMITH"},{"data":"Beam Cell","floor":11,"key":"SMITH"},{"floor":15,"key":"REST"},{"floor":24,"key":"REST"}],"neow_cost":"NONE","seed_source_timestamp":41154959130600,"circlet_count":0,"master_deck":["Strike_B","Strike_B","Strike_B","Defend_B","Defend_B","Defend_B+1","Defend_B","Zap+1","Dualcast","Tempest","Gash","All For One","Beam Cell+1","Hologram","Hello World","BootSequence+1","Thunder Strike+1","Self Repair+1","Shame","Gash","Go for the Eyes+1","Self Repair+1","Gash"],"special_seed":0,"relics":["Cracked Core","Oddly Smooth Stone","Nunchaku","Bottled Flame","Boot","Sozu","Mummified Hand","Kunai","Incense Burner","War Paint","DollysMirror"],"potions_floor_usage":[8,12,28],"damage_taken":[{"damage":0.0,"enemies":"Cultist","floor":1.0,"turns":4.0},{"damage":2.0,"enemies":"Jaw Worm","floor":2.0,"turns":3.0},{"damage":0.0,"enemies":"Small Slimes","floor":4.0,"turns":2.0},{"damage":9.0,"enemies":"Red Slaver","floor":5.0,"turns":2.0},{"damage":24.0,"enemies":"Lagavulin","floor":6.0,"turns":5.0},{"damage":18,"enemies":"3 Sentries","floor":8,"turns":7},{"damage":10,"enemies":"Gremlin Nob","floor":12,"turns":3},{"damage":6,"enemies":"Large Slime","floor":13,"turns":3},{"damage":6,"enemies":"Hexaghost","floor":16,"turns":7},{"damage":3,"enemies":"3 Byrds","floor":18,"turns":5},{"damage":8,"enemies":"Shell Parasite","floor":20,"turns":4},{"damage":35,"enemies":"Slavers","floor":23,"turns":4},{"damage":48,"enemies":"Gremlin Leader","floor":28,"turns":2}],"seed_played":"-3367464480132836116","potions_obtained":[{"floor":1.0,"key":"Dexterity Potion"},{"floor":2.0,"key":"SkillPotion"},{"floor":4.0,"key":"FearPotion"},{"floor":8,"key":"Strength Potion"},{"floor":16,"key":"SteroidPotion"}],"is_trial":false,"path_per_floor":["M","M","$","M","M","E","R","E","T","?","R","E","M","?","R","B",null,"M","$","M","?","?","E","R","?","T","$","E"],"character_chosen":"DEFECT","items_purchased":["All For One","Mummified Hand","DollysMirror","Gash"],"campfire_rested":2,"item_purchase_floors":[3,19,27,27],"current_hp_per_floor":[68,66,66,66,57,33,33,15,15,40,40,30,24,24,46,40,66,63,63,55,55,55,20,42,42,42,42,0],"gold":78,"neow_bonus":"HUNDRED_GOLD","is_prod":false,"is_daily":false,"chose_seed":false,"campfire_upgraded":2,"win_rate":0,"timestamp":1549593001,"path_taken":["M","M","$","M","?","E","R","E","T","?","R","E","M","?","R","BOSS","M","?","M","?","?","E","R","?","T","$","E"],"build_version":"2019-01-23","purchased_purges":1,"victory":false,"max_hp_per_floor":[75,75,75,75,75,75,75,75,75,75,75,75,75,75,75,75,75,75,75,75,75,75,75,75,75,75,75,75],"card_choices":[{"not_picked":["Chaos","Heatsinks"],"picked":"Tempest","floor":1.0},{"not_picked":["Sweeping Beam","FTL"],"picked":"Gash","floor":2.0},{"not_picked":["Stack","Force Field","Reinforced Body"],"picked":"SKIP","floor":4.0},{"not_picked":["Hologram","Turbo"],"picked":"Beam Cell","floor":5.0},{"not_picked":["Rip and Tear","Static Discharge","Genetic Algorithm"],"picked":"SKIP","floor":6.0},{"not_picked":["Cold Snap","Sunder"],"picked":"Hologram","floor":8},{"not_picked":["Barrage","Static Discharge"],"picked":"Hello World","floor":12},{"not_picked":["Redo","Leap"],"picked":"BootSequence","floor":13},{"not_picked":["Hyperbeam","Rainbow"],"picked":"Thunder Strike","floor":16},{"not_picked":["Redo","Leap+1","Beam Cell"],"picked":"SKIP","floor":18},{"not_picked":["Ball Lightning","Beam Cell"],"picked":"Self Repair+1","floor":20},{"not_picked":["Heatsinks","Hologram"],"picked":"Go for the Eyes+1","floor":23}],"player_experience":410232,"relics_obtained":[{"floor":6.0,"key":"Oddly Smooth Stone"},{"floor":8,"key":"Nunchaku"},{"floor":9,"key":"Bottled Flame"},{"floor":12,"key":"Boot"},{"floor":23,"key":"Incense Burner"},{"floor":26,"key":"War Paint"}],"event_choices":[{"damage_healed":25,"gold_gain":0,"player_choice":"Banana","damage_taken":0,"max_hp_gain":0,"max_hp_loss":0,"event_name":"Big Fish","floor":10,"gold_loss":0},{"damage_healed":0,"gold_gain":100,"player_choice":"Pray","damage_taken":0,"max_hp_gain":0,"max_hp_loss":0,"event_name":"Golden Shrine","floor":14,"gold_loss":0},{"damage_healed":0,"gold_gain":0,"player_choice":"Stole Relic","damage_taken":0,"relics_obtained":["Kunai"],"max_hp_gain":0,"max_hp_loss":0,"event_name":"Addict","floor":21,"gold_loss":0,"cards_obtained":["Shame"]},{"damage_healed":0,"gold_gain":0,"player_choice":"Read","damage_taken":0,"max_hp_gain":0,"max_hp_loss":0,"event_name":"The Library","floor":22,"gold_loss":0,"cards_obtained":["Gash"]},{"damage_healed":0,"gold_gain":0,"player_choice":"Forge","damage_taken":0,"max_hp_gain":0,"max_hp_loss":0,"event_name":"Accursed Blacksmith","floor":25,"gold_loss":0,"cards_upgraded":["Thunder Strike"]}],"is_beta":false,"boss_relics":[{"not_picked":["Nuclear Battery","Inserter"],"picked":"Sozu"}],"items_purged_floors":[19],"is_endless":false,"potions_floor_spawned":[1,2,4,8,16,20,23],"killed_by":"Gremlin Leader","ascension_level":6}