{"gold_per_floor":[112,126,1,13,13,13,46,46,46,46,69,82,122,122,122,122],"floor_reached":16,"playtime":1648,"items_purged":[],"score":149,"play_id":"a1764778-94fe-4002-af22-df0d8d036b99","local_time":"20190323011921","is_ascension_mode":true,"campfire_choices":[{"data":"Neutralize","floor":6,"key":"SMITH"},{"data":"Backstab","floor":8,"key":"SMITH"},{"data":"Blur","floor":10,"key":"SMITH"},{"floor":15,"key":"REST"}],"neow_cost":"NONE","seed_source_timestamp":243172915141334,"circlet_count":0,"master_deck":["Defend_G","Defend_G","Defend_G","Defend_G","Defend_G","Strike_G","Strike_G","Strike_G","Strike_G","Strike_G","Survivor","Neutralize+1","Backstab+1","Dagger Throw","Backflip","Blur+1","Dodge and Roll","Choke+1","Dodge and Roll"],"relics":["Ring of the Snake","Golden Idol","FossilizedHelix","Bottled Lightning","Mummified Hand"],"potions_floor_usage":[7,13,16],"damage_taken":[{"damage":1,"enemies":"Small Slimes","floor":1,"turns":6},{"damage":8,"enemies":"Jaw Worm","floor":2,"turns":5},{"damage":0,"enemies":"2 Louse","floor":4,"turns":2},{"damage":32,"enemies":"3 Sentries","floor":7,"turns":11},{"damage":0,"enemies":"Blue Slaver","floor":11,"turns":4},{"damage":0,"enemies":"2 Fungi Beasts","floor":12,"turns":3},{"damage":21,"enemies":"Lagavulin","floor":13,"turns":10},{"damage":48,"enemies":"Hexaghost","floor":16,"turns":16}],"seed_played":"7696159356310542223","potions_obtained":[{"floor":11,"key":"PowerPotion"},{"floor":13,"key":"AttackPotion"}],"is_trial":false,"path_per_floor":["?","?"],"character_chosen":"THE_SILENT","items_purchased":["Dagger Throw","Regen Potion"],"campfire_rested":1,"item_purchase_floors":[3,3],"current_hp_per_floor":[69,61,61,61,61,61,44,44,44,44,44,44,23,23,44,0],"gold":122,"neow_bonus":"TEN_PERCENT_HP_BONUS","is_prod":false,"is_daily":false,"chose_seed":false,"campfire_upgraded":3,"win_rate":0,"timestamp":1553303961,"path_taken":["M","M","$","M","?","R","E","R","T","R","M","M","E","?","R","BOSS"],"build_version":"2019-01-23","purchased_purges":0,"victory":false,"max_hp_per_floor":[77,77,77,77,71,71,71,71,71,71,71,71,71,71,71,71],"card_choices":[{"not_picked":["Acrobatics","Blade Dance","Concentrate"],"picked":"SKIP","floor":1},{"not_picked":["Blade Dance","Slice"],"picked":"Backstab","floor":2},{"not_picked":["Blade Dance","Catalyst"],"picked":"Backflip","floor":4},{"not_picked":["Distraction","Doppelganger"],"picked":"Blur","floor":7},{"not_picked":["Flechettes","Outmaneuver"],"picked":"Dodge and Roll","floor":11},{"not_picked":["Prepared","Masterful Stab"],"picked":"Choke","floor":12},{"not_picked":["Bane","Deflect"],"picked":"Dodge and Roll","floor":13}],"player_experience":302780,"relics_obtained":[{"floor":7,"key":"FossilizedHelix"},{"floor":9,"key":"Bottled Lightning"},{"floor":13,"key":"Mummified Hand"}],"event_choices":[{"damage_healed":0,"gold_gain":0,"player_choice":"Lose Max HP","damage_taken":0,"relics_obtained":["Golden Idol"],"max_hp_gain":0,"max_hp_loss":6,"event_name":"Golden Idol","floor":5,"gold_loss":0},{"damage_healed":0,"gold_gain":0,"player_choice":"Grow","damage_taken":0,"max_hp_gain":0,"max_hp_loss":0,"event_name":"Living Wall","floor":14,"gold_loss":0,"cards_upgraded":["Choke"]}],"is_beta":false,"boss_relics":[],"items_purged_floors":[],"is_endless":false,"potions_floor_spawned":[11,13],"killed_by":"Hexaghost","ascension_level":7}