{"gold_per_floor":[115,40,40,51,70,70,100,100,100,133,133,162,62,82,82,179,179,193,68,80,33,43,72,72,92,92,124,124,143,154,170,170,268,268,285,83,83,96,107,107,121,154,203,236,236,255,280,290,290,290,290,290,23,57,57],"floor_reached":55,"playtime":6237,"items_purged":["Normality","Regret","Strike_B","Strike_B","Go for the Eyes"],"score":1069,"play_id":"96e6dce8-0c10-4258-86f6-1472a16feac8","local_time":"20190204094203","is_ascension_mode":true,"campfire_choices":[{"data":"Zap","floor":6.0,"key":"SMITH"},{"data":"Dualcast","floor":8.0,"key":"SMITH"},{"data":"Beam Cell","floor":15.0,"key":"SMITH"},{"floor":24.0,"key":"REST"},{"floor":32.0,"key":"RECALL"},{"floor":40.0,"key":"REST"},{"floor":49,"key":"REST"},{"floor":52,"key":"REST"}],"neow_cost":"CURSE","seed_source_timestamp":0,"circlet_count":0,"master_deck":["Defend_B","Defend_B","Defend_B","Defend_B","Zap+1","Dualcast+1","All For One","Go for the Eyes","Leap","Beam Cell+1","Gash","Gash","BootSequence","All For One","Steam+1","Glacier","Hologram","Sweeping Beam+1","Scrape","Beam Cell","Gash+1","Gash","Chill","Steam+1","Steam","Seek","Gash+1","Gash","Conserve Battery+1","Creative AI","Gash+1","FTL+1","Hologram+1","Scrape"],"special_seed":0,"relics":["Cracked Core","FossilizedHelix","Question Card","Incense Burner","Meat on the Bone","Dream Catcher","Fusion Hammer","Omamori","Ice Cream","Bottled Lightning","Inserter","Mercury Hourglass","Ornamental Fan","Du-Vu Doll","Bird Faced Urn"],"potions_floor_usage":[50,55,55,55,55,55,55],"damage_taken":[{"damage":1.0,"enemies":"Cultist","floor":1.0,"turns":4.0},{"damage":0.0,"enemies":"Small Slimes","floor":4.0,"turns":2.0},{"damage":5.0,"enemies":"Jaw Worm","floor":5.0,"turns":3.0},{"damage":9.0,"enemies":"3 Sentries","floor":7.0,"turns":5.0},{"damage":12.0,"enemies":"Gremlin Nob","floor":10.0,"turns":3.0},{"damage":16.0,"enemies":"Lagavulin","floor":12.0,"turns":6.0},{"damage":0.0,"enemies":"Looter","floor":14.0,"turns":2.0},{"damage":27.0,"enemies":"The Guardian","floor":16.0,"turns":9.0},{"damage":1.0,"enemies":"Chosen","floor":18.0,"turns":5.0},{"damage":7.0,"enemies":"Spheric Guardian","floor":20.0,"turns":4.0},{"damage":0.0,"enemies":"Snake Plant","floor":22.0,"turns":4.0},{"damage":9.0,"enemies":"Gremlin Leader","floor":23.0,"turns":5.0},{"damage":0.0,"enemies":"Chosen and Byrds","floor":25.0,"turns":3.0},{"damage":0.0,"enemies":"Slavers","floor":27.0,"turns":3.0},{"damage":0.0,"enemies":"Sentry and Sphere","floor":29.0,"turns":4.0},{"damage":0.0,"enemies":"Snecko","floor":30.0,"turns":5.0},{"damage":0.0,"enemies":"Centurion and Healer","floor":31.0,"turns":4.0},{"damage":0.0,"enemies":"Automaton","floor":33.0,"turns":7.0},{"damage":0.0,"enemies":"3 Darklings","floor":35.0,"turns":5.0},{"damage":0.0,"enemies":"3 Shapes","floor":38.0,"turns":3.0},{"damage":0.0,"enemies":"Jaw Worm Horde","floor":39.0,"turns":3.0},{"damage":0.0,"enemies":"Maw","floor":41.0,"turns":5.0},{"damage":0,"enemies":"Nemesis","floor":42,"turns":5},{"damage":0,"enemies":"Giant Head","floor":44,"turns":6},{"damage":0,"enemies":"4 Shapes","floor":46,"turns":4},{"damage":2,"enemies":"Nemesis","floor":47,"turns":9},{"damage":0,"enemies":"Jaw Worm Horde","floor":48,"turns":4},{"damage":0,"enemies":"Donu and Deca","floor":50,"turns":5},{"damage":0,"enemies":"Shield and Spear","floor":54,"turns":4},{"damage":84,"enemies":"The Heart","floor":55,"turns":6}],"seed_played":"-6929900056012634781","potions_obtained":[{"floor":1.0,"key":"AttackPotion"},{"floor":5.0,"key":"Energy Potion"},{"floor":7.0,"key":"GamblersBrew"},{"floor":18.0,"key":"EntropicBrew"},{"floor":27.0,"key":"Swift Potion"}],"is_trial":false,"path_per_floor":["?","?","M","?","?","M","?"],"character_chosen":"DEFECT","items_purchased":["Hologram","Gash","Scrape","Swift Potion"],"campfire_rested":4,"item_purchase_floors":[21,36,53,53],"current_hp_per_floor":[74,74,74,74,69,69,60,60,60,48,41,37,37,49,49,34,75,74,74,67,67,67,58,75,75,75,75,75,75,75,75,75,75,75,75,75,75,75,75,75,75,75,75,75,75,75,73,73,75,75,75,75,75,75,0],"gold":57,"neow_bonus":"THREE_RARE_CARDS","is_prod":false,"is_daily":false,"chose_seed":false,"campfire_upgraded":3,"win_rate":0,"timestamp":1549302123,"path_taken":["M","$","?","M","M","R","E","R","T","E","?","E","$","M","R","BOSS","M","$","?","$","M","E","R","M","T","E","?","M","M","M","R","BOSS","M","$","?","?","M","R","M","E","T","E","?","M","E","M","R","BOSS","R","$","E","BOSS"],"build_version":"2019-01-23","purchased_purges":5,"victory":false,"max_hp_per_floor":[75,75,75,75,75,75,75,75,75,75,75,75,75,75,75,75,75,75,75,75,75,75,75,75,75,75,75,75,75,75,75,75,75,75,75,75,75,75,75,75,75,75,75,75,75,75,75,75,75,75,75,75,75,75,75],"card_choices":[{"not_picked":["Electrodynamics","Core Surge"],"picked":"All For One","floor":0.0},{"not_picked":["Leap","Streamline"],"picked":"Go for the Eyes","floor":1.0},{"not_picked":["Compile Driver","Lockon"],"picked":"Leap","floor":4.0},{"not_picked":["Lockon","Storm"],"picked":"Go for the Eyes","floor":5.0},{"not_picked":["Hologram","Barrage"],"picked":"Beam Cell","floor":7.0},{"not_picked":["Genetic Algorithm","Buffer","Auto Shields"],"picked":"Gash","floor":10.0},{"not_picked":["Seek","Conserve Battery","Barrage"],"picked":"Gash","floor":12.0},{"not_picked":["Redo","Streamline","Coolheaded"],"picked":"BootSequence","floor":14.0},{"not_picked":["Creative AI","Core Surge","Electrodynamics"],"picked":"All For One","floor":16.0},{"not_picked":["Sunder","Ball Lightning","Sweeping Beam+1"],"picked":"Steam+1","floor":18.0},{"not_picked":["Stack","Turbo","Cold Snap"],"picked":"Glacier","floor":20.0},{"not_picked":["Compile Driver","Redo+1","Sunder"],"picked":"Sweeping Beam+1","floor":22.0},{"not_picked":["Ball Lightning","Echo Form","Defragment"],"picked":"Scrape","floor":23.0},{"not_picked":["Streamline+1","Rip and Tear","Hologram"],"picked":"Beam Cell","floor":25.0},{"not_picked":["Go for the Eyes","Hologram","White Noise"],"picked":"Gash+1","floor":27.0},{"not_picked":["Lockon","Glacier","Amplify","Rip and Tear+1"],"picked":"SKIP","floor":29.0},{"not_picked":["Capacitor","Coolheaded","Loop"],"picked":"Steam+1","floor":30.0},{"not_picked":["Blizzard","Static Discharge","Consume"],"picked":"Steam","floor":31.0},{"not_picked":["Hyperbeam","Fission","All For One"],"picked":"Seek","floor":33.0},{"not_picked":["White Noise+1","Conserve Battery","Hologram+1"],"picked":"Gash+1","floor":35.0},{"not_picked":["White Noise","Leap","Recycle+1"],"picked":"Conserve Battery+1","floor":38.0},{"not_picked":["Hello World","Beam Cell+1","Barrage","Cold Snap"],"picked":"SKIP","floor":39.0},{"not_picked":["Fusion","Redo","Sunder"],"picked":"Creative AI","floor":40.0},{"not_picked":["Self Repair+1","Hello World","Barrage+1","Go for the Eyes+1"],"picked":"SKIP","floor":41.0},{"not_picked":["Amplify","Ball Lightning","Capacitor+1"],"picked":"Gash+1","floor":42},{"not_picked":["Compile Driver+1","Reprogram+1","Electrodynamics","Aggregate"],"picked":"SKIP","floor":44},{"not_picked":["Cold Snap","Doom and Gloom","Turbo+1","Tempest"],"picked":"SKIP","floor":46},{"not_picked":["Steam","White Noise+1","Capacitor+1","Rebound"],"picked":"SKIP","floor":47},{"not_picked":["Blizzard+1","Compile Driver","White Noise+1"],"picked":"FTL+1","floor":48},{"not_picked":["Compile Driver","Turbo","Redo"],"picked":"Hologram+1","floor":49},{"not_picked":["Cold Snap","Genetic Algorithm+1","Storm","Sweeping Beam+1"],"picked":"SKIP","floor":54}],"player_experience":39575,"relics_obtained":[{"floor":7.0,"key":"Question Card"},{"floor":9.0,"key":"Incense Burner"},{"floor":10.0,"key":"Meat on the Bone"},{"floor":12.0,"key":"Dream Catcher"},{"floor":23.0,"key":"Omamori"},{"floor":26.0,"key":"Ice Cream"},{"floor":27.0,"key":"Bottled Lightning"},{"floor":42,"key":"Mercury Hourglass"},{"floor":44,"key":"Ornamental Fan"},{"floor":47,"key":"Du-Vu Doll"},{"floor":54,"key":"Bird Faced Urn"}],"event_choices":[{"damage_healed":0.0,"max_hp_gain":0.0,"max_hp_loss":0.0,"gold_gain":0.0,"event_name":"Big Fish","player_choice":"Box","floor":3.0,"gold_loss":0.0,"damage_taken":0.0,"relics_obtained":["FossilizedHelix"],"cards_obtained":["Regret"]},{"damage_healed":0.0,"max_hp_gain":0.0,"max_hp_loss":0.0,"gold_gain":0.0,"event_name":"Wheel of Change","player_choice":"Damaged","floor":11.0,"gold_loss":0.0,"damage_taken":7.0},{"damage_healed":0.0,"max_hp_gain":0.0,"max_hp_loss":0.0,"gold_gain":0.0,"cards_transformed":["Strike_B","Strike_B"],"event_name":"Drug Dealer","player_choice":"Became Test Subject","floor":28.0,"gold_loss":0.0,"damage_taken":0.0,"cards_obtained":["Gash","Chill"]},{"damage_healed":0.0,"max_hp_gain":0.0,"max_hp_loss":0.0,"gold_gain":0.0,"event_name":"The Woman in Blue","player_choice":"Bought 0 Potions","floor":37.0,"gold_loss":0.0,"damage_taken":0.0},{"damage_healed":0,"gold_gain":0,"player_choice":"Ignored","damage_taken":0,"max_hp_gain":0,"max_hp_loss":0,"event_name":"Tomb of Lord Red Mask","floor":45,"gold_loss":0}],"is_beta":false,"boss_relics":[{"not_picked":["Ectoplasm","Busted Crown"],"picked":"Fusion Hammer"},{"not_picked":["Tiny House","Coffee Dripper"],"picked":"Inserter"}],"items_purged_floors":[2,13,19,36,53],"is_endless":false,"potions_floor_spawned":[1,5,7,18,27,30,31,33,35,41,42,47],"killed_by":"The Heart","ascension_level":1}