{"gold_per_floor":[113,125,178,178,53,88,88,116,189,189,154,172,187,233,245,353,365,397,3,3,3,21,49,103,134,134,164,164,53,53,64,64,64],"floor_reached":33,"playtime":1913,"items_purged":["Carnage"],"score":489,"play_id":"9dc504d3-5057-4d1a-80fe-f52afbaabf1d","local_time":"20190419154907","is_ascension_mode":true,"campfire_choices":[{"data":"Bash","floor":7.0,"key":"SMITH"},{"data":"True Grit","floor":10.0,"key":"SMITH"},{"data":"Feel No Pain","floor":15.0,"key":"SMITH"},{"data":"Corruption","floor":28.0,"key":"SMITH"},{"data":"Juggernaut","floor":30.0,"key":"SMITH"},{"data":"Feed","floor":32.0,"key":"SMITH"}],"neow_cost":"NONE","seed_source_timestamp":361669218996200,"circlet_count":0,"master_deck":["AscendersBane","Strike_R","Strike_R","Strike_R","Strike_R","Strike_R","Defend_R","Defend_R","Defend_R","Defend_R","Bash+1","Pommel Strike","Feed+1","Feel No Pain+1","True Grit+1","Metallicize","Hemokinesis","Dual Wield+1","Juggernaut+1","Flame Barrier+1","Corruption+1","Ghostly+1","Ghostly+1","Ghostly+1","Ghostly+1","Ghostly+1","Flame Barrier+1","Feel No Pain+1","Decay","Dual Wield+1","Whirlwind+1"],"special_seed":0,"relics":["Burning Blood","Bag of Preparation","Toxic Egg 2","Pantograph","MawBank","Cursed Key","Molten Egg 2","Centennial Puzzle","Orichalcum","Omamori","Happy Flower","Sundial"],"potions_floor_usage":[33],"damage_taken":[{"damage":7.0,"enemies":"Jaw Worm","floor":1.0,"turns":4.0},{"damage":9.0,"enemies":"Small Slimes","floor":2.0,"turns":4.0},{"damage":21.0,"enemies":"Gremlin Nob","floor":6.0,"turns":4.0},{"damage":13.0,"enemies":"3 Sentries","floor":8.0,"turns":11.0},{"damage":3.0,"enemies":"2 Louse","floor":12.0,"turns":3.0},{"damage":0.0,"enemies":"Looter","floor":13.0,"turns":4.0},{"damage":55.0,"enemies":"The Guardian","floor":16.0,"turns":17.0},{"damage":15.0,"enemies":"3 Byrds","floor":18.0,"turns":5.0},{"damage":2.0,"enemies":"Chosen","floor":22.0,"turns":5.0},{"damage":14.0,"enemies":"Gremlin Leader","floor":23.0,"turns":10.0},{"damage":10.0,"enemies":"Slavers","floor":25.0,"turns":6.0},{"damage":9.0,"enemies":"Book of Stabbing","floor":27.0,"turns":7.0},{"damage":0.0,"enemies":"Snake Plant","floor":31.0,"turns":4.0},{"damage":81,"enemies":"Automaton","floor":33,"turns":12}],"seed_played":"1335597886327942532","potions_obtained":[{"floor":0.0,"key":"EntropicBrew"},{"floor":0.0,"key":"FearPotion"},{"floor":0.0,"key":"SteroidPotion"},{"floor":6.0,"key":"Regen Potion"},{"floor":8.0,"key":"Explosive Potion"},{"floor":16.0,"key":"LiquidBronze"},{"floor":18.0,"key":"Poison Potion"},{"floor":25.0,"key":"FearPotion"},{"floor":27.0,"key":"Energy Potion"},{"floor":31.0,"key":"Energy Potion"}],"is_trial":false,"path_per_floor":["M","M","?","?","$","E","R","E","T","R","?","M","M","T","R","B",null,"M","$","?","?","M","E","T","E","T","E","R","$","R","M","R","B"],"character_chosen":"IRONCLAD","items_purchased":["Feel No Pain","True Grit","Corruption","Molten Egg 2","Dual Wield+1","Whirlwind+1"],"campfire_rested":0,"item_purchase_floors":[5,5,19,19,29,29],"current_hp_per_floor":[71,68,68,73,73,61,61,57,57,57,79,85,94,94,94,61,88,79,79,48,48,48,43,43,39,39,36,36,36,36,42,42,0],"gold":64,"neow_bonus":"THREE_SMALL_POTIONS","is_prod":false,"is_daily":false,"chose_seed":false,"campfire_upgraded":6,"win_rate":0,"timestamp":1555703347,"path_taken":["M","M","?","?","$","E","R","E","T","R","?","M","M","?","R","BOSS","M","$","?","?","M","E","?","E","T","E","R","$","R","?","R","BOSS"],"build_version":"2019-01-23","purchased_purges":1,"victory":false,"max_hp_per_floor":[80,80,80,85,85,88,88,91,91,91,91,94,97,97,97,97,97,97,97,48,48,48,51,51,51,51,51,51,51,51,51,51,51],"card_choices":[{"not_picked":["Sword Boomerang","Cleave"],"picked":"Pommel Strike","floor":1.0},{"not_picked":["Pommel Strike","True Grit"],"picked":"Feed","floor":2.0},{"not_picked":["Searing Blow","Armaments"],"picked":"Metallicize","floor":6.0},{"not_picked":["Iron Wave","Havoc"],"picked":"Hemokinesis","floor":8.0},{"not_picked":["Hemokinesis","Seeing Red+1"],"picked":"Dual Wield+1","floor":12.0},{"not_picked":["Clothesline","Entrench+1"],"picked":"Carnage","floor":13.0},{"not_picked":["Offering+1","Reaper"],"picked":"Juggernaut","floor":16.0},{"not_picked":["Anger","Carnage"],"picked":"Flame Barrier+1","floor":18.0},{"not_picked":["Headbutt+1","Anger+1","Dropkick+1"],"picked":"SKIP","floor":22.0},{"not_picked":["Flex+1","Dual Wield+1"],"picked":"Feel No Pain+1","floor":23.0},{"not_picked":["Bludgeon+1","Ghostly Armor+1","Burning Pact+1"],"picked":"SKIP","floor":25.0},{"not_picked":["Twin Strike+1","Power Through+1","Havoc+1"],"picked":"SKIP","floor":27.0},{"not_picked":["Warcry+1","Pummel+1","Burning Pact+1"],"picked":"SKIP","floor":31.0}],"player_experience":593220,"relics_obtained":[{"floor":6.0,"key":"Bag of Preparation"},{"floor":8.0,"key":"Toxic Egg 2"},{"floor":9.0,"key":"Pantograph"},{"floor":14.0,"key":"MawBank"},{"floor":23.0,"key":"Centennial Puzzle"},{"floor":24.0,"key":"Orichalcum"},{"floor":25.0,"key":"Omamori"},{"floor":26.0,"key":"Happy Flower"},{"floor":27.0,"key":"Sundial"}],"event_choices":[{"damage_healed":0.0,"max_hp_gain":0.0,"max_hp_loss":0.0,"gold_gain":53.0,"event_name":"Golden Wing","player_choice":"Gained Gold","floor":3.0,"gold_loss":0.0,"damage_taken":0.0},{"damage_healed":0.0,"max_hp_gain":5.0,"max_hp_loss":0.0,"gold_gain":0.0,"event_name":"Big Fish","player_choice":"Donut","floor":4.0,"gold_loss":0.0,"damage_taken":0.0},{"damage_healed":22.0,"max_hp_gain":0.0,"max_hp_loss":0.0,"gold_gain":0.0,"event_name":"The Cleric","player_choice":"Healed","floor":11.0,"gold_loss":35.0,"damage_taken":0.0},{"damage_healed":0.0,"max_hp_gain":0.0,"max_hp_loss":49.0,"gold_gain":0.0,"event_name":"Ghosts","player_choice":"Became a Ghost","floor":20.0,"gold_loss":0.0,"damage_taken":0.0,"cards_obtained":["Ghostly","Ghostly","Ghostly","Ghostly","Ghostly"]},{"damage_healed":0.0,"max_hp_gain":0.0,"max_hp_loss":0.0,"gold_gain":0.0,"event_name":"The Library","player_choice":"Read","floor":21.0,"gold_loss":0.0,"damage_taken":0.0,"cards_obtained":["Flame Barrier"]}],"is_beta":false,"boss_relics":[{"not_picked":["Calling Bell","Lizard Tail"],"picked":"Cursed Key"}],"items_purged_floors":[19],"is_endless":false,"potions_floor_spawned":[6,8,16,18,25,27,31],"killed_by":"Automaton","ascension_level":10}