{"path_per_floor":["M","?","M","?","$","R","M","?","T","R","M","E","M","M","R","B",null,"M","M","$","?","M","R","?","R","T","R","$","R","M","?","R"],"character_chosen":"THE_SILENT","items_purchased":["Dagger Throw","Toxic Egg 2","Blade Dance","Madness"],"gold_per_floor":[117,117,131,131,10,10,29,29,329,329,348,377,389,403,403,498,498,423,423,4,4,4,4,4,4,4,4,4,4,4,4,4],"floor_reached":33,"campfire_rested":4,"playtime":1286,"current_hp_per_floor":[70,70,70,70,70,70,70,70,70,70,47,27,27,23,44,17,70,42,34,34,18,14,35,35,56,56,56,56,56,24,24,45],"items_purged":["Strike_G"],"gold":4,"score":245,"play_id":"1494d270-7475-4c47-8acc-f22f1e32aad3","is_prod":false,"is_daily":false,"is_ascension_mode":false,"campfire_upgraded":4,"path_taken":["M","?","M","?","$","R","M","?","T","R","M","E","M","M","R","BOSS","M","M","?","?","M","R","?","R","T","R","$","R","M","?","R","BOSS"],"build_version":"2018-02-15-PROD1","purchased_purges":1,"victory":false,"master_deck":["Defend_G","Defend_G","Defend_G","Defend_G","Defend_G","Strike_G","Strike_G","Strike_G","Survivor","Neutralize","Flying Knee+1","Accuracy+1","Dagger Throw+1","Skewer+1","Predator+1","All Out Attack","Footwork","Doppelganger","Prepared","Predator+1","Blade Dance+1","Madness+1","Footwork","Writhe","Backflip+1","Cloak And Dagger+1"],"max_hp_per_floor":[70,70,70,70,70,70,70,70,70,70,70,70,70,70,70,70,70,70,70,70,70,70,70,70,70,70,70,70,70,70,70,70],"relics":["Ring of the Snake","NeowsBlessing","Old Coin","Gambling Chip","Ectoplasm","Toxic Egg 2","Nilry\u0027s Codex","Prayer Wheel","Happy Flower"],"card_choices":[{"not_picked":["Poisoned Stab","Dodge and Roll"],"picked":"Flying Knee"},{"not_picked":["Cloak And Dagger","Sucker Punch"],"picked":"Accuracy"},{"not_picked":["Deadly Poison","Reflex"],"picked":"Skewer"},{"not_picked":["Underhanded Strike","Venomology"],"picked":"Predator"},{"not_picked":["Noxious Fumes","Bane"],"picked":"All Out Attack"},{"not_picked":["Slice","Poisoned Stab"],"picked":"Footwork"},{"not_picked":["Unload","Phantasmal Killer"],"picked":"Doppelganger"},{"not_picked":["Distraction","Acrobatics"],"picked":"Prepared"},{"not_picked":["Sucker Punch","Dodge and Roll"],"picked":"Predator"},{"not_picked":["Deflect","Calculated Gamble"],"picked":"Footwork"},{"not_picked":["Footwork","PiercingWail"],"picked":"Backflip"},{"not_picked":["Underhanded Strike","Riddle With Holes"],"picked":"Cloak And Dagger"}],"player_experience":110175,"potions_floor_usage":[12,16,16,22],"damage_taken":[{"damage":0,"enemies":"2 Louse","floor":1,"turns":1},{"damage":0,"enemies":"Cultist","floor":3,"turns":1},{"damage":0,"enemies":"Jaw Worm","floor":7,"turns":1},{"damage":23,"enemies":"Lots of Slimes","floor":11,"turns":6},{"damage":20,"enemies":"Lagavulin","floor":12,"turns":7},{"damage":0,"enemies":"Large Slime","floor":13,"turns":4},{"damage":4,"enemies":"2 Fungi Beasts","floor":14,"turns":4},{"damage":27,"enemies":"Slime Boss","floor":16,"turns":13},{"damage":28,"enemies":"2 Thieves","floor":18,"turns":5},{"damage":8,"enemies":"Shell Parasite","floor":19,"turns":7},{"damage":4,"enemies":"Centurion and Healer","floor":22,"turns":7},{"damage":32,"enemies":"Chosen and Byrds","floor":30,"turns":6},{"damage":53,"enemies":"Collector","floor":33,"turns":5}],"event_choices":[{"event_name":"Upgrade Shrine","player_choice":"Upgraded","floor":2,"damage_taken":0},{"event_name":"The Woman in Blue","player_choice":"Bought 0 Potions","floor":4,"damage_taken":0},{"event_name":"Purifier","player_choice":"One Purge","floor":8,"damage_taken":0},{"event_name":"Cursed Tome","player_choice":"Obtained Book","floor":21,"damage_taken":0},{"event_name":"The Mausoleum","player_choice":"Yes","floor":24,"damage_taken":0},{"event_name":"Drug Dealer","player_choice":"Ignored","floor":31,"damage_taken":0}],"boss_relics":[{"not_picked":["Black Star","Orrery"],"picked":"Ectoplasm"}],"potions_floor_spawned":[11,12,13,18],"seed_played":"-2758091245835776681","killed_by":"Collector","ascension_level":0,"is_trial":false}