{"gold_per_floor":[118,118,118,128,138,138,238,258,258,258,273,273,273,288,288,288],"floor_reached":16,"playtime":295,"items_purged":[],"score":94,"play_id":"00938d90-c0b8-4a9c-a538-ab72604fb25c","local_time":"20190208170602","is_ascension_mode":false,"campfire_choices":[{"data":"Searing Blow","floor":6,"key":"SMITH"},{"data":"Searing Blow+1","floor":12,"key":"SMITH"},{"data":"Searing Blow+2","floor":15,"key":"SMITH"}],"neow_cost":"NONE","seed_source_timestamp":13124764419300,"circlet_count":0,"master_deck":["Strike_R","Strike_R","Strike_R","Strike_R","Strike_R","Defend_R","Defend_R","Defend_R","Bash","Searing Blow+3"],"special_seed":0,"relics":["Burning Blood","NeowsBlessing","Question Card"],"potions_floor_usage":[10,14],"damage_taken":[{"damage":0.0,"enemies":"Small Slimes","floor":1.0,"turns":1.0},{"damage":0,"enemies":"2 Louse","floor":4,"turns":1},{"damage":0,"enemies":"Cultist","floor":5,"turns":1},{"damage":2,"enemies":"3 Louse","floor":8,"turns":5},{"damage":0,"enemies":"Gremlin Gang","floor":10,"turns":1},{"damage":21,"enemies":"Blue Slaver","floor":11,"turns":4},{"damage":19,"enemies":"3 Louse","floor":14,"turns":3},{"damage":53,"enemies":"The Guardian","floor":16,"turns":13}],"seed_played":"7808543250817955703","potions_obtained":[{"floor":1.0,"key":"PowerPotion"},{"floor":5,"key":"SmokeBomb"}],"is_trial":false,"path_per_floor":["M","?","?","M","M","R","?","M","T","M","M","R","?","M","R","B"],"character_chosen":"IRONCLAD","items_purchased":[],"campfire_rested":0,"item_purchase_floors":[],"current_hp_per_floor":[80,80,80,80,80,80,80,80,80,80,65,65,65,52,52,0],"gold":288,"neow_bonus":"THREE_ENEMY_KILL","is_prod":false,"is_daily":false,"chose_seed":false,"campfire_upgraded":3,"win_rate":0,"timestamp":1549663562,"path_taken":["M","?","?","M","?","R","?","M","T","M","?","R","?","M","R","BOSS"],"build_version":"2019-01-23","purchased_purges":0,"victory":false,"max_hp_per_floor":[80,80,80,80,80,80,80,80,80,80,80,80,80,80,80,80],"card_choices":[{"not_picked":["Pummel","Uppercut","Spot Weakness"],"picked":"SKIP","floor":1.0},{"not_picked":["True Grit","Pummel","Thunderclap"],"picked":"SKIP","floor":4},{"not_picked":["Seeing Red","Ghostly Armor","Fire Breathing"],"picked":"SKIP","floor":5},{"not_picked":["Bloodletting","Reckless Charge","Shrug It Off"],"picked":"SKIP","floor":8},{"not_picked":["True Grit","Bloodletting","Pommel Strike","Impervious"],"picked":"SKIP","floor":11},{"not_picked":["Iron Wave","Sword Boomerang","Twin Strike","Inflame"],"picked":"SKIP","floor":14}],"player_experience":424964,"relics_obtained":[{"floor":9,"key":"Question Card"}],"event_choices":[{"cards_removed":["Defend_R"],"damage_healed":0.0,"max_hp_gain":0.0,"max_hp_loss":0.0,"gold_gain":0.0,"event_name":"Living Wall","player_choice":"Forget","floor":2.0,"gold_loss":0.0,"damage_taken":0.0},{"damage_healed":0,"gold_gain":0,"player_choice":"1 cards matched","damage_taken":0,"max_hp_gain":0,"max_hp_loss":0,"event_name":"Match and Keep!","floor":3,"gold_loss":0,"cards_obtained":["Searing Blow"]},{"damage_healed":0,"gold_gain":100,"player_choice":"Pray","damage_taken":0,"max_hp_gain":0,"max_hp_loss":0,"event_name":"Golden Shrine","floor":7,"gold_loss":0},{"damage_healed":0,"gold_gain":0,"player_choice":"Searched \u00270\u0027 times","damage_taken":0,"max_hp_gain":0,"max_hp_loss":0,"event_name":"Dead Adventurer","floor":13,"gold_loss":0}],"is_beta":false,"boss_relics":[],"items_purged_floors":[],"is_endless":false,"potions_floor_spawned":[1,5],"killed_by":"The Guardian","ascension_level":0}