{"path_per_floor":["M","M","M","M","?","R","?","E","T","M","M","?","M","M","R","B",null,"M","?","T","M","M","R","M","R","T","M","R","M","M","M","R"],"character_chosen":"THE_SILENT","items_purchased":[],"gold_per_floor":[147,163,173,183,183,183,183,217,217,232,248,198,212,232,232,335,335,348,348,348,334,347,347,362,362,362,379,379,392,404,420,420],"floor_reached":33,"campfire_rested":2,"playtime":1736,"current_hp_per_floor":[75,75,75,73,73,73,73,66,66,66,66,66,66,55,55,52,75,69,69,69,58,43,43,40,40,40,33,56,46,31,10,33],"items_purged":[],"gold":420,"score":257,"play_id":"e244dfb8-5d8b-4878-bed2-4926bae8bd2a","is_prod":false,"is_daily":false,"is_ascension_mode":false,"campfire_upgraded":4,"path_taken":["M","M","M","M","?","R","?","E","T","M","M","?","?","M","R","BOSS","M","?","?","?","M","R","?","R","T","M","R","M","M","M","R","BOSS"],"build_version":"2018-02-15-PROD1","purchased_purges":0,"victory":false,"master_deck":["Defend_G","Defend_G","Defend_G","Defend_G+1","Defend_G","Strike_G","Strike_G","Strike_G","Strike_G","Survivor","Neutralize+1","Dagger Spray+1","Deflect","Dagger Throw","Deflect","Prepared+1","Dodge and Roll","Prepared","Storm of Steel","Flying Knee+1","Dash+1","Dagger Spray+1","Prepared","Skewer","Outmaneuver+1"],"max_hp_per_floor":[75,75,75,75,75,75,75,75,75,75,75,75,75,75,75,75,75,75,75,75,75,75,75,75,75,75,77,77,77,77,79,79],"relics":["Tiny House","Paper Crane","Tingsha","Lizard Tail","Art of War","Singing Bowl"],"card_choices":[{"not_picked":["Flechettes","Masterful Stab"],"picked":"Dagger Spray"},{"not_picked":["PiercingWail","Catalyst"],"picked":"Deflect"},{"not_picked":["Corpse Explosion","Quick Slash"],"picked":"Dagger Throw"},{"not_picked":["Tools of the Trade","Poisoned Stab"],"picked":"Deflect"},{"not_picked":["Finisher","Outmaneuver"],"picked":"Prepared"},{"not_picked":["Deflect","Outmaneuver"],"picked":"Dodge and Roll"},{"not_picked":["Bane","Slice"],"picked":"Prepared"},{"not_picked":["Envenom","Adrenaline"],"picked":"Storm of Steel"},{"not_picked":["Deadly Poison","Flechettes"],"picked":"Flying Knee"},{"not_picked":["Underhanded Strike","Blade Dance"],"picked":"Dagger Spray"},{"not_picked":["Bane","Underhanded Strike"],"picked":"Prepared"},{"not_picked":["Bane","Acrobatics"],"picked":"Skewer"},{"not_picked":["Well Laid Plans","Dagger Spray"],"picked":"Outmaneuver"}],"player_experience":120886,"potions_floor_usage":[16,16,16,24,27,31,33],"damage_taken":[{"damage":0,"enemies":"Small Slimes","floor":1,"turns":5},{"damage":0,"enemies":"2 Louse","floor":2,"turns":3},{"damage":0,"enemies":"Jaw Worm","floor":3,"turns":5},{"damage":2,"enemies":"Looter","floor":4,"turns":4},{"damage":7,"enemies":"3 Sentries","floor":8,"turns":8},{"damage":0,"enemies":"2 Fungi Beasts","floor":10,"turns":3},{"damage":0,"enemies":"Large Slime","floor":11,"turns":6},{"damage":0,"enemies":"3 Louse","floor":13,"turns":1},{"damage":11,"enemies":"Red Slaver","floor":14,"turns":4},{"damage":18,"enemies":"Hexaghost","floor":16,"turns":15},{"damage":6,"enemies":"Shell Parasite","floor":18,"turns":11},{"damage":11,"enemies":"2 Thieves","floor":21,"turns":4},{"damage":15,"enemies":"Snake Plant","floor":22,"turns":7},{"damage":3,"enemies":"Snecko","floor":24,"turns":5},{"damage":9,"enemies":"Cultist and Chosen","floor":27,"turns":6},{"damage":10,"enemies":"Centurion and Healer","floor":29,"turns":8},{"damage":15,"enemies":"Snake Plant","floor":30,"turns":7},{"damage":23,"enemies":"Sentry and Sphere","floor":31,"turns":6},{"damage":75,"enemies":"Collector","floor":33,"turns":8}],"event_choices":[{"event_name":"Liars Game","player_choice":"disagreed","floor":5,"damage_taken":0},{"event_name":"Living Wall","player_choice":"Grow","floor":7,"damage_taken":0},{"event_name":"The Cleric","player_choice":"Card Removal","floor":12,"damage_taken":0},{"event_name":"The Library","player_choice":"Read","floor":19,"damage_taken":0}],"boss_relics":[{"not_picked":["Eternal Feather","Runic Pyramid"],"picked":"Lizard Tail"}],"potions_floor_spawned":[3,4,8,10,14,16,18,21,29],"seed_played":"-3371415990655070222","killed_by":"Collector","ascension_level":0,"is_trial":false}