{"gold_per_floor":[109,129,129,129,129,129,187,187,212,231,248,277,352,370,370,370],"floor_reached":16,"playtime":468,"items_purged":[],"score":162,"play_id":"5352abda-0a9f-43eb-8261-afc22598bba9","local_time":"20190207011304","is_ascension_mode":true,"campfire_choices":[{"data":"Shockwave","floor":6,"key":"SMITH"},{"data":"Twin Strike","floor":8,"key":"SMITH"},{"floor":15,"key":"REST"}],"neow_cost":"NONE","seed_source_timestamp":0,"circlet_count":0,"master_deck":["Strike_R","Strike_R","Strike_R","Strike_R","Defend_R","Defend_R","Defend_R","Defend_R","Bash","Twin Strike+1","Shockwave+1","Heavy Blade","Corruption","Battle Trance","Whirlwind"],"special_seed":0,"relics":["Burning Blood","NeowsBlessing","GremlinMask","Tiny Chest","Pen Nib","Bag of Preparation"],"potions_floor_usage":[16,16,16],"damage_taken":[{"damage":0,"enemies":"Small Slimes","floor":1,"turns":1},{"damage":0,"enemies":"Cultist","floor":2,"turns":1},{"damage":0,"enemies":"Lagavulin","floor":7,"turns":1},{"damage":9,"enemies":"Jaw Worm","floor":10,"turns":3},{"damage":8,"enemies":"2 Fungi Beasts","floor":11,"turns":4},{"damage":50,"enemies":"3 Sentries","floor":12,"turns":7},{"damage":4,"enemies":"Blue Slaver","floor":14,"turns":2},{"damage":61,"enemies":"Hexaghost","floor":16,"turns":11}],"seed_played":"-2443702279693102421","potions_obtained":[{"floor":2,"key":"Regen Potion"},{"floor":7,"key":"Dexterity Potion"},{"floor":12,"key":"Strength Potion"}],"is_trial":false,"path_per_floor":["M","M","?","?","$","R","E","R","T","M","M","E","?","M","R","B"],"character_chosen":"IRONCLAD","items_purchased":[],"campfire_rested":1,"item_purchase_floors":[],"current_hp_per_floor":[80,80,73,73,73,73,79,79,79,76,74,30,19,21,45,0],"gold":370,"neow_bonus":"THREE_ENEMY_KILL","is_prod":false,"is_daily":false,"chose_seed":false,"campfire_upgraded":2,"win_rate":0,"timestamp":1549519984,"path_taken":["M","M","?","?","$","R","E","R","T","M","?","E","?","M","R","BOSS"],"build_version":"2019-01-23","purchased_purges":0,"victory":false,"max_hp_per_floor":[80,80,80,80,80,80,80,80,80,80,80,80,80,80,80,80],"card_choices":[{"not_picked":["Iron Wave","Power Through"],"picked":"Twin Strike","floor":1},{"not_picked":["Twin Strike","Searing Blow"],"picked":"Shockwave","floor":2},{"not_picked":["Dark Embrace","Body Slam"],"picked":"Heavy Blade","floor":7},{"not_picked":["Iron Wave","Feel No Pain"],"picked":"Corruption","floor":10},{"not_picked":["Clash","Corruption"],"picked":"Battle Trance","floor":11},{"not_picked":["Battle Trance","Heavy Blade","Warcry"],"picked":"SKIP","floor":12},{"not_picked":["Anger","Pummel"],"picked":"Whirlwind","floor":14}],"player_experience":393693,"relics_obtained":[{"floor":7,"key":"Tiny Chest"},{"floor":9,"key":"Pen Nib"},{"floor":12,"key":"Bag of Preparation"}],"event_choices":[{"cards_removed":["Strike_R"],"damage_healed":0,"gold_gain":0,"player_choice":"Card Removal","damage_taken":7,"max_hp_gain":0,"max_hp_loss":0,"event_name":"Golden Wing","floor":3,"gold_loss":0},{"damage_healed":0,"gold_gain":0,"player_choice":"Trade","damage_taken":0,"relics_obtained":["GremlinMask"],"max_hp_gain":0,"max_hp_loss":0,"event_name":"FaceTrader","floor":4,"gold_loss":0},{"damage_healed":0,"gold_gain":75,"player_choice":"Gather Gold","damage_taken":11,"max_hp_gain":0,"max_hp_loss":0,"event_name":"World of Goop","floor":13,"gold_loss":0}],"is_beta":false,"boss_relics":[],"items_purged_floors":[],"is_endless":false,"potions_floor_spawned":[2,7,12,14],"killed_by":"Hexaghost","ascension_level":4}