{"path_per_floor":["M","M","M","M","M","R","?","M","T","M","R","M","M","?","R","B",null,"M","M","$","?","M","R","M","R","T","?","M","M","R","M","R"],"character_chosen":"IRONCLAD","items_purchased":["Flex","Blue Candle"],"gold_per_floor":[109,119,135,147,166,166,196,215,291,302,302,315,328,278,278,375,375,315,315,12,12,12,12,12,12,12,12,12,12,12,12,12],"floor_reached":33,"campfire_rested":0,"playtime":1322,"current_hp_per_floor":[87,88,88,84,77,77,77,84,84,82,82,88,88,88,88,57,88,75,64,64,64,57,57,49,49,49,49,60,71,71,59,59],"items_purged":[],"gold":12,"score":247,"play_id":"c0af61fa-fb97-4e6c-b8d0-e4fb461bb1bd","is_prod":false,"is_daily":false,"is_ascension_mode":false,"campfire_upgraded":7,"path_taken":["M","M","M","M","M","R","?","M","T","M","R","M","M","?","R","BOSS","M","M","$","?","?","R","M","R","T","?","M","M","R","M","R","BOSS"],"build_version":"2018-02-15-PROD1","purchased_purges":0,"victory":false,"master_deck":["Strike_R+1","Strike_R+1","Strike_R+1","Strike_R+1","Defend_R+1","Defend_R+1","Defend_R+1","Defend_R+1","Bash","Entrench","Ghostly Armor+1","Inflame+1","Body Slam+1","Reaper","Headbutt","Cleave","Perfected Strike+1","Wild Strike","Immolate+1","Body Slam+1","Armaments+1","Flex","Ghostly Armor","Body Slam","Flex","Evolve","Entrench+1"],"max_hp_per_floor":[88,88,88,88,88,88,88,88,88,88,88,88,88,88,88,88,88,88,88,88,88,88,88,88,88,88,88,88,88,88,88,88],"relics":["Burning Blood","Meat on the Bone","Ectoplasm","Blue Candle","Happy Flower"],"card_choices":[{"not_picked":["Wild Strike","Cleave"],"picked":"Entrench"},{"not_picked":["Shockwave","Shrug It Off"],"picked":"Ghostly Armor"},{"not_picked":["Anger","Thunderclap"],"picked":"Inflame"},{"not_picked":["Pommel Strike","Havoc"],"picked":"Body Slam"},{"not_picked":["Perfected Strike","Twin Strike"],"picked":"Reaper"},{"not_picked":["Wild Strike","Clothesline"],"picked":"Headbutt"},{"not_picked":["Iron Wave","Pommel Strike"],"picked":"Cleave"},{"not_picked":["Anger","Pommel Strike"],"picked":"Perfected Strike"},{"not_picked":["Dropkick","Heavy Blade"],"picked":"Wild Strike"},{"not_picked":["Reaper","Double Tap"],"picked":"Immolate"},{"not_picked":["Anger","Sword Boomerang"],"picked":"Body Slam"},{"not_picked":["Shockwave","Clash"],"picked":"Armaments"},{"not_picked":["Uppercut","Power Through"],"picked":"Ghostly Armor"},{"not_picked":["Clothesline","Clash"],"picked":"Body Slam"},{"not_picked":["Cleave","True Grit"],"picked":"Flex"},{"not_picked":["Clothesline","Berserk"],"picked":"Evolve"},{"not_picked":["Combust","Inflame"],"picked":"Entrench"}],"player_experience":126639,"potions_floor_usage":[33],"damage_taken":[{"damage":7.0,"enemies":"2 Louse","floor":1.0,"turns":4.0},{"damage":5.0,"enemies":"Small Slimes","floor":2.0,"turns":6.0},{"damage":0.0,"enemies":"Cultist","floor":3.0,"turns":3.0},{"damage":10.0,"enemies":"Looter","floor":4.0,"turns":3.0},{"damage":13.0,"enemies":"2 Fungi Beasts","floor":5.0,"turns":7.0},{"damage":5.0,"enemies":"3 Louse","floor":8.0,"turns":5.0},{"damage":12.0,"enemies":"Blue Slaver","floor":10.0,"turns":4.0},{"damage":3.0,"enemies":"Large Slime","floor":12.0,"turns":6.0},{"damage":8.0,"enemies":"Gremlin Gang","floor":13.0,"turns":3.0},{"damage":49.0,"enemies":"Hexaghost","floor":16.0,"turns":10.0},{"damage":26.0,"enemies":"2 Thieves","floor":18.0,"turns":4.0},{"damage":24.0,"enemies":"Shell Parasite","floor":19.0,"turns":5.0},{"damage":37.0,"enemies":"3 Cultists","floor":22.0,"turns":6.0},{"damage":33.0,"enemies":"Snake Plant","floor":24.0,"turns":5.0},{"damage":7.0,"enemies":"Sentry and Sphere","floor":28.0,"turns":5.0},{"damage":9.0,"enemies":"Centurion and Healer","floor":29.0,"turns":5.0},{"damage":27.0,"enemies":"Snecko","floor":31.0,"turns":8.0},{"damage":64,"enemies":"Automaton","floor":33,"turns":8}],"event_choices":[{"event_name":"Dead Adventurer","player_choice":"Searched \u00271\u0027 times","floor":7.0,"damage_taken":0.0},{"event_name":"The Cleric","player_choice":"Card Removal","floor":14.0,"damage_taken":0.0},{"event_name":"Addict","player_choice":"Ignored","floor":21.0,"damage_taken":0.0},{"event_name":"Back to Basics","player_choice":"Simplicity","floor":27.0,"damage_taken":0.0}],"boss_relics":[],"potions_floor_spawned":[2,5,12,13,16,24,31],"seed_played":"5570542003660554610","killed_by":"Automaton","ascension_level":0,"is_trial":false}