{"gold_per_floor":[368,368,387,399,399,425,425,456,508,520,532,569,174,208,208,287,287,303,313,313,0,0],"floor_reached":22,"playtime":816,"items_purged":["Strike_R","Strike_R"],"score":458,"play_id":"08f2a7ed-b668-4ef8-9dc7-cf7d9d1eaf80","local_time":"20190421212441","is_ascension_mode":true,"campfire_choices":[{"floor":7,"key":"REST"},{"data":"Bash","floor":10,"key":"SMITH"},{"floor":15,"key":"REST"}],"neow_cost":"PERCENT_DAMAGE","seed_source_timestamp":402687995249942,"circlet_count":0,"master_deck":["AscendersBane","Strike_R","Defend_R","Defend_R","Defend_R","Defend_R","Bash+1","Clothesline","Whirlwind+1","Rampage","Rage","Pummel","Power Through","Shrug It Off","Demon Form","Evolve"],"relics":["Burning Blood","Paper Frog","PreservedInsect","MawBank","Boot","Red Skull","Torii","Empty Cage","Chemical X"],"potions_floor_usage":[8,16,16],"damage_taken":[{"damage":0,"enemies":"2 Louse","floor":1,"turns":3},{"damage":9,"enemies":"Jaw Worm","floor":3,"turns":5},{"damage":5,"enemies":"Small Slimes","floor":4,"turns":5},{"damage":52,"enemies":"Lagavulin","floor":6,"turns":9},{"damage":20,"enemies":"3 Sentries","floor":8,"turns":5},{"damage":25,"enemies":"Lagavulin","floor":12,"turns":4},{"damage":0,"enemies":"3 Sentries","floor":14,"turns":1},{"damage":44,"enemies":"The Guardian","floor":16,"turns":12},{"damage":22,"enemies":"2 Thieves","floor":18,"turns":5},{"damage":32,"enemies":"Chosen","floor":19,"turns":8}],"seed_played":"-3099998155387150459","potions_obtained":[{"floor":6,"key":"Regen Potion"},{"floor":12,"key":"AttackPotion"},{"floor":14,"key":"Swift Potion"}],"is_trial":false,"path_per_floor":["M","?","M","M","?","E","R","E","T","R","?","E","$","E","R","B",null,"M","M","?","$","?"],"character_chosen":"IRONCLAD","items_purchased":["Red Skull","Pummel","Power Through","Chemical X"],"campfire_rested":2,"item_purchase_floors":[13,13,13,21],"current_hp_per_floor":[56,61,58,59,59,13,37,35,35,35,35,16,16,22,46,8,62,46,20,20,20,0],"gold":0,"neow_bonus":"TWO_FIFTY_GOLD","is_prod":false,"is_daily":false,"chose_seed":false,"campfire_upgraded":1,"win_rate":0,"timestamp":1555907081,"path_taken":["M","?","M","M","?","E","R","E","T","R","?","E","$","E","R","BOSS","M","M","?","$","?"],"build_version":"2019-01-23","purchased_purges":2,"victory":false,"max_hp_per_floor":[75,80,80,80,80,80,80,80,80,80,80,80,80,80,80,80,80,80,80,80,80,80],"card_choices":[{"not_picked":["Anger","Cleave"],"picked":"Clothesline","floor":1},{"not_picked":["Cleave","Bloodletting"],"picked":"Whirlwind","floor":3},{"not_picked":["Clothesline","Flex","Clash"],"picked":"SKIP","floor":4},{"not_picked":["Clothesline","Perfected Strike"],"picked":"Rampage","floor":6},{"not_picked":["Clash","Berserk","Flex"],"picked":"SKIP","floor":8},{"not_picked":["Twin Strike","Entrench"],"picked":"Rage","floor":12},{"not_picked":["Warcry","Sword Boomerang"],"picked":"Shrug It Off","floor":14},{"not_picked":["Brutality","Limit Break"],"picked":"Demon Form","floor":16},{"not_picked":["Body Slam","Combust"],"picked":"Evolve","floor":18},{"not_picked":["Wild Strike","Sword Boomerang","Heavy Blade"],"picked":"SKIP","floor":19}],"player_experience":226228,"relics_obtained":[{"floor":6,"key":"Paper Frog"},{"floor":8,"key":"PreservedInsect"},{"floor":9,"key":"MawBank"},{"floor":12,"key":"Boot"},{"floor":14,"key":"Torii"}],"event_choices":[{"damage_healed":0,"gold_gain":0,"player_choice":"Donut","damage_taken":0,"max_hp_gain":5,"max_hp_loss":0,"event_name":"Big Fish","floor":2,"gold_loss":0},{"damage_healed":0,"gold_gain":0,"player_choice":"Grow","damage_taken":0,"max_hp_gain":0,"max_hp_loss":0,"event_name":"Living Wall","floor":5,"gold_loss":0,"cards_upgraded":["Whirlwind"]},{"damage_healed":0,"gold_gain":0,"player_choice":"Fled","damage_taken":0,"max_hp_gain":0,"max_hp_loss":0,"event_name":"Scrap Ooze","floor":11,"gold_loss":0},{"damage_healed":0,"gold_gain":0,"player_choice":"Ignored","damage_taken":0,"max_hp_gain":0,"max_hp_loss":0,"event_name":"Vampires","floor":20,"gold_loss":0}],"is_beta":false,"boss_relics":[{"not_picked":["Fusion Hammer","Runic Dome"],"picked":"Empty Cage"}],"items_purged_floors":[13,21],"is_endless":false,"potions_floor_spawned":[6,12,14],"ascension_level":19}