{"gold_per_floor":[119,136,151,166,186,186,186,186,186,203,219,11,11,28,28,123,123,139,99,119,135,148,148,163,163],"floor_reached":25,"playtime":1597,"items_purged":[],"score":201,"play_id":"46130b0c-636d-4793-b9f7-e2f5dfcb8c8f","local_time":"20181012175714","is_ascension_mode":false,"campfire_choices":[{"data":"Accuracy","floor":6,"key":"SMITH"},{"data":"Iron Wave","floor":8,"key":"SMITH"},{"floor":15,"key":"REST"},{"floor":23,"key":"REST"}],"neow_cost":"NONE","seed_source_timestamp":181038883008400,"circlet_count":0,"master_deck":["Defend_G","Defend_G","Defend_G","Defend_G","Defend_G","Strike_G","Strike_G","Strike_G","Strike_G+1","Survivor","Neutralize+1","Accuracy+1","Noxious Fumes","Blade Dance","Quick Slash","Prepared","Iron Wave+1","Infinite Blades+1","The Bomb","Blade Dance","Tools of the Trade"],"relics":["Ring of the Snake","Darkstone Periapt","Busted Crown"],"potions_floor_usage":[11,11,16,18],"damage_taken":[{"damage":0,"enemies":"Jaw Worm","floor":1,"turns":6},{"damage":0,"enemies":"Cultist","floor":2,"turns":5},{"damage":6,"enemies":"Small Slimes","floor":3,"turns":3},{"damage":17,"enemies":"3 Louse","floor":4,"turns":5},{"damage":5,"enemies":"Looter","floor":5,"turns":4},{"damage":4,"enemies":"Exordium Thugs","floor":10,"turns":5},{"damage":9,"enemies":"3 Louse","floor":11,"turns":3},{"damage":1,"enemies":"Red Slaver","floor":14,"turns":4},{"damage":40,"enemies":"The Guardian","floor":16,"turns":11},{"damage":0,"enemies":"Chosen","floor":18,"turns":4},{"damage":13,"enemies":"3 Byrds","floor":20,"turns":4},{"damage":25,"enemies":"Sentry and Sphere","floor":21,"turns":4},{"damage":23,"enemies":"Cultist and Chosen","floor":22,"turns":6},{"damage":21,"enemies":"Shelled Parasite and Fungi","floor":24,"turns":4},{"damage":9,"enemies":"Slavers","floor":25,"turns":1}],"seed_played":"-7484829238688238596","potions_obtained":[{"floor":1,"key":"FearPotion"},{"floor":2,"key":"PowerPotion"},{"floor":10,"key":"Regen Potion"},{"floor":11,"key":"EssenceOfSteel"},{"floor":20,"key":"Ancient Potion"}],"is_trial":false,"path_per_floor":["M","M","M","M","M","R","?","R","T","M","M","$","?","M","R","B",null,"M","?","M","M","M","R","M"],"character_chosen":"THE_SILENT","items_purchased":["The Bomb"],"campfire_rested":2,"item_purchase_floors":[12],"current_hp_per_floor":[70,70,64,47,42,42,42,42,42,38,38,38,38,37,58,18,70,70,70,57,32,9,30,9,0],"gold":163,"neow_bonus":"THREE_CARDS","is_prod":false,"is_daily":false,"chose_seed":false,"campfire_upgraded":2,"win_rate":0.0,"timestamp":1539381434,"path_taken":["M","M","M","M","M","R","?","R","T","M","M","$","?","M","R","BOSS","M","?","M","M","M","R","M","E"],"build_version":"2018-10-11","purchased_purges":0,"victory":false,"max_hp_per_floor":[70,70,70,70,70,70,70,70,70,70,70,70,70,70,70,70,70,70,70,70,70,70,70,70,70],"card_choices":[{"not_picked":["Eviscerate","Heel Hook"],"picked":"Accuracy","floor":0},{"not_picked":["Masterful Stab","Blur"],"picked":"Noxious Fumes","floor":1},{"not_picked":["Slice","Dodge and Roll"],"picked":"Blade Dance","floor":2},{"not_picked":["Sucker Punch","Masterful Stab","Slice"],"picked":"SKIP","floor":3},{"not_picked":["Underhanded Strike","Sucker Punch"],"picked":"Quick Slash","floor":4},{"not_picked":["Dagger Spray","Acrobatics"],"picked":"Prepared","floor":5},{"not_picked":["Night Terror","PiercingWail","Bane"],"picked":"SKIP","floor":10},{"not_picked":["PiercingWail","Bane"],"picked":"Infinite Blades","floor":11},{"not_picked":["Endless Agony","Sucker Punch"],"picked":"Blade Dance","floor":14},{"not_picked":["Wraith Form v2","Bullet Time"],"picked":"Tools of the Trade","floor":16},{"not_picked":["Poisoned Stab"],"picked":"SKIP","floor":18},{"not_picked":["Setup"],"picked":"SKIP","floor":20},{"not_picked":["Sucker Punch"],"picked":"SKIP","floor":21},{"not_picked":["Poisoned Stab"],"picked":"SKIP","floor":22},{"not_picked":["All Out Attack"],"picked":"SKIP","floor":24}],"player_experience":234893,"relics_obtained":[{"floor":9,"key":"Darkstone Periapt"}],"event_choices":[{"event_name":"NoteForYourself","player_choice":"Took Card","floor":7,"damage_taken":0},{"event_name":"Living Wall","player_choice":"Grow","floor":13,"damage_taken":0},{"event_name":"Designer","player_choice":"Upgrade 2 Random Cards","floor":19,"damage_taken":0}],"is_beta":true,"boss_relics":[{"not_picked":["Orrery","Sozu"],"picked":"Busted Crown"}],"items_purged_floors":[],"is_endless":false,"potions_floor_spawned":[1,2,10,11,20],"killed_by":"Slavers","ascension_level":0}