{"gold_per_floor":[113,113,131,131,144,175,60,87,87,87,44,64,64,95,95,95],"floor_reached":16,"playtime":852,"items_purged":[],"score":183,"play_id":"9abb15f5-a618-4d91-827e-f48328a578f3","local_time":"20190422005232","is_ascension_mode":true,"campfire_choices":[{"floor":10,"key":"REST"},{"data":"Genetic Algorithm","floor":13,"key":"SMITH"},{"floor":15,"key":"REST"}],"neow_cost":"NONE","seed_source_timestamp":354919174678678,"circlet_count":0,"master_deck":["AscendersBane","Strike_B","Strike_B","Defend_B","Defend_B","Defend_B","Defend_B","Zap+1","Dualcast","Sweeping Beam","Coolheaded","Doom and Gloom","FTL","Genetic Algorithm+1","Capacitor","Conserve Battery","Compile Driver","White Noise"],"relics":["Cracked Core","Blue Candle","Letter Opener","Meat on the Bone","PreservedInsect"],"potions_floor_usage":[14,16],"damage_taken":[{"damage":0,"enemies":"2 Louse","floor":1,"turns":2},{"damage":2,"enemies":"Jaw Worm","floor":3,"turns":3},{"damage":10,"enemies":"Small Slimes","floor":5,"turns":2},{"damage":21,"enemies":"Gremlin Nob","floor":6,"turns":4},{"damage":19,"enemies":"Lagavulin","floor":8,"turns":5},{"damage":0,"enemies":"Looter","floor":12,"turns":4},{"damage":36,"enemies":"Gremlin Nob","floor":14,"turns":4},{"damage":42,"enemies":"Slime Boss","floor":16,"turns":7}],"seed_played":"-4945903556425397718","potions_obtained":[{"floor":3,"key":"SneckoOil"},{"floor":5,"key":"SpeedPotion"},{"floor":6,"key":"Strength Potion"},{"floor":14,"key":"SmokeBomb"}],"is_trial":false,"path_per_floor":["?","?","?"],"character_chosen":"DEFECT","items_purchased":["Genetic Algorithm","Capacitor"],"campfire_rested":2,"item_purchase_floors":[7,7],"current_hp_per_floor":[68,68,66,59,49,28,28,9,9,31,31,43,43,19,41,0],"gold":95,"neow_bonus":"UPGRADE_CARD","is_prod":false,"is_daily":false,"chose_seed":false,"campfire_upgraded":1,"win_rate":0,"timestamp":1555890752,"path_taken":["M","?","M","?","M","E","$","E","T","R","?","M","R","E","R","BOSS"],"build_version":"2019-01-23","purchased_purges":0,"victory":false,"max_hp_per_floor":[75,75,75,75,75,75,75,75,75,75,75,75,75,75,75,75],"card_choices":[{"not_picked":["Steam","Redo"],"picked":"Sweeping Beam","floor":1},{"not_picked":["Streamline","Rip and Tear"],"picked":"Coolheaded","floor":3},{"not_picked":["Heatsinks","Barrage"],"picked":"Doom and Gloom","floor":5},{"not_picked":["Reboot","Reprogram"],"picked":"FTL","floor":6},{"not_picked":["Sweeping Beam","Streamline"],"picked":"Conserve Battery","floor":8},{"not_picked":["Heatsinks","Steam"],"picked":"Compile Driver","floor":12},{"not_picked":["BootSequence","Scrape"],"picked":"White Noise","floor":14}],"player_experience":696566,"relics_obtained":[{"floor":6,"key":"Blue Candle"},{"floor":8,"key":"Letter Opener"},{"floor":9,"key":"Meat on the Bone"},{"floor":14,"key":"PreservedInsect"}],"event_choices":[{"cards_removed":["Strike_B"],"damage_healed":0,"gold_gain":0,"player_choice":"Forget","damage_taken":0,"max_hp_gain":0,"max_hp_loss":0,"event_name":"Living Wall","floor":2,"gold_loss":0},{"cards_removed":["Strike_B"],"damage_healed":0,"gold_gain":0,"player_choice":"Card Removal","damage_taken":7,"max_hp_gain":0,"max_hp_loss":0,"event_name":"Golden Wing","floor":4,"gold_loss":0},{"damage_healed":0,"gold_gain":0,"player_choice":"Left Gold","damage_taken":0,"max_hp_gain":0,"max_hp_loss":0,"event_name":"World of Goop","floor":11,"gold_loss":43}],"is_beta":false,"boss_relics":[],"items_purged_floors":[],"is_endless":false,"potions_floor_spawned":[3,5,6,14],"killed_by":"Slime Boss","ascension_level":11}