{"gold_per_floor":[114,131,131,206,64,90,106,135,162,173,173,173,173,184,184,283,283,297,311,311,331,31,57,70,100,171,171,189,189,14,24,24,120,120,139,0,15,115,115,144,144,154,154,154,154,154,166,41,41,41],"floor_reached":51,"playtime":5257,"items_purged":["Strike_R","Strike_R","Strike_R"],"score":1110,"play_id":"16e80392-2fdc-47d8-87db-40ab6465cbc8","local_time":"20190404194329","is_ascension_mode":true,"campfire_choices":[{"data":"Uppercut","floor":11,"key":"SMITH"},{"data":"Clothesline","floor":13,"key":"SMITH"},{"data":"Shrug It Off","floor":15,"key":"SMITH"},{"data":"Shockwave","floor":27,"key":"SMITH"},{"data":"Clothesline","floor":29,"key":"SMITH"},{"floor":32,"key":"REST"},{"floor":41,"key":"REST"},{"floor":44,"key":"REST"},{"data":"Demon Form","floor":49,"key":"SMITH"}],"neow_cost":"NONE","seed_source_timestamp":262411452927602,"circlet_count":0,"master_deck":["AscendersBane","Strike_R","Defend_R","Defend_R","Defend_R","Defend_R","Bash+1","Wild Strike","Clothesline+1","Iron Wave","Shrug It Off+1","Carnage","Clothesline+1","True Grit","Uppercut+1","Feed","True Grit+1","Shockwave","Bandage Up","Shockwave+1","Inflame","Spot Weakness+1","Demon Form+1","Thunderclap+1","Heavy Blade+1","Sadistic Nature","Pummel+1","Shrug It Off+1","Battle Trance+1"],"relics":["Burning Blood","Lantern","Strawberry","Bronze Scales","StoneCalendar","Snecko Eye","MutagenicStrength","Bag of Marbles","PreservedInsect","Toxic Egg 2","Velvet Choker","Red Mask","Thread and Needle","Dodecahedron","Paper Frog","Pantograph"],"potions_floor_usage":[6,8,16,23,33,50],"damage_taken":[{"damage":10,"enemies":"2 Louse","floor":1,"turns":3},{"damage":6,"enemies":"Jaw Worm","floor":2,"turns":4},{"damage":29,"enemies":"3 Sentries","floor":6,"turns":11},{"damage":0,"enemies":"Cultist","floor":7,"turns":3},{"damage":15,"enemies":"Gremlin Nob","floor":8,"turns":4},{"damage":9,"enemies":"2 Fungi Beasts","floor":10,"turns":3},{"damage":1,"enemies":"Blue Slaver","floor":14,"turns":2},{"damage":16,"enemies":"The Guardian","floor":16,"turns":10},{"damage":4,"enemies":"Chosen","floor":18,"turns":3},{"damage":5,"enemies":"3 Byrds","floor":19,"turns":3},{"damage":19,"enemies":"Sentry and Sphere","floor":21,"turns":5},{"damage":34,"enemies":"Slavers","floor":23,"turns":7},{"damage":2,"enemies":"Snecko","floor":24,"turns":5},{"damage":6,"enemies":"Gremlin Leader","floor":25,"turns":6},{"damage":0,"enemies":"3 Cultists","floor":28,"turns":4},{"damage":7,"enemies":"Cultist and Chosen","floor":31,"turns":5},{"damage":86,"enemies":"Collector","floor":33,"turns":9},{"damage":11,"enemies":"Orb Walker","floor":35,"turns":4},{"damage":40,"enemies":"3 Darklings","floor":37,"turns":6},{"damage":6,"enemies":"Mind Bloom Boss Battle","floor":38,"turns":6},{"damage":32,"enemies":"Giant Head","floor":40,"turns":7},{"damage":17,"enemies":"Transient","floor":42,"turns":5},{"damage":19,"enemies":"Spire Growth","floor":47,"turns":5},{"damage":20,"enemies":"Time Eater","floor":50,"turns":5}],"seed_played":"-4419701683461643486","potions_obtained":[{"floor":2,"key":"EntropicBrew"},{"floor":6,"key":"SpeedPotion"},{"floor":14,"key":"LiquidBronze"},{"floor":24,"key":"Regen Potion"},{"floor":25,"key":"Strength Potion"},{"floor":35,"key":"SteroidPotion"}],"is_trial":false,"path_per_floor":["?","?","?","M","?","?","?","?","?","T","M","$"],"character_chosen":"IRONCLAD","items_purchased":["Iron Wave","Shrug It Off","SteroidPotion","Shockwave","EssenceOfSteel","Bandage Up","Inflame"],"campfire_rested":3,"item_purchase_floors":[5,5,5,22,22,22,30],"current_hp_per_floor":[68,68,73,62,62,39,45,43,43,40,40,40,40,45,45,35,78,80,84,84,74,74,46,54,54,54,54,63,63,63,65,96,35,87,86,86,56,60,60,38,69,58,58,89,89,89,80,80,80,90],"gold":41,"neow_bonus":"UPGRADE_CARD","is_prod":false,"is_daily":false,"chose_seed":false,"campfire_upgraded":6,"win_rate":0,"timestamp":1554403409,"path_taken":["M","M","?","?","$","E","M","E","T","M","R","?","R","M","R","BOSS","M","?","?","M","$","E","M","E","T","R","M","R","$","M","R","BOSS","M","?","M","?","?","E","R","M","T","R","?","?","?","?","R","BOSS"],"build_version":"2019-01-23","purchased_purges":3,"victory":true,"max_hp_per_floor":[80,80,85,85,85,85,85,92,92,92,92,92,92,92,92,92,92,92,95,95,98,98,98,98,98,98,98,101,101,101,104,104,104,104,104,104,104,104,104,104,104,104,104,104,104,104,104,104,104,104],"card_choices":[{"not_picked":["Twin Strike","Thunderclap"],"picked":"Wild Strike","floor":1},{"not_picked":["Headbutt","Hemokinesis"],"picked":"Clothesline","floor":2},{"not_picked":["Perfected Strike","Rupture"],"picked":"Carnage","floor":6},{"not_picked":["Pommel Strike","Clash"],"picked":"Clothesline","floor":7},{"not_picked":["Headbutt","Iron Wave"],"picked":"True Grit","floor":8},{"not_picked":["Carnage","Armaments"],"picked":"Uppercut","floor":10},{"not_picked":["Pummel","Offering","Burning Pact"],"picked":"SKIP","floor":14},{"not_picked":["Berserk","Double Tap"],"picked":"Feed","floor":16},{"not_picked":["Cleave","Sword Boomerang","Perfected Strike"],"picked":"SKIP","floor":18},{"not_picked":["Bloodletting","Reckless Charge+1"],"picked":"True Grit+1","floor":19},{"not_picked":["Entrench+1","Body Slam","Bloodletting"],"picked":"SKIP","floor":21},{"not_picked":["Burning Pact","Infernal Blade","Perfected Strike"],"picked":"SKIP","floor":23},{"not_picked":["Sword Boomerang","Anger"],"picked":"Shockwave","floor":24},{"not_picked":["Berserk","Rampage","Rage"],"picked":"SKIP","floor":25},{"not_picked":["Flex+1","True Grit+1","Perfected Strike"],"picked":"SKIP","floor":28},{"not_picked":["Immolate","Havoc+1"],"picked":"Spot Weakness+1","floor":31},{"not_picked":["Offering+1","Exhume+1"],"picked":"Demon Form","floor":33},{"not_picked":["Warcry+1","Searing Blow","Burning Pact+1"],"picked":"SKIP","floor":35},{"not_picked":["Warcry+1","Cleave"],"picked":"Thunderclap+1","floor":37},{"not_picked":["Havoc+1","Sword Boomerang+1"],"picked":"Heavy Blade+1","floor":38},{"not_picked":["Good Instincts+1","Chrysalis+1"],"picked":"Sadistic Nature","floor":39},{"not_picked":["Sword Boomerang+1","Havoc+1"],"picked":"Pummel+1","floor":40},{"not_picked":["Cleave+1","Flex+1"],"picked":"Shrug It Off+1","floor":42},{"not_picked":["Twin Strike","Sever Soul"],"picked":"Battle Trance+1","floor":47}],"player_experience":454266,"relics_obtained":[{"floor":6,"key":"Lantern"},{"floor":8,"key":"Strawberry"},{"floor":9,"key":"Bronze Scales"},{"floor":23,"key":"Bag of Marbles"},{"floor":25,"key":"PreservedInsect"},{"floor":26,"key":"Toxic Egg 2"},{"floor":38,"key":"Thread and Needle"},{"floor":40,"key":"Dodecahedron"},{"floor":43,"key":"Paper Frog"},{"floor":46,"key":"Pantograph"}],"event_choices":[{"damage_healed":0,"gold_gain":0,"player_choice":"Donut","damage_taken":0,"max_hp_gain":5,"max_hp_loss":0,"event_name":"Big Fish","floor":3,"gold_loss":0},{"damage_healed":0,"gold_gain":75,"player_choice":"Gather Gold","damage_taken":11,"max_hp_gain":0,"max_hp_loss":0,"event_name":"World of Goop","floor":4,"gold_loss":0},{"damage_healed":0,"gold_gain":0,"player_choice":"Gave Potion","damage_taken":0,"relics_obtained":["StoneCalendar"],"max_hp_gain":0,"max_hp_loss":0,"event_name":"WeMeetAgain","floor":12,"gold_loss":0},{"damage_healed":0,"gold_gain":0,"player_choice":"Inject Mutagens","damage_taken":0,"relics_obtained":["MutagenicStrength"],"max_hp_gain":0,"max_hp_loss":0,"event_name":"Drug Dealer","floor":20,"gold_loss":0},{"damage_healed":0,"gold_gain":0,"player_choice":"Paid","damage_taken":0,"relics_obtained":["Red Mask"],"max_hp_gain":0,"max_hp_loss":0,"event_name":"Tomb of Lord Red Mask","floor":36,"gold_loss":139},{"damage_healed":0,"gold_gain":0,"player_choice":"Fight","damage_taken":0,"max_hp_gain":0,"max_hp_loss":0,"event_name":"MindBloom","floor":38,"gold_loss":0},{"damage_healed":0,"gold_gain":0,"player_choice":"Memory 1","damage_taken":0,"max_hp_gain":0,"max_hp_loss":0,"event_name":"SensoryStone","floor":39,"gold_loss":0},{"cards_removed":["Strike_R"],"damage_healed":0,"gold_gain":0,"player_choice":"Removed Attack","damage_taken":0,"max_hp_gain":0,"max_hp_loss":0,"event_name":"Falling","floor":45,"gold_loss":0}],"is_beta":false,"boss_relics":[{"not_picked":["Calling Bell","Empty Cage"],"picked":"Snecko Eye"},{"not_picked":["Eternal Feather","Sozu"],"picked":"Velvet Choker"}],"items_purged_floors":[22,30,48],"is_endless":false,"potions_floor_spawned":[2,6,14,24,25,28,31,35,37],"ascension_level":11}