{"gold_per_floor":[118,293,309,384,398,432,432,432,455,491,102,122,122,142,142,266,266,287,133,119,140,65,65,79,79,79,79,119,43,58,73,73,73],"floor_reached":33,"playtime":1651,"items_purged":["Doubt"],"score":282,"play_id":"11980c0c-de1c-4344-8749-317d7876c960","local_time":"20190214144848","is_ascension_mode":false,"campfire_choices":[{"floor":7,"key":"REST"},{"floor":15,"key":"REST"},{"data":"1","floor":23,"key":"LIFT"},{"data":"2","floor":25,"key":"LIFT"},{"floor":27,"key":"REST"},{"floor":32,"key":"REST"}],"neow_cost":"NONE","seed_source_timestamp":15617460044831,"circlet_count":0,"master_deck":["Strike_B","Strike_B","Strike_B","Strike_B","Defend_B","Defend_B","Defend_B","Zap","Dualcast","Seek","Gash","Gash","Gash","Cold Snap","Injury","Storm","Core Surge","Leap","Core Surge","Leap","Conserve Battery","Buffer","Defragment+1","Cold Snap","Leap+1","Scrape+1","Compile Driver+1","Melter","Force Field+1","Double Energy+1","Storm","Fusion+1","Hologram+1","Static Discharge","Hologram+1","Tempest+1"],"relics":["Cracked Core","DataDisk","Golden Idol","Lantern","Girya","Prayer Wheel","Inserter","Dream Catcher","Toxic Egg 2","Red Mask"],"potions_floor_usage":[14,16,28,33],"damage_taken":[{"damage":0,"enemies":"2 Louse","floor":1,"turns":2},{"damage":8,"enemies":"Small Slimes","floor":3,"turns":4},{"damage":1,"enemies":"Cultist","floor":5,"turns":3},{"damage":39,"enemies":"3 Sentries","floor":6,"turns":8},{"damage":32,"enemies":"Lagavulin","floor":10,"turns":6},{"damage":11,"enemies":"Lots of Slimes","floor":12,"turns":4},{"damage":0,"enemies":"Red Slaver","floor":14,"turns":3},{"damage":4,"enemies":"Slime Boss","floor":16,"turns":7},{"damage":6,"enemies":"Chosen","floor":18,"turns":5},{"damage":8,"enemies":"2 Thieves","floor":20,"turns":4},{"damage":20,"enemies":"3 Cultists","floor":21,"turns":6},{"damage":8,"enemies":"Centurion and Healer","floor":24,"turns":7},{"damage":0,"enemies":"Masked Bandits","floor":28,"turns":2},{"damage":10,"enemies":"Snecko","floor":30,"turns":5},{"damage":16,"enemies":"3 Cultists","floor":31,"turns":5},{"damage":54,"enemies":"Automaton","floor":33,"turns":6}],"seed_played":"-5391877131461653901","potions_obtained":[{"floor":3,"key":"FearPotion"},{"floor":6,"key":"GamblersBrew"},{"floor":12,"key":"Block Potion"},{"floor":14,"key":"Dexterity Potion"},{"floor":16,"key":"SpeedPotion"},{"floor":24,"key":"AttackPotion"},{"floor":30,"key":"Poison Potion"}],"is_trial":false,"path_per_floor":["M","?","M","?","M","E","R","?","T","E","$","M","?","M","R","B",null,"M","$","M","M","$","R","M","R","T","R","?","$","M","M","R","B"],"character_chosen":"DEFECT","items_purchased":["Prayer Wheel","FairyPotion","Dream Catcher","Storm"],"campfire_rested":4,"item_purchase_floors":[11,11,19,29],"current_hp_per_floor":[75,75,67,56,55,16,38,38,38,6,6,3,3,3,25,21,75,69,69,61,41,41,41,33,33,33,55,55,55,45,29,51,0],"gold":73,"neow_bonus":"ONE_RANDOM_RARE_CARD","is_prod":false,"is_daily":false,"chose_seed":false,"campfire_upgraded":0,"win_rate":0,"timestamp":1550173728,"path_taken":["M","?","M","?","M","E","R","?","T","E","$","M","?","M","R","BOSS","M","?","?","M","?","R","M","R","T","R","?","$","M","M","R","BOSS"],"build_version":"2019-01-23","purchased_purges":1,"victory":false,"max_hp_per_floor":[75,75,75,75,75,75,75,75,75,75,75,75,75,75,75,75,75,75,75,75,75,75,75,75,75,75,75,75,75,75,75,75,75],"card_choices":[{"not_picked":["Double Energy","Compile Driver"],"picked":"Gash","floor":1},{"not_picked":["Turbo","Heatsinks"],"picked":"Gash","floor":3},{"not_picked":["Rebound","Go for the Eyes"],"picked":"Gash","floor":5},{"not_picked":["Go for the Eyes","Auto Shields"],"picked":"Cold Snap","floor":6},{"not_picked":["Glacier","White Noise"],"picked":"Storm","floor":10},{"not_picked":["Rebound","Steam"],"picked":"Core Surge","floor":12},{"not_picked":["Go for the Eyes","Coolheaded"],"picked":"Leap","floor":12},{"not_picked":["Self Repair","Glacier"],"picked":"Leap","floor":14},{"not_picked":["Compile Driver","Storm"],"picked":"Conserve Battery","floor":14},{"not_picked":["Core Surge","Thunder Strike"],"picked":"Buffer","floor":16},{"not_picked":["Hologram","Ball Lightning"],"picked":"Defragment+1","floor":18},{"not_picked":["Blizzard+1","Streamline"],"picked":"Cold Snap","floor":18},{"not_picked":["Genetic Algorithm","Tempest"],"picked":"Leap+1","floor":20},{"not_picked":["Stack","Coolheaded","Glacier"],"picked":"SKIP","floor":20},{"not_picked":["Darkness","Sweeping Beam"],"picked":"Scrape+1","floor":21},{"not_picked":["Leap+1","Thunder Strike","Streamline"],"picked":"SKIP","floor":21},{"not_picked":["Consume","FTL"],"picked":"Compile Driver+1","floor":24},{"not_picked":["Cold Snap","Turbo"],"picked":"Melter","floor":24},{"not_picked":["Coolheaded+1","Cold Snap"],"picked":"Force Field+1","floor":27},{"not_picked":["Defragment","Cold Snap"],"picked":"Double Energy+1","floor":28},{"not_picked":["Melter","Redo+1"],"picked":"Fusion+1","floor":30},{"not_picked":["Cold Snap+1","Stack+1"],"picked":"Hologram+1","floor":30},{"not_picked":["BootSequence+1","Turbo+1"],"picked":"Static Discharge","floor":31},{"not_picked":["Sweeping Beam+1","Recycle+1"],"picked":"Hologram+1","floor":31},{"not_picked":["Glacier+1","Melter"],"picked":"Tempest+1","floor":32}],"player_experience":199756,"relics_obtained":[{"floor":6,"key":"DataDisk"},{"floor":9,"key":"Lantern"},{"floor":10,"key":"Girya"},{"floor":26,"key":"Toxic Egg 2"},{"floor":28,"key":"Red Mask"}],"event_choices":[{"damage_healed":0,"gold_gain":175,"player_choice":"AGREE","damage_taken":0,"max_hp_gain":0,"max_hp_loss":0,"event_name":"Liars Game","floor":2,"gold_loss":0,"cards_obtained":["Doubt"]},{"damage_healed":0,"gold_gain":75,"player_choice":"Gather Gold","damage_taken":11,"max_hp_gain":0,"max_hp_loss":0,"event_name":"World of Goop","floor":4,"gold_loss":0},{"damage_healed":0,"gold_gain":0,"player_choice":"Take Wound","damage_taken":0,"relics_obtained":["Golden Idol"],"max_hp_gain":0,"max_hp_loss":0,"event_name":"Golden Idol","floor":8,"gold_loss":0,"cards_obtained":["Injury"]},{"damage_healed":0,"gold_gain":0,"cards_transformed":["Defend_B"],"player_choice":"Transformed","damage_taken":0,"max_hp_gain":0,"max_hp_loss":0,"event_name":"Transmorgrifier","floor":13,"gold_loss":0,"cards_obtained":["Core Surge"]},{"damage_healed":0,"gold_gain":0,"player_choice":"Fought Bandits","damage_taken":0,"max_hp_gain":0,"max_hp_loss":0,"event_name":"Masked Bandits","floor":28,"gold_loss":0}],"is_beta":false,"boss_relics":[{"not_picked":["Runic Pyramid","Pandora\u0027s Box"],"picked":"Inserter"}],"items_purged_floors":[22],"is_endless":false,"potions_floor_spawned":[3,6,12,14,16,24,30,31],"killed_by":"Automaton","ascension_level":0}