{"gold_per_floor":[117,71,84,11,11,11,39,55,107,107,123,123,148,162,162,263,263,263,263,173,98,98,98],"floor_reached":23,"playtime":982,"items_purged":["Strike_B"],"score":235,"play_id":"5935cb4e-c2c7-4c11-be1c-42e5f3e80f30","local_time":"20190128143216","is_ascension_mode":true,"campfire_choices":[{"data":"Loop","floor":6,"key":"SMITH"},{"data":"Chaos","floor":12,"key":"SMITH"},{"data":"Lockon","floor":15,"key":"SMITH"}],"neow_cost":"NONE","seed_source_timestamp":176268965441666,"circlet_count":0,"master_deck":["Strike_B","Strike_B","Strike_B","Defend_B","Defend_B","Defend_B","Defend_B","Zap","Dualcast","Capacitor","Cold Snap","Reinforced Body","Loop+1","Glacier","Chaos+1","Force Field","Darkness","Lockon+1","Seek","Reinforced Body+1","Cold Snap","Decay"],"relics":["Cracked Core","NeowsBlessing","Peace Pipe","Bag of Preparation","Question Card","Ectoplasm","Shovel"],"potions_floor_usage":[16,23],"damage_taken":[{"damage":0,"enemies":"Cultist","floor":1,"turns":1},{"damage":0,"enemies":"Small Slimes","floor":3,"turns":1},{"damage":0,"enemies":"Lagavulin","floor":7,"turns":1},{"damage":0,"enemies":"Jaw Worm","floor":8,"turns":4},{"damage":4,"enemies":"Exordium Thugs","floor":11,"turns":7},{"damage":9,"enemies":"3 Sentries","floor":13,"turns":10},{"damage":7,"enemies":"Gremlin Gang","floor":14,"turns":6},{"damage":29,"enemies":"Slime Boss","floor":16,"turns":9},{"damage":9,"enemies":"Spheric Guardian","floor":18,"turns":4},{"damage":10,"enemies":"2 Thieves","floor":20,"turns":5},{"damage":62,"enemies":"Gremlin Leader","floor":23,"turns":8}],"seed_played":"-641624620691070112","potions_obtained":[{"floor":1,"key":"SpeedPotion"},{"floor":8,"key":"SteroidPotion"},{"floor":14,"key":"EssenceOfSteel"},{"floor":16,"key":"Strength Potion"}],"is_trial":false,"path_per_floor":["M","T","?","T","?"],"character_chosen":"DEFECT","items_purchased":["Cold Snap","Loop"],"campfire_rested":0,"item_purchase_floors":[2,4],"current_hp_per_floor":[75,75,75,75,75,75,75,75,75,75,71,71,62,55,55,26,75,66,66,56,56,56,0],"gold":98,"neow_bonus":"THREE_ENEMY_KILL","is_prod":false,"is_daily":false,"chose_seed":false,"campfire_upgraded":3,"win_rate":0,"timestamp":1548714736,"path_taken":["M","$","?","$","?","R","E","M","T","?","M","R","E","M","R","BOSS","M","?","M","$","?","E"],"build_version":"2019-01-23","purchased_purges":1,"victory":false,"max_hp_per_floor":[75,75,75,75,75,75,75,75,75,75,75,75,75,75,75,75,75,75,75,75,75,75,75],"card_choices":[{"not_picked":["Barrage","Sunder"],"picked":"Capacitor","floor":1},{"not_picked":["Streamline","Leap"],"picked":"Reinforced Body","floor":3},{"not_picked":["Auto Shields","Gash"],"picked":"Glacier","floor":7},{"not_picked":["Conserve Battery","Double Energy"],"picked":"Chaos","floor":8},{"not_picked":["Sweeping Beam","Rainbow"],"picked":"Force Field","floor":11},{"not_picked":["Coolheaded","Rebound"],"picked":"Darkness","floor":13},{"not_picked":["FTL","Darkness","Turbo"],"picked":"Lockon","floor":14},{"not_picked":["Fission","Electrodynamics","Thunder Strike"],"picked":"Seek","floor":16},{"not_picked":["Cold Snap","Steam","Fusion"],"picked":"Reinforced Body+1","floor":18},{"not_picked":["Chaos","Gash","Thunder Strike"],"picked":"Cold Snap","floor":20}],"player_experience":16846,"relics_obtained":[{"floor":5,"key":"Peace Pipe"},{"floor":7,"key":"Bag of Preparation"},{"floor":13,"key":"Question Card"},{"floor":19,"key":"Shovel"}],"event_choices":[{"damage_healed":0,"gold_gain":0,"player_choice":"0 cards matched","damage_taken":0,"max_hp_gain":0,"max_hp_loss":0,"event_name":"Match and Keep!","floor":10,"gold_loss":0,"cards_obtained":[]},{"damage_healed":0,"gold_gain":0,"player_choice":"Smashed Altar","damage_taken":0,"max_hp_gain":0,"max_hp_loss":0,"event_name":"Forgotten Altar","floor":22,"gold_loss":0,"cards_obtained":["Decay"]}],"is_beta":false,"boss_relics":[{"not_picked":["Runic Dome","White Beast Statue"],"picked":"Ectoplasm"}],"items_purged_floors":[21],"is_endless":false,"potions_floor_spawned":[1,8,14,16,18],"killed_by":"Gremlin Leader","ascension_level":1}