{"gold_per_floor":[110,110,123,123,138,138,150,75,75,75,75,88,103,120,120,221,221,236,254,154,154],"floor_reached":21,"playtime":792,"items_purged":["Defend_R","Strike_R"],"score":223,"play_id":"3346037e-5a91-497d-a5c0-8138482b481e","local_time":"20190423135743","is_ascension_mode":false,"campfire_choices":[{"data":"Bash","floor":6.0,"key":"SMITH"},{"data":"Dropkick","floor":10.0,"key":"SMITH"},{"data":"Dropkick","floor":15.0,"key":"SMITH"}],"neow_cost":"NONE","seed_source_timestamp":241802831882606,"circlet_count":0,"master_deck":["Strike_R","Strike_R","Strike_R","Defend_R","Defend_R","Defend_R","Bash+1","Disarm","Dropkick+1","Dropkick","Dropkick+1"],"special_seed":0,"relics":["Burning Blood"],"potions_floor_usage":[19],"damage_taken":[{"damage":18.0,"enemies":"Jaw Worm","floor":1.0,"turns":3.0},{"damage":14.0,"enemies":"Cultist","floor":3.0,"turns":5.0},{"damage":0.0,"enemies":"Small Slimes","floor":5.0,"turns":3.0},{"damage":4.0,"enemies":"Exordium Wildlife","floor":7.0,"turns":4.0},{"damage":11.0,"enemies":"Red Slaver","floor":12.0,"turns":3.0},{"damage":10.0,"enemies":"2 Fungi Beasts","floor":13.0,"turns":3.0},{"damage":21.0,"enemies":"Lots of Slimes","floor":14.0,"turns":5.0},{"damage":0.0,"enemies":"Slime Boss","floor":16.0,"turns":8.0},{"damage":8.0,"enemies":"Shell Parasite","floor":18.0,"turns":3.0},{"damage":30,"enemies":"Spheric Guardian","floor":19,"turns":4},{"damage":29,"enemies":"Shelled Parasite and Fungi","floor":21,"turns":3}],"seed_played":"7444531178085250231","potions_obtained":[{"floor":5.0,"key":"Block Potion"},{"floor":7.0,"key":"Fruit Juice"},{"floor":11.0,"key":"FearPotion"},{"floor":11.0,"key":"Block Potion"},{"floor":14.0,"key":"Strength Potion"}],"is_trial":false,"path_per_floor":["M","?","M","?","M","R","M","$","T","R","?","M","M","M","R","B",null,"M","M","$","M"],"character_chosen":"IRONCLAD","items_purchased":[],"campfire_rested":0,"item_purchase_floors":[],"current_hp_per_floor":[68,68,60,60,66,66,68,68,68,68,73,68,64,49,49,55,85,83,59,59,30],"gold":154,"neow_bonus":"REMOVE_CARD","is_prod":false,"is_daily":false,"chose_seed":false,"campfire_upgraded":3,"win_rate":0,"timestamp":1556042263,"path_taken":["M","?","M","?","M","R","?","?","T","R","?","M","?","M","R","BOSS","M","M","$","M"],"build_version":"2019-01-23","purchased_purges":2,"victory":false,"max_hp_per_floor":[80,80,80,80,80,80,80,80,80,80,85,85,85,85,85,85,85,85,85,85,85],"card_choices":[{"not_picked":["Wild Strike","Shrug It Off"],"picked":"Disarm","floor":1.0},{"not_picked":["Thunderclap","Burning Pact"],"picked":"Dropkick","floor":3.0},{"not_picked":["Combust","Uppercut","Warcry"],"picked":"SKIP","floor":5.0},{"not_picked":["Clash","Body Slam"],"picked":"Dropkick","floor":7.0},{"not_picked":["Body Slam","Bloodletting","Rampage"],"picked":"SKIP","floor":12.0},{"not_picked":["Uppercut","Rage","Armaments"],"picked":"SKIP","floor":13.0},{"not_picked":["Armaments","Pommel Strike"],"picked":"Dropkick","floor":14.0},{"not_picked":["Rampage+1","Blood for Blood+1","Seeing Red+1"],"picked":"SKIP","floor":18.0},{"not_picked":["Twin Strike","Ghostly Armor","Flex+1"],"picked":"SKIP","floor":19}],"player_experience":373653,"relics_obtained":[],"event_choices":[{"damage_healed":0.0,"max_hp_gain":0.0,"max_hp_loss":0.0,"gold_gain":0.0,"event_name":"Liars Game","player_choice":"Ignored","floor":2.0,"gold_loss":0.0,"damage_taken":0.0},{"damage_healed":0.0,"max_hp_gain":0.0,"max_hp_loss":0.0,"gold_gain":0.0,"event_name":"FaceTrader","player_choice":"Leave","floor":4.0,"gold_loss":0.0,"damage_taken":0.0},{"damage_healed":0.0,"max_hp_gain":0.0,"max_hp_loss":0.0,"gold_gain":0.0,"event_name":"Lab","player_choice":"Got Potions","floor":11.0,"gold_loss":0.0,"damage_taken":0.0}],"is_beta":false,"boss_relics":[{"not_picked":["Philosopher\u0027s Stone","Fusion Hammer","Runic Pyramid"]}],"items_purged_floors":[8,20],"is_endless":false,"potions_floor_spawned":[5,7,14],"killed_by":"Shelled Parasite and Fungi","ascension_level":0}