{"gold_per_floor":[118,135,135,153,153,153,15,26,26,26,43,107,142,158,158,257,257,277,52,71,86,86,86],"floor_reached":23,"playtime":1190,"items_purged":[],"score":280,"play_id":"cd9014ea-5039-4d81-a632-f7a39cd90301","local_time":"20190320003421","is_ascension_mode":true,"campfire_choices":[{"data":"Infernal Blade","floor":6,"key":"SMITH"},{"data":"Rupture","floor":10,"key":"SMITH"},{"floor":15,"key":"REST"}],"neow_cost":"NONE","seed_source_timestamp":107998242427500,"circlet_count":0,"master_deck":["Strike_R","Strike_R","Strike_R","Strike_R","Defend_R","Defend_R","Defend_R","Bash","Berserk","Rupture+1","Pummel","Infernal Blade+1","Hemokinesis","Inflame","Sword Boomerang","Shrug It Off","Shrug It Off","Double Tap","Havoc","Evolve","Bloodletting","Uppercut+1"],"relics":["Burning Blood","Pen Nib","Ornamental Fan","Cursed Key","MealTicket"],"potions_floor_usage":[16,16,23,23],"damage_taken":[{"damage":0,"enemies":"2 Louse","floor":1,"turns":3},{"damage":15,"enemies":"Cultist","floor":2,"turns":4},{"damage":14,"enemies":"Jaw Worm","floor":4,"turns":3},{"damage":9,"enemies":"Exordium Wildlife","floor":8,"turns":3},{"damage":24,"enemies":"Gremlin Gang","floor":11,"turns":4},{"damage":16,"enemies":"Gremlin Nob","floor":13,"turns":3},{"damage":6,"enemies":"Blue Slaver","floor":14,"turns":3},{"damage":53,"enemies":"The Guardian","floor":16,"turns":13},{"damage":21,"enemies":"Shell Parasite","floor":18,"turns":5},{"damage":21,"enemies":"3 Byrds","floor":20,"turns":5},{"damage":26,"enemies":"Centurion and Healer","floor":21,"turns":8},{"damage":21,"enemies":"Book of Stabbing","floor":23,"turns":2}],"seed_played":"-7139323598432553846","potions_obtained":[{"floor":2,"key":"PowerPotion"},{"floor":3,"key":"SpeedPotion"},{"floor":3,"key":"SneckoOil"},{"floor":14,"key":"PowerPotion"},{"floor":18,"key":"Energy Potion"},{"floor":20,"key":"Fire Potion"}],"is_trial":false,"path_per_floor":["M","M","?","M","?","R","$","M","T","R","M","?","E","M","R","B",null,"M","$","M","M","?","E"],"character_chosen":"IRONCLAD","items_purchased":["Hemokinesis","Inflame","Evolve","MealTicket"],"campfire_rested":1,"item_purchase_floors":[7,7,19,19],"current_hp_per_floor":[78,69,69,61,66,66,66,63,63,63,45,45,35,35,60,13,67,52,52,37,17,17,0],"gold":86,"neow_bonus":"TRANSFORM_CARD","is_prod":false,"is_daily":false,"chose_seed":false,"campfire_upgraded":2,"win_rate":0,"timestamp":1553056461,"path_taken":["M","M","?","?","?","R","?","M","T","R","?","?","E","M","R","BOSS","M","$","M","M","?","E"],"build_version":"2019-01-23","purchased_purges":0,"victory":false,"max_hp_per_floor":[80,80,80,80,85,85,85,85,85,85,85,85,85,85,85,85,85,85,85,85,85,85,85],"card_choices":[{"not_picked":["Pommel Strike","Body Slam"],"picked":"Rupture","floor":1},{"not_picked":["Infernal Blade","Clash"],"picked":"Pummel","floor":2},{"not_picked":["Second Wind","Clothesline"],"picked":"Infernal Blade","floor":4},{"not_picked":["Anger","Blood for Blood"],"picked":"Sword Boomerang","floor":8},{"not_picked":["Rage","Twin Strike"],"picked":"Shrug It Off","floor":11},{"not_picked":["Clash","Anger","Fire Breathing"],"picked":"SKIP","floor":13},{"not_picked":["Reckless Charge","Infernal Blade"],"picked":"Shrug It Off","floor":14},{"not_picked":["Bludgeon","Fiend Fire"],"picked":"Double Tap","floor":16},{"not_picked":["Sword Boomerang","Warcry+1"],"picked":"Havoc","floor":18},{"not_picked":["Iron Wave+1","Fire Breathing"],"picked":"Bloodletting","floor":20},{"not_picked":["Iron Wave","Searing Blow+1"],"picked":"Uppercut+1","floor":21}],"player_experience":549696,"relics_obtained":[{"floor":9,"key":"Pen Nib"},{"floor":13,"key":"Ornamental Fan"}],"event_choices":[{"damage_healed":0,"gold_gain":0,"player_choice":"Got Potions","damage_taken":0,"max_hp_gain":0,"max_hp_loss":0,"event_name":"Lab","floor":3,"gold_loss":0},{"damage_healed":0,"gold_gain":0,"player_choice":"Donut","damage_taken":0,"max_hp_gain":5,"max_hp_loss":0,"event_name":"Big Fish","floor":5,"gold_loss":0},{"damage_healed":0,"gold_gain":64,"player_choice":"Gained Gold","damage_taken":0,"max_hp_gain":0,"max_hp_loss":0,"event_name":"Golden Wing","floor":12,"gold_loss":0},{"cards_removed":["Strike_R"],"damage_healed":0,"gold_gain":0,"player_choice":"Purged","damage_taken":0,"max_hp_gain":0,"max_hp_loss":0,"event_name":"Purifier","floor":22,"gold_loss":0}],"is_beta":false,"boss_relics":[{"not_picked":["Runic Cube","White Beast Statue"],"picked":"Cursed Key"}],"items_purged_floors":[],"is_endless":false,"potions_floor_spawned":[2,8,11,14,18,20],"killed_by":"Book of Stabbing","ascension_level":9}