{"gold_per_floor":[112,112,112,122,139,139,167,167,190,204,224,224,224,249,249,249],"floor_reached":16,"playtime":547,"items_purged":[],"score":220,"play_id":"0385d7dd-0306-4b12-8195-5c567f0965aa","local_time":"20190421211005","is_ascension_mode":true,"campfire_choices":[{"floor":6,"key":"REST"},{"floor":8,"key":"REST"},{"floor":13,"key":"REST"},{"data":"Biased Cognition","floor":15,"key":"SMITH"}],"neow_cost":"PERCENT_DAMAGE","seed_source_timestamp":30119977735221,"circlet_count":0,"master_deck":["AscendersBane","Strike_B","Strike_B","Strike_B","Defend_B","Defend_B","Defend_B","Defend_B","Zap","Dualcast","Biased Cognition+1","Go for the Eyes","Coolheaded","Meteor Strike","Reinforced Body","Coolheaded"],"relics":["Cracked Core","PreservedInsect","Happy Flower","Lantern","Cables"],"potions_floor_usage":[16],"damage_taken":[{"damage":2,"enemies":"Jaw Worm","floor":1,"turns":3},{"damage":11,"enemies":"2 Louse","floor":4,"turns":3},{"damage":0,"enemies":"Cultist","floor":5,"turns":3},{"damage":15,"enemies":"Lagavulin","floor":7,"turns":6},{"damage":19,"enemies":"Gremlin Gang","floor":10,"turns":6},{"damage":1,"enemies":"Large Slime","floor":11,"turns":6},{"damage":15,"enemies":"3 Sentries","floor":14,"turns":6},{"damage":21,"enemies":"Hexaghost","floor":16,"turns":14}],"seed_played":"-981910061700070260","potions_obtained":[{"floor":10,"key":"SpeedPotion"},{"floor":14,"key":"Ancient Potion"}],"is_trial":false,"path_per_floor":["M","?","?","M","M","R","E","R","T","M","M","?","R","E","R","B"],"character_chosen":"DEFECT","items_purchased":[],"campfire_rested":3,"item_purchase_floors":[],"current_hp_per_floor":[44,18,18,7,7,28,13,34,34,15,14,14,35,20,20,0],"gold":249,"neow_bonus":"THREE_RARE_CARDS","is_prod":false,"is_daily":false,"chose_seed":false,"campfire_upgraded":1,"win_rate":0,"timestamp":1555873805,"path_taken":["M","?","?","?","M","R","E","R","T","?","M","?","R","E","R","BOSS"],"build_version":"2019-04-20","purchased_purges":0,"victory":false,"max_hp_per_floor":[71,71,71,71,71,71,71,71,71,71,71,71,71,71,71,71],"card_choices":[{"not_picked":["Electrodynamics","Meteor Strike"],"picked":"Biased Cognition","floor":0},{"not_picked":["Streamline","Rebound","Recycle"],"picked":"SKIP","floor":1},{"not_picked":["Doom and Gloom","Stack"],"picked":"Go for the Eyes","floor":4},{"not_picked":["Rebound","Conserve Battery"],"picked":"Coolheaded","floor":5},{"not_picked":["Recycle","Static Discharge"],"picked":"Meteor Strike","floor":7},{"not_picked":["Aggregate","Streamline"],"picked":"Reinforced Body","floor":10},{"not_picked":["Sweeping Beam","Go for the Eyes"],"picked":"Coolheaded","floor":11},{"not_picked":["Hyperbeam","Stack","Steam"],"picked":"SKIP","floor":14}],"player_experience":1187229,"relics_obtained":[{"floor":7,"key":"Happy Flower"},{"floor":9,"key":"Lantern"},{"floor":14,"key":"Cables"}],"event_choices":[{"damage_healed":0,"gold_gain":0,"player_choice":"Success","damage_taken":26,"relics_obtained":["PreservedInsect"],"max_hp_gain":0,"max_hp_loss":0,"event_name":"Scrap Ooze","floor":2,"gold_loss":0},{"cards_removed":["Strike_B"],"damage_healed":0,"gold_gain":0,"player_choice":"Offered Basic","damage_taken":0,"max_hp_gain":0,"max_hp_loss":0,"event_name":"Bonfire Elementals","floor":3,"gold_loss":0},{"damage_healed":0,"gold_gain":0,"player_choice":"Ignored","damage_taken":0,"max_hp_gain":0,"max_hp_loss":0,"event_name":"Shining Light","floor":12,"gold_loss":0}],"is_beta":true,"boss_relics":[],"items_purged_floors":[],"is_endless":false,"potions_floor_spawned":[10,14],"killed_by":"Hexaghost","ascension_level":20}