{"path_per_floor":["M","?","M","?","M","E","R","M","T","M","E","M","$","?","R"],"character_chosen":"IRONCLAD","items_purchased":["Madness","Combust","Blood for Blood"],"gold_per_floor":[118,193,205,205,218,245,245,260,260,277,309,319,3,33,33],"floor_reached":16,"campfire_rested":1,"playtime":719,"current_hp_per_floor":[80,69,73,73,68,65,65,53,53,54,42,46,46,46,70],"items_purged":["Regret"],"gold":33,"score":112,"play_id":"6e41cebe-692a-4bd4-80a9-c294d2605758","is_prod":false,"is_daily":false,"is_ascension_mode":false,"campfire_upgraded":1,"path_taken":["M","?","M","?","M","E","R","M","T","M","E","M","$","?","R","BOSS"],"build_version":"2018-02-15-PROD1","purchased_purges":1,"victory":false,"master_deck":["Strike_R","Strike_R","Strike_R","Strike_R","Strike_R","Defend_R","Defend_R","Defend_R","Defend_R","Bash","Whirlwind+1","Body Slam","Pommel Strike","Rupture","Infernal Blade+1","Dual Wield+1","Madness+1","Combust","Blood for Blood"],"max_hp_per_floor":[80,80,80,80,80,80,80,80,80,80,80,83,83,83,83],"relics":["Burning Blood","Blood Vial","Pen Nib","Unceasing Top","Toxic Egg 2"],"card_choices":[{"not_picked":["Fire Breathing","Iron Wave"],"picked":"Whirlwind"},{"not_picked":["Sword Boomerang","Power Through"],"picked":"Body Slam"},{"not_picked":["Fire Breathing","True Grit"],"picked":"Pommel Strike"},{"not_picked":["Pommel Strike","Thunderclap"],"picked":"Rupture"},{"not_picked":["Pommel Strike","Wild Strike"],"picked":"Infernal Blade"},{"not_picked":["Burning Pact","Reaper"],"picked":"Dual Wield"}],"player_experience":96225,"potions_floor_usage":[5,6,6,11,16,16],"damage_taken":[{"damage":0,"enemies":"2 Louse","floor":1,"turns":3},{"damage":2,"enemies":"Jaw Worm","floor":3,"turns":6},{"damage":13,"enemies":"Cultist","floor":5,"turns":6},{"damage":11,"enemies":"Gremlin Nob","floor":6,"turns":4},{"damage":20,"enemies":"Large Slime","floor":8,"turns":6},{"damage":7,"enemies":"Looter","floor":10,"turns":3},{"damage":20,"enemies":"3 Sentries","floor":11,"turns":3},{"damage":7,"enemies":"3 Louse","floor":12,"turns":3},{"damage":73,"enemies":"The Guardian","floor":16,"turns":8}],"event_choices":[{"event_name":"World of Goop","player_choice":"Gather Gold","floor":2,"damage_taken":0},{"event_name":"Big Fish","player_choice":"Box","floor":4,"damage_taken":0},{"event_name":"Dead Adventurer","player_choice":"Searched \u00272\u0027 times","floor":14,"damage_taken":0}],"boss_relics":[],"potions_floor_spawned":[1,3,6,10,11],"seed_played":"5964689303658044619","killed_by":"The Guardian","ascension_level":0,"is_trial":false}