{"gold_per_floor":[365,380,39,39,3,36,36,68,68,87,87,105,105,105,105,208,208,219,13,13,23,0,33,33,65,88,99,111,111,111,49,49,147,147,163,83,93,93,108,108,127,127,127,127,6,16,33,33,33,33],"floor_reached":51,"playtime":4999,"items_purged":["Strike_G","Strike_G+1"],"score":900,"play_id":"07af9edf-83ff-437c-9403-7fd8ab6db56c","local_time":"20190326193704","is_ascension_mode":true,"campfire_choices":[{"floor":13,"key":"REST"},{"data":"Sucker Punch","floor":15,"key":"SMITH"},{"data":"Noxious Fumes","floor":24,"key":"SMITH"},{"floor":29,"key":"REST"},{"data":"A Thousand Cuts","floor":32,"key":"SMITH"},{"data":"Well Laid Plans","floor":40,"key":"SMITH"},{"data":"Cloak And Dagger","floor":44,"key":"SMITH"},{"floor":49,"key":"REST"}],"neow_cost":"TEN_PERCENT_HP_LOSS","seed_source_timestamp":564861211751266,"circlet_count":0,"master_deck":["Defend_G+1","Defend_G+1","Defend_G+1","Defend_G+1","Defend_G+1","Strike_G+1","Strike_G+1","Survivor","Neutralize","Cloak And Dagger+1","Skewer","Noxious Fumes+1","Blur","Crippling Poison","Adrenaline","Dash","Sucker Punch+1","Quick Slash+1","Dodge and Roll","PiercingWail+1","A Thousand Cuts+1","Tools of the Trade","Well Laid Plans+1","Footwork+1","Writhe","Prepared","Footwork","Noxious Fumes","Catalyst"],"relics":["Ring of the Snake","Bag of Marbles","GremlinMask","Snake Skull","Tough Bandages","The Courier","Incense Burner","Singing Bowl","Sozu","Bottled Tornado","Thread and Needle","Blue Candle","Centennial Puzzle","Philosopher\u0027s Stone","Mummified Hand"],"potions_floor_usage":[6,23,33,50],"damage_taken":[{"damage":0,"enemies":"2 Louse","floor":1,"turns":3},{"damage":2,"enemies":"Cultist","floor":2,"turns":5},{"damage":18,"enemies":"Lagavulin","floor":6,"turns":9},{"damage":23,"enemies":"Gremlin Nob","floor":8,"turns":5},{"damage":0,"enemies":"Jaw Worm","floor":10,"turns":4},{"damage":0,"enemies":"Large Slime","floor":12,"turns":4},{"damage":16,"enemies":"Hexaghost","floor":16,"turns":10},{"damage":0,"enemies":"3 Byrds","floor":18,"turns":4},{"damage":9,"enemies":"Shell Parasite","floor":21,"turns":6},{"damage":6,"enemies":"Slavers","floor":23,"turns":6},{"damage":5,"enemies":"Book of Stabbing","floor":25,"turns":7},{"damage":0,"enemies":"Snecko","floor":27,"turns":5},{"damage":0,"enemies":"Cultist and Chosen","floor":28,"turns":6},{"damage":43,"enemies":"Champ","floor":33,"turns":15},{"damage":0,"enemies":"3 Darklings","floor":35,"turns":4},{"damage":0,"enemies":"3 Shapes","floor":37,"turns":5},{"damage":3,"enemies":"Writhing Mass","floor":39,"turns":7},{"damage":6,"enemies":"Spire Growth","floor":41,"turns":6},{"damage":1,"enemies":"Maw","floor":46,"turns":8},{"damage":5,"enemies":"3 Darklings","floor":47,"turns":4},{"damage":11,"enemies":"Time Eater","floor":50,"turns":13}],"seed_played":"8514567998246762317","potions_obtained":[{"floor":6,"key":"SkillPotion"},{"floor":8,"key":"SteroidPotion"},{"floor":12,"key":"Swift Potion"}],"is_trial":false,"path_per_floor":["?","$","T","?","M","T","?","?","?","$","?","?","M","?"],"character_chosen":"THE_SILENT","items_purchased":["Noxious Fumes","Bag of Marbles","Fire Potion","Blur","Bottled Tornado","A Thousand Cuts","Footwork","Noxious Fumes"],"campfire_rested":3,"item_purchase_floors":[3,3,3,5,19,31,45,45],"current_hp_per_floor":[63,61,61,61,61,43,43,20,20,20,20,20,38,38,38,24,55,55,55,55,46,46,42,42,37,37,39,41,62,62,62,62,19,58,58,58,58,71,70,70,64,64,64,64,64,63,60,60,75,64],"gold":33,"neow_bonus":"TWO_FIFTY_GOLD","is_prod":false,"is_daily":false,"chose_seed":false,"campfire_upgraded":5,"win_rate":0,"timestamp":1553629024,"path_taken":["M","M","$","?","?","E","?","E","T","M","?","?","R","?","R","BOSS","M","$","?","M","?","E","R","E","T","M","M","R","?","?","R","BOSS","M","$","M","?","M","R","M","?","T","R","$","?","M","?","R","BOSS"],"build_version":"2019-01-23","purchased_purges":2,"victory":true,"max_hp_per_floor":[63,63,63,63,63,63,63,63,63,63,63,63,63,63,63,65,65,65,65,65,65,65,67,67,67,67,69,71,71,71,71,71,71,71,71,71,71,71,73,73,73,73,73,73,73,73,75,75,75,75],"card_choices":[{"not_picked":["Quick Slash","Expertise"],"picked":"Cloak And Dagger","floor":1},{"not_picked":["Blade Dance","Quick Slash"],"picked":"Skewer","floor":2},{"not_picked":["Blur","Sucker Punch"],"picked":"Crippling Poison","floor":6},{"not_picked":["Slice","Deadly Poison"],"picked":"Adrenaline","floor":8},{"not_picked":["Bane","Expertise"],"picked":"Dash","floor":10},{"not_picked":["Blade Dance","Well Laid Plans"],"picked":"Sucker Punch","floor":12},{"not_picked":["Storm of Steel","Wraith Form v2","Venomology"],"picked":"Singing Bowl","floor":16},{"not_picked":["Heel Hook","Poisoned Stab+1"],"picked":"Quick Slash+1","floor":18},{"not_picked":["Masterful Stab+1","Accuracy"],"picked":"Dodge and Roll","floor":21},{"not_picked":["Escape Plan+1","Prepared","Skewer+1"],"picked":"Singing Bowl","floor":23},{"not_picked":["Cloak And Dagger","Underhanded Strike"],"picked":"PiercingWail+1","floor":25},{"not_picked":["Outmaneuver","Bane","Crippling Poison"],"picked":"Singing Bowl","floor":27},{"not_picked":["Unload","Flying Knee","Underhanded Strike"],"picked":"Singing Bowl","floor":28},{"not_picked":["Bullet Time","Doppelganger"],"picked":"Tools of the Trade","floor":33},{"not_picked":["Flechettes","Noxious Fumes"],"picked":"Well Laid Plans","floor":35},{"not_picked":["Noxious Fumes+1","Acrobatics+1"],"picked":"Footwork+1","floor":37},{"not_picked":["Outmaneuver+1","Underhanded Strike","Slice"],"picked":"Singing Bowl","floor":39},{"not_picked":["Masterful Stab","Crippling Poison"],"picked":"Prepared","floor":41},{"not_picked":["PiercingWail","Caltrops"],"picked":"Catalyst","floor":46},{"not_picked":["Terror","Sucker Punch+1","Deflect+1"],"picked":"Singing Bowl","floor":47}],"player_experience":338629,"relics_obtained":[{"floor":6,"key":"Snake Skull"},{"floor":7,"key":"Tough Bandages"},{"floor":8,"key":"The Courier"},{"floor":9,"key":"Incense Burner"},{"floor":14,"key":"Singing Bowl"},{"floor":23,"key":"Thread and Needle"},{"floor":25,"key":"Blue Candle"},{"floor":26,"key":"Centennial Puzzle"},{"floor":43,"key":"Mummified Hand"}],"event_choices":[{"damage_healed":0,"gold_gain":0,"player_choice":"Trade","damage_taken":0,"relics_obtained":["GremlinMask"],"max_hp_gain":0,"max_hp_loss":0,"event_name":"FaceTrader","floor":4,"gold_loss":0},{"cards_removed":["Strike_G"],"damage_healed":0,"gold_gain":0,"player_choice":"Offered Basic","damage_taken":0,"max_hp_gain":0,"max_hp_loss":0,"event_name":"Bonfire Elementals","floor":11,"gold_loss":0},{"damage_healed":0,"gold_gain":0,"player_choice":"Paid Fearfully","damage_taken":0,"max_hp_gain":0,"max_hp_loss":0,"event_name":"Masked Bandits","floor":22,"gold_loss":23},{"damage_healed":0,"gold_gain":0,"player_choice":"Simplicity","damage_taken":0,"max_hp_gain":0,"max_hp_loss":0,"event_name":"Back to Basics","floor":30,"gold_loss":0,"cards_upgraded":["Defend_G","Defend_G","Defend_G","Defend_G","Defend_G","Strike_G","Strike_G","Strike_G"]},{"damage_healed":18,"gold_gain":0,"player_choice":"Writhe","damage_taken":0,"max_hp_gain":0,"max_hp_loss":0,"event_name":"Winding Halls","floor":38,"gold_loss":0,"cards_obtained":["Writhe"]},{"damage_healed":0,"gold_gain":0,"player_choice":"Bought 0 Potions","damage_taken":0,"max_hp_gain":0,"max_hp_loss":0,"event_name":"The Woman in Blue","floor":42,"gold_loss":0},{"damage_healed":0,"gold_gain":0,"player_choice":"Ignored","damage_taken":0,"max_hp_gain":0,"max_hp_loss":0,"event_name":"Mysterious Sphere","floor":48,"gold_loss":0}],"is_beta":false,"boss_relics":[{"not_picked":["Runic Dome","Coffee Dripper"],"picked":"Sozu"},{"not_picked":["Eternal Feather","HoveringKite"],"picked":"Philosopher\u0027s Stone"}],"items_purged_floors":[3,36],"is_endless":false,"potions_floor_spawned":[6,8,12,16,23,25,27,33,37,41,46],"ascension_level":8}