{"gold_per_floor":[119,135,148,161,60,91,101,101,171,197,197,222,222,238,238,362,362,387,194,194,208,233,233,257,300,300,316,316,231,271,54,54,184,184,199,0,13,13,81,81,122,122,145,145,168,30,49,49,49,49],"floor_reached":50,"playtime":4991,"items_purged":["Strike_R"],"score":626,"play_id":"f78ccc36-3da6-44a9-ac53-9a7513b64976","local_time":"20190316065608","is_ascension_mode":true,"campfire_choices":[{"data":"Shockwave","floor":8,"key":"SMITH"},{"floor":13,"key":"REST"},{"data":"Pommel Strike","floor":15,"key":"SMITH"},{"data":"Whirlwind","floor":23,"key":"SMITH"},{"data":"Feel No Pain","floor":28,"key":"SMITH"},{"floor":32,"key":"REST"},{"data":"Whirlwind","floor":40,"key":"SMITH"},{"data":"Inflame","floor":42,"key":"SMITH"},{"data":"Inflame","floor":44,"key":"SMITH"},{"floor":49,"key":"REST"}],"neow_cost":"NONE","seed_source_timestamp":285284286281852,"circlet_count":0,"master_deck":["Strike_R","Strike_R","Strike_R","Strike_R","Defend_R","Defend_R","Defend_R","Bash","Inflame+1","Shockwave+1","Wild Strike","Hemokinesis","Shrug It Off","Twin Strike","Headbutt","Dropkick","Pommel Strike+1","Reckless Charge","Immolate","Feel No Pain+1","True Grit","Whirlwind+1","Ghostly Armor","Whirlwind+1","Pummel+1","Corruption","Juggernaut+1","Flame Barrier","Inflame+1","Shrug It Off","Flash of Steel"],"relics":["Black Blood","Bottled Lightning","Mummified Hand","WingedGreaves","Golden Idol","Busted Crown","Red Skull","Question Card","Mercury Hourglass","Paper Frog","Pen Nib","Red Mask","Ginger","Lantern","Omamori"],"potions_floor_usage":[6,24,33,41,45,47,50,50],"damage_taken":[{"damage":8,"enemies":"2 Louse","floor":1,"turns":3},{"damage":8,"enemies":"Small Slimes","floor":2,"turns":3},{"damage":2,"enemies":"Cultist","floor":3,"turns":4},{"damage":14,"enemies":"Red Slaver","floor":4,"turns":3},{"damage":28,"enemies":"Lagavulin","floor":6,"turns":6},{"damage":7,"enemies":"Looter","floor":7,"turns":3},{"damage":7,"enemies":"Gremlin Nob","floor":10,"turns":3},{"damage":11,"enemies":"2 Fungi Beasts","floor":12,"turns":2},{"damage":3,"enemies":"Blue Slaver","floor":14,"turns":3},{"damage":14,"enemies":"Slime Boss","floor":16,"turns":6},{"damage":6,"enemies":"Chosen","floor":18,"turns":3},{"damage":11,"enemies":"2 Thieves","floor":21,"turns":3},{"damage":1,"enemies":"Cultist and Chosen","floor":22,"turns":4},{"damage":18,"enemies":"Snake Plant","floor":24,"turns":4},{"damage":27,"enemies":"Gremlin Leader","floor":25,"turns":4},{"damage":0,"enemies":"3 Cultists","floor":27,"turns":3},{"damage":28,"enemies":"Book of Stabbing","floor":30,"turns":6},{"damage":15,"enemies":"Collector","floor":33,"turns":6},{"damage":11,"enemies":"Orb Walker","floor":35,"turns":2},{"damage":0,"enemies":"3 Darklings","floor":37,"turns":1},{"damage":25,"enemies":"2 Orb Walkers","floor":39,"turns":4},{"damage":36,"enemies":"Nemesis","floor":41,"turns":7},{"damage":0,"enemies":"Sphere and 2 Shapes","floor":45,"turns":2},{"damage":14,"enemies":"Jaw Worm Horde","floor":47,"turns":3},{"damage":99,"enemies":"Time Eater","floor":50,"turns":7}],"seed_played":"-1687890864306321382","potions_obtained":[{"floor":1,"key":"FairyPotion"},{"floor":2,"key":"Explosive Potion"},{"floor":6,"key":"BloodPotion"},{"floor":14,"key":"BloodPotion"},{"floor":16,"key":"PowerPotion"},{"floor":24,"key":"BloodPotion"},{"floor":27,"key":"Regen Potion"},{"floor":33,"key":"SteroidPotion"},{"floor":37,"key":"SpeedPotion"},{"floor":41,"key":"Fruit Juice"},{"floor":45,"key":"Poison Potion"}],"is_trial":false,"path_per_floor":["?","?","?","?","?","?","?"],"character_chosen":"IRONCLAD","items_purchased":["Shrug It Off","Feel No Pain","True Grit","Whirlwind","Corruption","Pen Nib","Shrug It Off","Flash of Steel"],"campfire_rested":3,"item_purchase_floors":[5,19,19,19,31,31,46,46],"current_hp_per_floor":[86,84,88,80,80,58,57,57,57,56,34,29,55,58,58,50,88,88,88,88,83,88,88,76,55,55,61,61,61,39,39,65,70,88,87,87,88,88,73,73,47,47,47,47,62,62,58,58,85,0],"gold":49,"neow_bonus":"TEN_PERCENT_HP_BONUS","is_prod":false,"is_daily":false,"chose_seed":false,"campfire_upgraded":7,"win_rate":0,"timestamp":1552719368,"path_taken":["M","M","M","M","$","E","M","R","T","E","?","M","R","M","R","BOSS","M","$","?","M","M","R","M","E","T","M","R","?","E","$","R","BOSS","M","?","M","?","?","R","E","R","T","R","M","$","M","?","R","BOSS"],"build_version":"2019-01-23","purchased_purges":1,"victory":false,"max_hp_per_floor":[88,88,88,88,88,88,88,88,88,88,88,88,88,88,88,88,88,88,88,88,88,88,88,88,88,88,88,88,88,88,88,88,88,88,88,88,88,88,88,88,88,88,88,88,93,93,93,93,93,93],"card_choices":[{"not_picked":["Burning Pact","Flex"],"picked":"Inflame","floor":1},{"not_picked":["Thunderclap","True Grit"],"picked":"Shockwave","floor":2},{"not_picked":["Blood for Blood","Rage"],"picked":"Wild Strike","floor":3},{"not_picked":["Rupture","Warcry"],"picked":"Hemokinesis","floor":4},{"not_picked":["Berserk","Fire Breathing"],"picked":"Twin Strike","floor":6},{"not_picked":["Clash","Infernal Blade"],"picked":"Headbutt","floor":7},{"not_picked":["Perfected Strike","Burning Pact"],"picked":"Dropkick","floor":10},{"not_picked":["Body Slam","Clothesline"],"picked":"Pommel Strike","floor":12},{"not_picked":["Dark Embrace","Battle Trance"],"picked":"Reckless Charge","floor":14},{"not_picked":["Bludgeon","Barricade"],"picked":"Immolate","floor":16},{"not_picked":["Cleave"],"picked":"SKIP","floor":18},{"not_picked":["Rampage+1"],"picked":"SKIP","floor":21},{"not_picked":["Twin Strike"],"picked":"SKIP","floor":22},{"not_picked":["Fire Breathing"],"picked":"SKIP","floor":24},{"not_picked":[],"picked":"Whirlwind","floor":25},{"not_picked":["Headbutt","Twin Strike"],"picked":"SKIP","floor":27},{"not_picked":["Exhume"],"picked":"Pummel+1","floor":30},{"not_picked":["Impervious"],"picked":"Juggernaut","floor":33},{"not_picked":["Clothesline"],"picked":"Flame Barrier","floor":35},{"not_picked":["Searing Blow+1","Clash"],"picked":"SKIP","floor":37},{"not_picked":["Pommel Strike+1"],"picked":"Inflame","floor":41},{"not_picked":["Combust+1","Warcry"],"picked":"SKIP","floor":45},{"not_picked":["Pommel Strike","Twin Strike+1"],"picked":"SKIP","floor":47}],"player_experience":225437,"relics_obtained":[{"floor":6,"key":"Bottled Lightning"},{"floor":9,"key":"Mummified Hand"},{"floor":10,"key":"WingedGreaves"},{"floor":25,"key":"Red Skull"},{"floor":26,"key":"Question Card"},{"floor":30,"key":"Paper Frog"},{"floor":39,"key":"Ginger"},{"floor":41,"key":"Lantern"},{"floor":43,"key":"Omamori"}],"event_choices":[{"damage_healed":0,"gold_gain":0,"player_choice":"Take Damage","damage_taken":22,"relics_obtained":["Golden Idol"],"max_hp_gain":0,"max_hp_loss":0,"event_name":"Golden Idol","floor":11,"gold_loss":0},{"damage_healed":0,"gold_gain":0,"player_choice":"Read","damage_taken":0,"max_hp_gain":0,"max_hp_loss":0,"event_name":"The Library","floor":20,"gold_loss":0,"cards_obtained":["Ghostly Armor"]},{"damage_healed":0,"gold_gain":0,"player_choice":"Obtained Relic","damage_taken":0,"relics_obtained":["Mercury Hourglass"],"max_hp_gain":0,"max_hp_loss":0,"event_name":"Addict","floor":29,"gold_loss":85},{"damage_healed":0,"gold_gain":0,"player_choice":"Paid","damage_taken":0,"relics_obtained":["Red Mask"],"max_hp_gain":0,"max_hp_loss":0,"event_name":"Tomb of Lord Red Mask","floor":36,"gold_loss":199},{"cards_removed":["Defend_R"],"damage_healed":0,"gold_gain":0,"player_choice":"Removed Skill","damage_taken":0,"max_hp_gain":0,"max_hp_loss":0,"event_name":"Falling","floor":38,"gold_loss":0},{"damage_healed":0,"gold_gain":0,"player_choice":"Fight","damage_taken":0,"max_hp_gain":0,"max_hp_loss":0,"event_name":"Mysterious Sphere","floor":39,"gold_loss":0},{"damage_healed":0,"gold_gain":0,"player_choice":"Upgraded","damage_taken":0,"max_hp_gain":0,"max_hp_loss":0,"event_name":"Upgrade Shrine","floor":48,"gold_loss":0,"cards_upgraded":["Juggernaut"]}],"is_beta":false,"boss_relics":[{"not_picked":["Coffee Dripper","Runic Cube"],"picked":"Busted Crown"},{"not_picked":["Pandora\u0027s Box","Astrolabe"],"picked":"Black Blood"}],"items_purged_floors":[5],"is_endless":false,"potions_floor_spawned":[1,2,6,14,16,24,27,30,33,37,41,45],"killed_by":"Time Eater","ascension_level":4}