{"gold_per_floor":[112,129,148,148,148,184,184,198,223,262,262,262,306,324,324,423,423,447,34,34,134,148,148,4,30,30,30,58,22,121,139,139,215,215,234,251,251,251,351,351,386,386,410,424,442,0,300,312,312,312],"floor_reached":51,"playtime":5570,"items_purged":[],"score":1231,"play_id":"53f48908-0ba2-43d7-b608-f7ebe7938f29","local_time":"20190420013855","is_ascension_mode":true,"campfire_choices":[{"data":"Noxious Fumes","floor":7,"key":"SMITH"},{"floor":12,"key":"REST"},{"data":"Poisoned Stab","floor":15,"key":"SMITH"},{"floor":23,"key":"REST"},{"data":"Catalyst","floor":27,"key":"SMITH"},{"data":"Neutralize","floor":32,"key":"SMITH"},{"data":"Malaise","floor":40,"key":"SMITH"},{"data":"After Image","floor":42,"key":"SMITH"},{"data":"Leg Sweep","floor":49,"key":"SMITH"}],"neow_cost":"NONE","seed_source_timestamp":179880233691508,"circlet_count":0,"master_deck":["AscendersBane","Defend_G","Defend_G","Defend_G","Defend_G","Defend_G","Strike_G","Strike_G","Strike_G","Strike_G","Survivor","Neutralize+1","Dagger Spray","Noxious Fumes+1","Sucker Punch","Slice","Catalyst+1","Cloak And Dagger","Poisoned Stab+1","After Image+1","Well Laid Plans","Backflip","Bouncing Flask+1","PiercingWail+1","Dash","Well Laid Plans+1","Footwork+1","Leg Sweep+1","Prepared","Malaise+1","Deflect","Dark Shackles","Deadly Poison","Parasite"],"relics":["Ring of the Serpent","Lantern","Bloody Idol","Regal Pillow","Snake Skull","Oddly Smooth Stone","Bag of Preparation","Bird Faced Urn","The Specimen","Frozen Egg 2","Anchor","Gremlin Horn","Bronze Scales","Sozu","Thread and Needle","Pen Nib","Strawberry","Red Mask"],"potions_floor_usage":[6,10,13,21,21,41],"damage_taken":[{"damage":0,"enemies":"2 Louse","floor":1,"turns":2},{"damage":0,"enemies":"Small Slimes","floor":2,"turns":4},{"damage":0,"enemies":"Jaw Worm","floor":3,"turns":4},{"damage":24,"enemies":"Gremlin Nob","floor":6,"turns":5},{"damage":5,"enemies":"Exordium Wildlife","floor":8,"turns":5},{"damage":7,"enemies":"Lagavulin","floor":10,"turns":7},{"damage":5,"enemies":"Gremlin Nob","floor":13,"turns":4},{"damage":0,"enemies":"Blue Slaver","floor":14,"turns":4},{"damage":3,"enemies":"Slime Boss","floor":16,"turns":8},{"damage":7,"enemies":"Chosen","floor":18,"turns":5},{"damage":25,"enemies":"Colosseum Slavers","floor":21,"turns":5},{"damage":16,"enemies":"Colosseum Nobs","floor":21,"turns":5},{"damage":3,"enemies":"Spheric Guardian","floor":22,"turns":3},{"damage":0,"enemies":"Gremlin Leader","floor":25,"turns":5},{"damage":8,"enemies":"Slavers","floor":28,"turns":6},{"damage":0,"enemies":"Snake Plant","floor":31,"turns":4},{"damage":22,"enemies":"Automaton","floor":33,"turns":7},{"damage":0,"enemies":"Orb Walker","floor":35,"turns":2},{"damage":0,"enemies":"3 Shapes","floor":36,"turns":5},{"damage":1,"enemies":"Mind Bloom Boss Battle","floor":39,"turns":6},{"damage":9,"enemies":"Giant Head","floor":41,"turns":9},{"damage":0,"enemies":"Maw","floor":44,"turns":6},{"damage":0,"enemies":"Writhing Mass","floor":45,"turns":7},{"damage":7,"enemies":"Spire Growth","floor":48,"turns":5},{"damage":17,"enemies":"Time Eater","floor":50,"turns":13}],"seed_played":"-3667320870338157284","potions_obtained":[{"floor":1,"key":"EssenceOfSteel"},{"floor":3,"key":"Swift Potion"},{"floor":6,"key":"GhostInAJar"},{"floor":14,"key":"EssenceOfSteel"},{"floor":16,"key":"Poison Potion"},{"floor":18,"key":"Weak Potion"},{"floor":21,"key":"Ancient Potion"},{"floor":22,"key":"Regen Potion"},{"floor":31,"key":"SkillPotion"}],"is_trial":false,"path_per_floor":["?","?","?","?","?","?","?","?","?","?","?"],"character_chosen":"THE_SILENT","items_purchased":["Bird Faced Urn","Well Laid Plans","Backflip","Dash","Well Laid Plans+1","Leg Sweep"],"campfire_rested":2,"item_purchase_floors":[19,19,19,24,24,29],"current_hp_per_floor":[63,63,63,60,60,36,36,31,31,24,17,51,46,46,46,43,60,53,53,53,29,37,65,65,65,65,65,65,65,65,65,65,48,61,65,65,65,62,62,62,58,58,69,69,69,69,69,69,69,53],"gold":312,"neow_bonus":"THREE_CARDS","is_prod":false,"is_daily":false,"chose_seed":false,"campfire_upgraded":7,"win_rate":0,"timestamp":1555720735,"path_taken":["M","M","M","?","?","E","R","M","T","E","?","R","E","M","R","BOSS","M","$","?","?","M","R","$","E","T","R","E","$","?","M","R","BOSS","M","M","?","?","?","R","E","R","T","M","M","?","?","M","R","BOSS"],"build_version":"2019-01-23","purchased_purges":0,"victory":true,"max_hp_per_floor":[70,70,70,70,65,65,65,65,65,65,65,65,65,65,65,65,65,65,65,65,65,65,65,65,65,65,65,65,65,65,65,65,65,65,65,65,65,62,62,62,62,62,69,69,69,69,69,69,69,69],"card_choices":[{"not_picked":["Outmaneuver","Blade Dance"],"picked":"Dagger Spray","floor":0},{"not_picked":["Sucker Punch","Well Laid Plans"],"picked":"Noxious Fumes","floor":1},{"not_picked":["Expertise","Blade Dance"],"picked":"Sucker Punch","floor":2},{"not_picked":["PiercingWail","Infinite Blades"],"picked":"Slice","floor":3},{"not_picked":["Accuracy","Distraction"],"picked":"Catalyst","floor":6},{"not_picked":["Masterful Stab","Finisher","Underhanded Strike"],"picked":"SKIP","floor":8},{"not_picked":["Finisher","Flying Knee","Dagger Spray"],"picked":"SKIP","floor":10},{"not_picked":["Phantasmal Killer","Blade Dance"],"picked":"Cloak And Dagger","floor":13},{"not_picked":["Expertise","Deflect"],"picked":"Poisoned Stab","floor":14},{"not_picked":["Doppelganger","Night Terror"],"picked":"After Image","floor":16},{"not_picked":["Blade Dance","Flying Knee+1","Bane"],"picked":"SKIP","floor":18},{"not_picked":["Well Laid Plans","Acrobatics"],"picked":"Bouncing Flask+1","floor":21},{"not_picked":["Slice","Catalyst"],"picked":"PiercingWail+1","floor":22},{"not_picked":["Heel Hook","Skewer","Catalyst"],"picked":"SKIP","floor":25},{"not_picked":["Tools of the Trade+1","Prepared"],"picked":"Footwork+1","floor":28},{"not_picked":["Endless Agony","Underhanded Strike"],"picked":"Prepared","floor":31},{"not_picked":["A Thousand Cuts+1","Venomology"],"picked":"Malaise","floor":33},{"not_picked":["Flechettes","Caltrops+1"],"picked":"Deflect","floor":35},{"not_picked":["Slice","Flying Knee+1","Sucker Punch+1"],"picked":"SKIP","floor":36},{"not_picked":["Swift Strike","HandOfGreed"],"picked":"Dark Shackles","floor":37},{"not_picked":["Deflect","Choke"],"picked":"Deadly Poison","floor":41},{"not_picked":["Underhanded Strike","Dodge and Roll","Quick Slash+1"],"picked":"SKIP","floor":44},{"not_picked":["Heel Hook","Infinite Blades+1","Masterful Stab"],"picked":"SKIP","floor":45},{"not_picked":["Escape Plan","Deadly Poison","Dagger Throw"],"picked":"SKIP","floor":48},{"not_picked":["Escape Plan","Deadly Poison","Dagger Throw"],"picked":"SKIP","floor":48}],"player_experience":665021,"relics_obtained":[{"floor":6,"key":"Regal Pillow"},{"floor":9,"key":"Snake Skull"},{"floor":10,"key":"Oddly Smooth Stone"},{"floor":13,"key":"Bag of Preparation"},{"floor":21,"key":"The Specimen"},{"floor":21,"key":"Frozen Egg 2"},{"floor":25,"key":"Anchor"},{"floor":26,"key":"Gremlin Horn"},{"floor":28,"key":"Bronze Scales"},{"floor":39,"key":"Thread and Needle"},{"floor":41,"key":"Pen Nib"},{"floor":43,"key":"Strawberry"}],"event_choices":[{"damage_healed":0,"gold_gain":0,"player_choice":"Success","damage_taken":3,"relics_obtained":["Lantern"],"max_hp_gain":0,"max_hp_loss":0,"event_name":"Scrap Ooze","floor":4,"gold_loss":0},{"damage_healed":0,"gold_gain":0,"player_choice":"Lose Max HP","damage_taken":0,"relics_obtained":["Golden Idol"],"max_hp_gain":0,"max_hp_loss":5,"event_name":"Golden Idol","floor":5,"gold_loss":0},{"cards_removed":["Strike_G"],"damage_healed":0,"gold_gain":0,"player_choice":"Card Removal","damage_taken":7,"max_hp_gain":0,"max_hp_loss":0,"event_name":"Golden Wing","floor":11,"gold_loss":0},{"damage_healed":0,"gold_gain":0,"player_choice":"Gave Idol","damage_taken":0,"relics_obtained":["Bloody Idol"],"max_hp_gain":0,"max_hp_loss":0,"event_name":"Forgotten Altar","floor":20,"relics_lost":["Golden Idol"],"gold_loss":0},{"damage_healed":0,"gold_gain":0,"player_choice":"Fight","damage_taken":0,"max_hp_gain":0,"max_hp_loss":0,"event_name":"Colosseum","floor":21,"gold_loss":0},{"damage_healed":0,"gold_gain":0,"player_choice":"Fought Nobs","damage_taken":0,"max_hp_gain":0,"max_hp_loss":0,"event_name":"Colosseum","floor":21,"gold_loss":0},{"damage_healed":0,"gold_gain":99,"player_choice":"Stole From Cult","damage_taken":0,"max_hp_gain":0,"max_hp_loss":0,"event_name":"Nest","floor":30,"gold_loss":0},{"damage_healed":0,"gold_gain":0,"player_choice":"Memory 1","damage_taken":0,"max_hp_gain":0,"max_hp_loss":0,"event_name":"SensoryStone","floor":37,"gold_loss":0},{"damage_healed":0,"gold_gain":0,"player_choice":"Max HP","damage_taken":0,"max_hp_gain":0,"max_hp_loss":3,"event_name":"Winding Halls","floor":38,"gold_loss":0},{"damage_healed":0,"gold_gain":0,"player_choice":"Fight","damage_taken":0,"max_hp_gain":0,"max_hp_loss":0,"event_name":"MindBloom","floor":39,"gold_loss":0},{"damage_healed":0,"gold_gain":0,"player_choice":"Paid","damage_taken":0,"relics_obtained":["Red Mask"],"max_hp_gain":0,"max_hp_loss":0,"event_name":"Tomb of Lord Red Mask","floor":46,"gold_loss":442},{"damage_healed":0,"gold_gain":300,"player_choice":"Gold","damage_taken":0,"max_hp_gain":0,"max_hp_loss":0,"event_name":"Wheel of Change","floor":47,"gold_loss":0}],"is_beta":false,"boss_relics":[{"not_picked":["Velvet Choker","HoveringKite"],"picked":"Ring of the Serpent"},{"not_picked":["Tiny House","Calling Bell"],"picked":"Sozu"}],"items_purged_floors":[],"is_endless":false,"potions_floor_spawned":[1,3,6,8,14,16,18,21,22,31,39,44,48],"ascension_level":13}