{"gold_per_floor":[113,113,113,125,143,143,174,184,265,50,79,79,79,111,111,214,214,229,76,76,89,14,47,47,47,72,91,91,120,133,144,144,246,246,265,317,317,344,11,36,36,49,75,75,85,102,102,7,7,7,7,7,7,38,38],"floor_reached":55,"playtime":3028,"items_purged":["Defend_R"],"score":751,"play_id":"16b2cb8c-82eb-4efe-8ea9-869914211ad5","local_time":"20190210201652","is_ascension_mode":false,"campfire_choices":[{"floor":6.0,"key":"RECALL"},{"floor":12.0,"key":"REST"},{"data":"Spot Weakness","floor":15.0,"key":"SMITH"},{"data":"RitualDagger","floor":25.0,"key":"SMITH"},{"floor":28.0,"key":"REST"},{"data":"Heavy Blade","floor":32.0,"key":"SMITH"},{"floor":41,"key":"REST"},{"floor":47,"key":"REST"},{"data":"Armaments","floor":49,"key":"SMITH"},{"data":"Intimidate","floor":52,"key":"SMITH"}],"neow_cost":"CURSE","seed_source_timestamp":156918475299513,"circlet_count":0,"master_deck":["Strike_R","Strike_R","Strike_R","Strike_R","Defend_R","Bash","Sentinel","Sentinel","Inflame","Fiend Fire","Heavy Blade+1","Entrench","Spot Weakness+1","Infernal Blade","Demon Form+1","Intimidate+1","Ghostly Armor","Body Slam","RitualDagger+1","Shockwave+1","Spot Weakness","Heavy Blade","Metallicize+1","Demon Form+1","Metallicize+1","Good Instincts","Flame Barrier+1","Burning Pact","Armaments+1"],"special_seed":0,"relics":["Burning Blood","Pocketwatch","Orichalcum","Dream Catcher","Frozen Egg 2","Strawberry","Philosopher\u0027s Stone","PreservedInsect","Nilry\u0027s Codex","Bag of Marbles","Red Skull","Kunai","Busted Crown","Torii","Centennial Puzzle","TheAbacus","Regal Pillow","Omamori","Lantern"],"potions_floor_usage":[40,50],"damage_taken":[{"damage":0.0,"enemies":"Small Slimes","floor":1.0,"turns":3.0},{"damage":6.0,"enemies":"Cultist","floor":4.0,"turns":3.0},{"damage":8.0,"enemies":"Jaw Worm","floor":5.0,"turns":4.0},{"damage":31.0,"enemies":"3 Sentries","floor":7.0,"turns":12.0},{"damage":5.0,"enemies":"Looter","floor":8.0,"turns":2.0},{"damage":16.0,"enemies":"Gremlin Nob","floor":11.0,"turns":4.0},{"damage":3.0,"enemies":"3 Sentries","floor":14.0,"turns":3.0},{"damage":14.0,"enemies":"The Guardian","floor":16.0,"turns":8.0},{"damage":5.0,"enemies":"Spheric Guardian","floor":18.0,"turns":3.0},{"damage":21.0,"enemies":"2 Thieves","floor":21.0,"turns":3.0},{"damage":16.0,"enemies":"Gremlin Leader","floor":23.0,"turns":3.0},{"damage":14.0,"enemies":"Centurion and Healer","floor":27.0,"turns":5.0},{"damage":10.0,"enemies":"Slavers","floor":29.0,"turns":4.0},{"damage":12.0,"enemies":"Snake Plant","floor":30.0,"turns":3.0},{"damage":11.0,"enemies":"3 Cultists","floor":31.0,"turns":5.0},{"damage":17.0,"enemies":"Champ","floor":33.0,"turns":7.0},{"damage":0.0,"enemies":"Orb Walker","floor":35.0,"turns":3.0},{"damage":34.0,"enemies":"2 Orb Walkers","floor":36.0,"turns":4.0},{"damage":29,"enemies":"Reptomancer","floor":40,"turns":6},{"damage":33,"enemies":"3 Darklings","floor":42,"turns":5},{"damage":26,"enemies":"Spire Growth","floor":45,"turns":5},{"damage":19,"enemies":"4 Shapes","floor":46,"turns":9},{"damage":32,"enemies":"Donu and Deca","floor":50,"turns":7},{"damage":60,"enemies":"Shield and Spear","floor":54,"turns":5},{"damage":51,"enemies":"The Heart","floor":55,"turns":3}],"seed_played":"8516663556649056277","potions_obtained":[{"floor":1.0,"key":"SteroidPotion"},{"floor":4.0,"key":"EssenceOfSteel"},{"floor":8.0,"key":"Explosive Potion"},{"floor":16.0,"key":"SkillPotion"},{"floor":18.0,"key":"Weak Potion"},{"floor":21.0,"key":"AttackPotion"},{"floor":27.0,"key":"Strength Potion"},{"floor":30.0,"key":"Ancient Potion"},{"floor":35.0,"key":"Explosive Potion"},{"floor":42,"key":"SteroidPotion"},{"floor":54,"key":"FearPotion"}],"is_trial":false,"path_per_floor":["M","?","?","M","M","R","E","M","T","$","E","R","?","E","R","B",null,"M","$","?","M","?","E","?","R","T","M","R","E","M","M","R","B",null,"M","?","?","T","$","E","R","M","T","?","M","M","R","$","R","B",null,"R","$","E","B"],"character_chosen":"IRONCLAD","items_purchased":["Orichalcum","Entrench","PreservedInsect","TheAbacus","PowerPotion","EssenceOfSteel","Armaments"],"campfire_rested":4,"item_purchase_floors":[10,10,19,39,39,48,48],"current_hp_per_floor":[96,89,89,89,87,87,62,63,63,63,53,80,73,83,83,75,100,100,100,84,69,69,59,53,53,53,45,75,71,65,60,60,49,100,100,72,72,72,72,49,94,67,67,67,47,34,79,79,79,53,100,100,100,46,0],"gold":38,"neow_bonus":"TWENTY_PERCENT_HP_BONUS","is_prod":false,"is_daily":false,"chose_seed":false,"campfire_upgraded":5,"win_rate":0,"timestamp":1549847812,"path_taken":["M","?","?","M","?","R","E","M","T","?","E","R","?","E","R","BOSS","M","$","?","M","?","E","?","R","T","M","R","E","M","M","R","BOSS","M","?","?","?","$","E","R","M","T","?","M","?","R","?","R","BOSS","R","$","E","BOSS"],"build_version":"2019-01-23","purchased_purges":1,"victory":false,"max_hp_per_floor":[96,93,93,93,93,93,93,93,93,93,93,93,93,100,100,100,100,100,100,100,100,100,100,100,100,100,100,100,100,100,100,100,100,100,100,100,100,100,100,100,100,100,100,100,100,100,100,100,100,100,100,100,100,100,100],"card_choices":[{"not_picked":["Carnage","Perfected Strike"],"picked":"Sentinel","floor":1.0},{"not_picked":["Shrug It Off","Sever Soul"],"picked":"Sentinel","floor":4.0},{"not_picked":["Feel No Pain","Flex"],"picked":"Inflame","floor":5.0},{"not_picked":["Sword Boomerang","Iron Wave"],"picked":"Fiend Fire","floor":7.0},{"not_picked":["Iron Wave","Bloodletting"],"picked":"Heavy Blade","floor":8.0},{"not_picked":["Ghostly Armor","Anger"],"picked":"Spot Weakness","floor":11.0},{"not_picked":["Headbutt","Twin Strike"],"picked":"Infernal Blade","floor":12.0},{"not_picked":["Carnage","Twin Strike","Impervious"],"picked":"SKIP","floor":14.0},{"not_picked":["Immolate","Limit Break"],"picked":"Demon Form+1","floor":16.0},{"not_picked":["Ghostly Armor","Armaments"],"picked":"Intimidate","floor":18.0},{"not_picked":["Carnage","Combust+1"],"picked":"Ghostly Armor","floor":21.0},{"not_picked":["Entrench","Exhume"],"picked":"Body Slam","floor":23.0},{"not_picked":["Twin Strike","Cleave+1"],"picked":"Shockwave+1","floor":27.0},{"not_picked":["True Grit","Rampage"],"picked":"Spot Weakness","floor":29.0},{"not_picked":["Warcry+1","Armaments"],"picked":"Heavy Blade","floor":30.0},{"not_picked":["Exhume","Disarm"],"picked":"Metallicize+1","floor":31.0},{"not_picked":["Feed","Bludgeon"],"picked":"Demon Form+1","floor":33.0},{"not_picked":["Havoc"],"picked":"SKIP","floor":35.0},{"not_picked":[],"picked":"Metallicize+1","floor":36.0},{"not_picked":[],"picked":"Good Instincts","floor":37.0},{"not_picked":[],"picked":"Flame Barrier+1","floor":40},{"not_picked":[],"picked":"Burning Pact","floor":42},{"not_picked":["Body Slam+1"],"picked":"SKIP","floor":45},{"not_picked":["Power Through"],"picked":"SKIP","floor":46},{"not_picked":["Corruption+1"],"picked":"SKIP","floor":54}],"player_experience":182946,"relics_obtained":[{"floor":7.0,"key":"Pocketwatch"},{"floor":11.0,"key":"Dream Catcher"},{"floor":14.0,"key":"Strawberry"},{"floor":20.0,"key":"Nilry\u0027s Codex"},{"floor":23.0,"key":"Bag of Marbles"},{"floor":26.0,"key":"Red Skull"},{"floor":29.0,"key":"Kunai"},{"floor":36.0,"key":"Torii"},{"floor":38.0,"key":"Centennial Puzzle"},{"floor":40,"key":"Regal Pillow"},{"floor":43,"key":"Omamori"},{"floor":54,"key":"Lantern"}],"event_choices":[{"cards_removed":["Parasite"],"damage_healed":0.0,"max_hp_gain":0.0,"max_hp_loss":0.0,"gold_gain":0.0,"event_name":"Golden Wing","player_choice":"Card Removal","floor":2.0,"gold_loss":0.0,"damage_taken":7.0},{"cards_removed":["Defend_R"],"damage_healed":0.0,"max_hp_gain":0.0,"max_hp_loss":0.0,"gold_gain":0.0,"event_name":"Purifier","player_choice":"Purged","floor":3.0,"gold_loss":0.0,"damage_taken":0.0},{"damage_healed":0.0,"max_hp_gain":0.0,"max_hp_loss":0.0,"gold_gain":0.0,"event_name":"Scrap Ooze","player_choice":"Success","floor":13.0,"gold_loss":0.0,"damage_taken":7.0,"relics_obtained":["Frozen Egg 2"]},{"damage_healed":0.0,"max_hp_gain":0.0,"max_hp_loss":0.0,"gold_gain":0.0,"event_name":"Cursed Tome","player_choice":"Obtained Book","floor":20.0,"gold_loss":0.0,"damage_taken":16.0},{"cards_removed":["Defend_R"],"damage_healed":0.0,"max_hp_gain":0.0,"max_hp_loss":0.0,"gold_gain":0.0,"event_name":"Beggar","player_choice":"Gave Gold","floor":22.0,"gold_loss":75.0,"damage_taken":0.0},{"damage_healed":0.0,"max_hp_gain":0.0,"max_hp_loss":0.0,"gold_gain":0.0,"event_name":"Nest","player_choice":"Joined the Cult","floor":24.0,"gold_loss":0.0,"damage_taken":6.0,"cards_obtained":["RitualDagger"]},{"damage_healed":0.0,"max_hp_gain":0.0,"max_hp_loss":0.0,"gold_gain":0.0,"event_name":"Mysterious Sphere","player_choice":"Fight","floor":36.0,"gold_loss":0.0,"damage_taken":0.0},{"damage_healed":0.0,"max_hp_gain":0.0,"max_hp_loss":0.0,"gold_gain":0.0,"event_name":"SensoryStone","player_choice":"Memory 1","floor":37.0,"gold_loss":0.0,"damage_taken":0.0},{"cards_removed":["Strike_R"],"damage_healed":0,"gold_gain":0,"player_choice":"Removed Attack","damage_taken":0,"max_hp_gain":0,"max_hp_loss":0,"event_name":"Falling","floor":44,"gold_loss":0}],"is_beta":false,"boss_relics":[{"not_picked":["Empty Cage","White Beast Statue"],"picked":"Philosopher\u0027s Stone"},{"not_picked":["Velvet Choker","Coffee Dripper"],"picked":"Busted Crown"}],"items_purged_floors":[39],"is_endless":false,"potions_floor_spawned":[1,4,8,16,18,21,27,30,35,42,54],"killed_by":"The Heart","ascension_level":0}