{"gold_per_floor":[118,118,128,147,147,147,147,164,210,226,253,253,266,266],"floor_reached":14,"playtime":475,"items_purged":[],"score":156,"play_id":"c43d01b5-0f64-45cd-9da6-b0566e07ba5c","local_time":"20190424235334","is_ascension_mode":true,"campfire_choices":[{"data":"Sweeping Beam","floor":6,"key":"SMITH"}],"neow_cost":"NONE","seed_source_timestamp":5121689463500,"circlet_count":0,"master_deck":["AscendersBane","Strike_B","Strike_B","Strike_B","Defend_B","Defend_B","Defend_B","Defend_B","Zap+1","Dualcast","Machine Learning","Sweeping Beam+1","Cold Snap","Coolheaded","Sunder+1","Conserve Battery"],"special_seed":0,"relics":["Cracked Core","Juzu Bracelet","Regal Pillow"],"potions_floor_usage":[14],"damage_taken":[{"damage":0,"enemies":"2 Louse","floor":1,"turns":2},{"damage":8,"enemies":"Jaw Worm","floor":3,"turns":4},{"damage":0,"enemies":"Cultist","floor":4,"turns":4},{"damage":0,"enemies":"Exordium Wildlife","floor":8,"turns":3},{"damage":4,"enemies":"Blue Slaver","floor":10,"turns":4},{"damage":15,"enemies":"3 Sentries","floor":11,"turns":7},{"damage":8,"enemies":"Lots of Slimes","floor":13,"turns":3},{"damage":31,"enemies":"Gremlin Nob","floor":14,"turns":3}],"seed_played":"-7759794534710566248","potions_obtained":[{"floor":4,"key":"FearPotion"},{"floor":11,"key":"SmokeBomb"}],"is_trial":false,"path_per_floor":["M","$","M","M","?","R","?","M","T","M","E","?","M","E"],"character_chosen":"DEFECT","items_purchased":[],"campfire_rested":0,"item_purchase_floors":[],"current_hp_per_floor":[64,64,56,56,56,56,56,56,56,52,37,37,29,0],"gold":266,"neow_bonus":"TRANSFORM_CARD","is_prod":false,"is_daily":false,"chose_seed":false,"campfire_upgraded":1,"win_rate":0,"timestamp":1556164414,"path_taken":["M","$","M","M","?","R","?","M","T","M","E","?","M","E"],"build_version":"2019-01-23","purchased_purges":0,"victory":false,"max_hp_per_floor":[71,71,71,71,71,71,71,71,71,71,71,71,71,71],"card_choices":[{"not_picked":["Beam Cell","Stack","Hologram"],"picked":"SKIP","floor":1},{"not_picked":["Barrage","FTL"],"picked":"Sweeping Beam","floor":3},{"not_picked":["Turbo","Barrage"],"picked":"Cold Snap","floor":4},{"not_picked":["Undo","Auto Shields"],"picked":"Coolheaded","floor":8},{"not_picked":["Turbo","Cold Snap","Beam Cell"],"picked":"SKIP","floor":10},{"not_picked":["Steam","Reinforced Body"],"picked":"Sunder","floor":11},{"not_picked":["Steam","Rebound"],"picked":"Conserve Battery","floor":13}],"player_experience":626709,"relics_obtained":[{"floor":9,"key":"Juzu Bracelet"},{"floor":11,"key":"Regal Pillow"}],"event_choices":[{"damage_healed":0,"gold_gain":0,"player_choice":"Grow","damage_taken":0,"max_hp_gain":0,"max_hp_loss":0,"event_name":"Living Wall","floor":5,"gold_loss":0,"cards_upgraded":["Zap"]},{"damage_healed":0,"gold_gain":0,"player_choice":"Ignored","damage_taken":0,"max_hp_gain":0,"max_hp_loss":0,"event_name":"Golden Wing","floor":7,"gold_loss":0},{"damage_healed":0,"gold_gain":0,"player_choice":"Forge","damage_taken":0,"max_hp_gain":0,"max_hp_loss":0,"event_name":"Accursed Blacksmith","floor":12,"gold_loss":0,"cards_upgraded":["Sunder"]}],"is_beta":false,"boss_relics":[],"items_purged_floors":[],"is_endless":false,"potions_floor_spawned":[4,11],"killed_by":"Gremlin Nob","ascension_level":14}