{"gold_per_floor":[113,113,12,23,38,70,70,103,126,1,1,18,18,18,18,119,119,59,8,8,8,8,8,8,8,8,8,8,8,8,8,8,8],"floor_reached":33,"playtime":3244,"items_purged":["Strike_G"],"score":454,"play_id":"5902b712-7b85-4d9a-bfce-e0cf10507c03","local_time":"20190404175051","is_ascension_mode":true,"campfire_choices":[{"data":"Neutralize","floor":7,"key":"SMITH"},{"floor":11,"key":"REST"},{"data":"Caltrops","floor":13,"key":"SMITH"},{"data":"Malaise","floor":15,"key":"SMITH"},{"floor":23,"key":"REST"},{"data":"Well Laid Plans","floor":25,"key":"SMITH"},{"floor":30,"key":"REST"},{"data":"Cloak And Dagger","floor":32,"key":"SMITH"}],"neow_cost":"NONE","seed_source_timestamp":257680348305228,"circlet_count":0,"master_deck":["AscendersBane","Defend_G","Defend_G","Defend_G","Defend_G","Defend_G","Strike_G+1","Strike_G","Strike_G+1","Strike_G","Survivor","Neutralize+1","Flying Knee","Dagger Throw","Deflect","Endless Agony","Caltrops+1","Finisher","Well Laid Plans+1","Malaise+1","Leg Sweep","Deadly Poison","Acrobatics+1","Sucker Punch+1","PiercingWail+1","Cloak And Dagger+1"],"relics":["Ring of the Snake","Boot","Lantern","Oddly Smooth Stone","Smiling Mask","Ectoplasm","Regal Pillow","Juzu Bracelet","Blood Vial","Centennial Puzzle"],"potions_floor_usage":[6,8,27,33],"damage_taken":[{"damage":0,"enemies":"Jaw Worm","floor":1,"turns":4},{"damage":4,"enemies":"Small Slimes","floor":4,"turns":3},{"damage":0,"enemies":"Cultist","floor":5,"turns":3},{"damage":9,"enemies":"3 Sentries","floor":6,"turns":11},{"damage":19,"enemies":"Lagavulin","floor":8,"turns":8},{"damage":0,"enemies":"Looter","floor":12,"turns":3},{"damage":9,"enemies":"The Guardian","floor":16,"turns":10},{"damage":9,"enemies":"2 Thieves","floor":18,"turns":4},{"damage":0,"enemies":"3 Byrds","floor":20,"turns":1},{"damage":25,"enemies":"Shelled Parasite and Fungi","floor":21,"turns":5},{"damage":7,"enemies":"Cultist and Chosen","floor":22,"turns":7},{"damage":10,"enemies":"Book of Stabbing","floor":24,"turns":6},{"damage":22,"enemies":"Gremlin Leader","floor":27,"turns":9},{"damage":12,"enemies":"Snecko","floor":28,"turns":7},{"damage":64,"enemies":"Collector","floor":33,"turns":13}],"seed_played":"7573629213485681953","potions_obtained":[{"floor":4,"key":"Block Potion"},{"floor":5,"key":"SteroidPotion"},{"floor":6,"key":"Energy Potion"},{"floor":8,"key":"EssenceOfSteel"},{"floor":20,"key":"Dexterity Potion"}],"is_trial":false,"path_per_floor":["?","?","?","M","?"],"character_chosen":"THE_SILENT","items_purchased":["Dagger Throw","Block Potion","Well Laid Plans"],"campfire_rested":3,"item_purchase_floors":[3,3,10],"current_hp_per_floor":[63,49,49,45,45,36,36,17,17,17,38,38,38,61,61,52,66,57,57,57,32,25,61,51,51,51,31,21,21,57,57,57,0],"gold":8,"neow_bonus":"RANDOM_COMMON_RELIC","is_prod":false,"is_daily":false,"chose_seed":false,"campfire_upgraded":5,"win_rate":0,"timestamp":1554396651,"path_taken":["M","?","$","M","M","E","R","E","T","$","R","M","R","?","R","BOSS","M","?","?","M","M","R","E","R","T","E","M","?","R","$","R","BOSS"],"build_version":"2019-01-23","purchased_purges":1,"victory":false,"max_hp_per_floor":[70,70,70,70,70,70,70,70,70,70,70,70,70,70,70,70,70,70,70,70,70,70,70,70,70,70,70,70,70,70,70,70,70],"card_choices":[{"not_picked":["Deflect","Acrobatics"],"picked":"Flying Knee","floor":1},{"not_picked":["Slice","Riddle With Holes"],"picked":"Deflect","floor":4},{"not_picked":["Quick Slash","Skewer"],"picked":"Endless Agony","floor":5},{"not_picked":["Infinite Blades","Crippling Poison"],"picked":"Caltrops","floor":6},{"not_picked":["Acrobatics","Flying Knee"],"picked":"Finisher","floor":8},{"not_picked":["Quick Slash","Sucker Punch"],"picked":"Malaise","floor":12},{"not_picked":["Expertise","Masterful Stab"],"picked":"Leg Sweep","floor":18},{"not_picked":["Slice","Prepared+1","Dagger Throw+1"],"picked":"SKIP","floor":20},{"not_picked":["Acrobatics","Slice"],"picked":"Deadly Poison","floor":21},{"not_picked":["Blade Dance","Dagger Throw"],"picked":"Acrobatics+1","floor":22},{"not_picked":["Riddle With Holes","Blade Dance","Dagger Throw+1"],"picked":"SKIP","floor":24},{"not_picked":["Flying Knee","Underhanded Strike+1"],"picked":"Sucker Punch+1","floor":27},{"not_picked":["Sucker Punch","Accuracy"],"picked":"PiercingWail+1","floor":28}],"player_experience":449707,"relics_obtained":[{"floor":6,"key":"Lantern"},{"floor":8,"key":"Oddly Smooth Stone"},{"floor":9,"key":"Smiling Mask"},{"floor":24,"key":"Juzu Bracelet"},{"floor":26,"key":"Blood Vial"},{"floor":27,"key":"Centennial Puzzle"}],"event_choices":[{"damage_healed":0,"gold_gain":0,"player_choice":"Entered Light","damage_taken":14,"max_hp_gain":0,"max_hp_loss":0,"event_name":"Shining Light","floor":2,"gold_loss":0,"cards_upgraded":["Strike_G","Strike_G"]},{"damage_healed":23,"gold_gain":0,"player_choice":"Banana","damage_taken":0,"max_hp_gain":0,"max_hp_loss":0,"event_name":"Big Fish","floor":14,"gold_loss":0},{"damage_healed":0,"gold_gain":0,"player_choice":"Paid Gold","damage_taken":0,"relics_obtained":["Regal Pillow"],"max_hp_gain":0,"max_hp_loss":0,"event_name":"WeMeetAgain","floor":19,"gold_loss":51},{"damage_healed":0,"gold_gain":0,"player_choice":"Read","damage_taken":0,"max_hp_gain":0,"max_hp_loss":0,"event_name":"The Library","floor":29,"gold_loss":0,"cards_obtained":["Cloak And Dagger"]}],"is_beta":false,"boss_relics":[{"not_picked":["Pandora\u0027s Box","Lizard Tail"],"picked":"Ectoplasm"}],"items_purged_floors":[10],"is_endless":false,"potions_floor_spawned":[4,5,6,8,18,20],"killed_by":"Collector","ascension_level":11}