{"gold_per_floor":[109,109,71,71,83,83,258,289,289,289,21,38,72,92,92,192,192,209,24,38,58,73,103,103,103,181,215,215,215,234,333,333,433,433,453,463,474,574,590,616,616,121,147,172,203,553,653,666,666,666,666,666,205,233,233],"floor_reached":55,"playtime":5789,"items_purged":["Doubt","Strike_B","Dualcast"],"score":906,"play_id":"f1e1ef7e-5d4b-4b17-8d2f-5bee93e4780b","local_time":"20190317012101","is_ascension_mode":true,"campfire_choices":[{"data":"Loop","floor":6,"key":"SMITH"},{"data":"Zap","floor":10,"key":"SMITH"},{"data":"Stack","floor":15,"key":"SMITH"},{"floor":25,"key":"REST"},{"floor":29,"key":"REST"},{"data":"Apotheosis","floor":32,"key":"SMITH"},{"floor":41,"key":"RECALL"},{"floor":49,"key":"REST"},{"data":"Machine Learning","floor":52,"key":"SMITH"}],"neow_cost":"NONE","seed_source_timestamp":669226383936009,"circlet_count":0,"master_deck":["Defend_B","Defend_B","Defend_B","Defend_B","Zap+1","Genetic Algorithm","Force Field","Loop+1","Stack+1","Conserve Battery","Steam","Rainbow","Cold Snap","Apotheosis+1","Cold Snap","Self Repair","Compile Driver+1","Reboot+1","Fusion+1","Reinforced Body","Machine Learning+1","Blizzard+1","Compile Driver+1","Cold Snap","Tempest+1","Undo","Fusion+1","Static Discharge","Skim","Consume","Compile Driver","Electrodynamics","Compile Driver+1","Loop"],"relics":["Cracked Core","NeowsBlessing","Lantern","Cables","Runic Capacitor","Vajra","Nuclear Battery","Gambling Chip","Bag of Preparation","Empty Cage","WingedGreaves","PreservedInsect","Bronze Scales","Orichalcum","Shuriken","Boot","Old Coin","Membership Card","Happy Flower","War Paint","Bottled Tornado"],"potions_floor_usage":[16,20,23,33,55,55,55,55,55,55],"damage_taken":[{"damage":0,"enemies":"2 Louse","floor":1,"turns":1},{"damage":0,"enemies":"Cultist","floor":5,"turns":1},{"damage":0,"enemies":"Lagavulin","floor":8,"turns":1},{"damage":2,"enemies":"Small Slimes","floor":12,"turns":3},{"damage":13,"enemies":"Gremlin Nob","floor":13,"turns":4},{"damage":0,"enemies":"Looter","floor":14,"turns":2},{"damage":32,"enemies":"The Guardian","floor":16,"turns":13},{"damage":11,"enemies":"3 Byrds","floor":18,"turns":5},{"damage":1,"enemies":"Shell Parasite","floor":20,"turns":8},{"damage":21,"enemies":"Snake Plant","floor":21,"turns":5},{"damage":14,"enemies":"Snecko","floor":22,"turns":8},{"damage":3,"enemies":"Book of Stabbing","floor":23,"turns":7},{"damage":45,"enemies":"Gremlin Leader","floor":27,"turns":5},{"damage":5,"enemies":"Colosseum Slavers","floor":28,"turns":5},{"damage":8,"enemies":"Sentry and Sphere","floor":30,"turns":4},{"damage":10,"enemies":"Collector","floor":33,"turns":12},{"damage":0,"enemies":"3 Shapes","floor":35,"turns":4},{"damage":0,"enemies":"Orb Walker","floor":36,"turns":4},{"damage":11,"enemies":"Jaw Worm Horde","floor":37,"turns":7},{"damage":0,"enemies":"Mind Bloom Boss Battle","floor":38,"turns":8},{"damage":15,"enemies":"Spire Growth","floor":39,"turns":5},{"damage":12,"enemies":"Nemesis","floor":40,"turns":7},{"damage":7,"enemies":"Giant Head","floor":44,"turns":10},{"damage":19,"enemies":"Nemesis","floor":45,"turns":7},{"damage":31,"enemies":"2 Orb Walkers","floor":46,"turns":4},{"damage":0,"enemies":"4 Shapes","floor":48,"turns":2},{"damage":37,"enemies":"Donu and Deca","floor":50,"turns":10},{"damage":23,"enemies":"Shield and Spear","floor":54,"turns":4},{"damage":77,"enemies":"The Heart","floor":55,"turns":9}],"seed_played":"4307854925763379734","potions_obtained":[{"floor":1,"key":"Block Potion"},{"floor":2,"key":"GamblersBrew"},{"floor":2,"key":"EntropicBrew"},{"floor":2,"key":"SpeedPotion"},{"floor":14,"key":"FearPotion"},{"floor":16,"key":"Fire Potion"},{"floor":20,"key":"Fruit Juice"},{"floor":22,"key":"Dexterity Potion"},{"floor":27,"key":"AttackPotion"},{"floor":36,"key":"AttackPotion"}],"is_trial":false,"path_per_floor":["?","$","?","?","?","?","?","?","?","?","M"],"character_chosen":"DEFECT","items_purchased":["Force Field","Runic Capacitor","Apotheosis","Static Discharge","Skim","Consume","Compile Driver","Bronze Scales","Membership Card","Loop","Happy Flower","War Paint"],"campfire_rested":3,"item_purchase_floors":[3,11,19,42,42,42,42,42,53,53,53,53],"current_hp_per_floor":[75,75,75,68,68,68,68,68,68,68,68,66,53,53,53,21,75,64,64,68,47,43,50,35,60,60,25,20,45,47,47,47,47,85,85,85,84,85,70,68,68,68,68,71,62,41,41,41,66,39,85,85,85,72,0],"gold":233,"neow_bonus":"THREE_ENEMY_KILL","is_prod":false,"is_daily":false,"chose_seed":false,"campfire_upgraded":5,"win_rate":0,"timestamp":1552810861,"path_taken":["M","?","?","?","M","R","?","E","T","R","$","M","E","M","R","BOSS","M","$","M","M","M","E","?","R","T","E","?","R","M","?","R","BOSS","M","M","M","?","M","E","R","$","T","E","E","?","?","?","R","BOSS","R","$","E","BOSS"],"build_version":"2019-01-23","purchased_purges":3,"victory":false,"max_hp_per_floor":[75,75,75,75,75,75,75,75,75,75,75,75,75,75,75,75,75,75,75,80,80,80,80,85,85,85,85,85,85,85,85,85,85,85,85,85,85,85,85,85,85,85,85,85,85,85,85,85,85,85,85,85,85,85,85],"card_choices":[{"not_picked":["Sweeping Beam","Leap"],"picked":"Genetic Algorithm","floor":1},{"not_picked":["Compile Driver","Ball Lightning"],"picked":"Loop","floor":5},{"not_picked":["Redo","Blizzard","Reprogram"],"picked":"SKIP","floor":8},{"not_picked":["Leap","Barrage"],"picked":"Stack","floor":12},{"not_picked":["Auto Shields","Darkness"],"picked":"Conserve Battery","floor":13},{"not_picked":["Compile Driver","Beam Cell"],"picked":"Steam","floor":14},{"not_picked":["All For One","Fission"],"picked":"Rainbow","floor":16},{"not_picked":["Auto Shields","Rip and Tear+1"],"picked":"Cold Snap","floor":18},{"not_picked":["Gash","Leap"],"picked":"Cold Snap","floor":20},{"not_picked":["Gash","Beam Cell"],"picked":"Self Repair","floor":21},{"not_picked":["Coolheaded+1","Darkness"],"picked":"Compile Driver+1","floor":22},{"not_picked":["Beam Cell","Gash"],"picked":"Reboot","floor":23},{"not_picked":["Gash","Go for the Eyes+1"],"picked":"Fusion","floor":27},{"not_picked":["Redo","Rebound"],"picked":"Reinforced Body","floor":30},{"not_picked":["Hyperbeam","Thunder Strike"],"picked":"Machine Learning","floor":33},{"not_picked":["Cold Snap","Leap+1"],"picked":"Blizzard+1","floor":35},{"not_picked":["Rip and Tear+1","Beam Cell+1"],"picked":"Compile Driver+1","floor":36},{"not_picked":["Turbo+1","Steam+1"],"picked":"Cold Snap","floor":37},{"not_picked":["Rebound+1","Ball Lightning"],"picked":"Tempest+1","floor":38},{"not_picked":["Reinforced Body","Recycle"],"picked":"Undo","floor":39},{"not_picked":["Aggregate","Leap+1"],"picked":"Fusion+1","floor":40},{"not_picked":["Conserve Battery","Streamline+1","Stack"],"picked":"SKIP","floor":44},{"not_picked":["Reinforced Body","Ball Lightning+1"],"picked":"Electrodynamics","floor":45},{"not_picked":["Coolheaded","Beam Cell+1"],"picked":"Compile Driver+1","floor":46},{"not_picked":["Consume+1","Aggregate+1","Coolheaded+1"],"picked":"SKIP","floor":48},{"not_picked":["Reboot","Hologram","Redo"],"picked":"SKIP","floor":54}],"player_experience":63517,"relics_obtained":[{"floor":8,"key":"Lantern"},{"floor":9,"key":"Cables"},{"floor":13,"key":"Vajra"},{"floor":23,"key":"Gambling Chip"},{"floor":27,"key":"Bag of Preparation"},{"floor":38,"key":"WingedGreaves"},{"floor":40,"key":"PreservedInsect"},{"floor":43,"key":"Orichalcum"},{"floor":44,"key":"Shuriken"},{"floor":45,"key":"Boot"},{"floor":46,"key":"Old Coin"},{"floor":54,"key":"Bottled Tornado"}],"event_choices":[{"damage_healed":0,"gold_gain":0,"player_choice":"Got Potions","damage_taken":0,"max_hp_gain":0,"max_hp_loss":0,"event_name":"Lab","floor":2,"gold_loss":0},{"cards_removed":["Strike_B"],"damage_healed":0,"gold_gain":0,"player_choice":"Card Removal","damage_taken":7,"max_hp_gain":0,"max_hp_loss":0,"event_name":"Golden Wing","floor":4,"gold_loss":0},{"damage_healed":0,"gold_gain":175,"player_choice":"AGREE","damage_taken":0,"max_hp_gain":0,"max_hp_loss":0,"event_name":"Liars Game","floor":7,"gold_loss":0,"cards_obtained":["Doubt"]},{"damage_healed":0,"gold_gain":0,"player_choice":"Shed Blood","damage_taken":20,"max_hp_gain":5,"max_hp_loss":0,"event_name":"Forgotten Altar","floor":24,"gold_loss":0},{"damage_healed":0,"gold_gain":0,"player_choice":"Fight","damage_taken":0,"max_hp_gain":0,"max_hp_loss":0,"event_name":"Colosseum","floor":28,"gold_loss":0},{"damage_healed":0,"gold_gain":0,"player_choice":"Fled From Nobs","damage_taken":0,"max_hp_gain":0,"max_hp_loss":0,"event_name":"Colosseum","floor":28,"gold_loss":0},{"damage_healed":0,"gold_gain":99,"player_choice":"Stole From Cult","damage_taken":0,"max_hp_gain":0,"max_hp_loss":0,"event_name":"Nest","floor":31,"gold_loss":0},{"damage_healed":0,"gold_gain":0,"player_choice":"Fight","damage_taken":0,"max_hp_gain":0,"max_hp_loss":0,"event_name":"MindBloom","floor":38,"gold_loss":0},{"damage_healed":0,"gold_gain":0,"player_choice":"Fight","damage_taken":0,"max_hp_gain":0,"max_hp_loss":0,"event_name":"Mysterious Sphere","floor":46,"gold_loss":0},{"damage_healed":0,"gold_gain":100,"player_choice":"Pray","damage_taken":0,"max_hp_gain":0,"max_hp_loss":0,"event_name":"Golden Shrine","floor":47,"gold_loss":0}],"is_beta":false,"boss_relics":[{"not_picked":["Runic Dome","Astrolabe"],"picked":"Nuclear Battery"},{"not_picked":["Velvet Choker","Philosopher\u0027s Stone"],"picked":"Empty Cage"}],"items_purged_floors":[11,42,53],"is_endless":false,"potions_floor_spawned":[1,14,16,18,20,22,27,28,36,39,44,45],"killed_by":"The Heart","ascension_level":2}