{"gold_per_floor":[110,120,140,93,107,139,159,37,60,60,77,89,89,102,102,204,204,217,229,229,263,281,281,309,309,309,328,348,348],"floor_reached":29,"playtime":4914,"items_purged":[],"score":301,"play_id":"798f4bda-7dcf-45ce-a365-8f2ca04a64a2","local_time":"20190309105935","is_ascension_mode":true,"campfire_choices":[{"floor":10,"key":"REST"},{"data":"Neutralize","floor":13,"key":"SMITH"},{"floor":15,"key":"REST"},{"floor":23,"key":"REST"},{"floor":25,"key":"REST"}],"neow_cost":"NONE","seed_source_timestamp":278824191070044,"circlet_count":0,"master_deck":["Defend_G","Defend_G","Defend_G","Defend_G","Defend_G","Strike_G","Strike_G","Strike_G","Strike_G","Strike_G","Survivor","Neutralize+1","Flechettes","Quick Slash","Sucker Punch","PiercingWail","Cloak And Dagger","Choke","Finisher","Backflip","Bouncing Flask","Cloak And Dagger","A Thousand Cuts","Flying Knee","Backstab","Prepared","Eviscerate","Backflip","PiercingWail"],"relics":["Ring of the Snake","Mummified Hand","Vajra","HoveringKite","Lantern","Red Mask","Oddly Smooth Stone","Darkstone Periapt"],"potions_floor_usage":[11,16,21,24,24],"damage_taken":[{"damage":0,"enemies":"Jaw Worm","floor":1,"turns":5},{"damage":3,"enemies":"2 Louse","floor":2,"turns":3},{"damage":0,"enemies":"Cultist","floor":3,"turns":3},{"damage":4,"enemies":"2 Fungi Beasts","floor":5,"turns":3},{"damage":39,"enemies":"Lagavulin","floor":6,"turns":12},{"damage":0,"enemies":"Looter","floor":7,"turns":4},{"damage":5,"enemies":"Gremlin Gang","floor":11,"turns":3},{"damage":12,"enemies":"3 Louse","floor":12,"turns":4},{"damage":1,"enemies":"Blue Slaver","floor":14,"turns":3},{"damage":39,"enemies":"Hexaghost","floor":16,"turns":10},{"damage":0,"enemies":"3 Byrds","floor":18,"turns":6},{"damage":20,"enemies":"Shell Parasite","floor":19,"turns":9},{"damage":12,"enemies":"Masked Bandits","floor":21,"turns":5},{"damage":18,"enemies":"Shelled Parasite and Fungi","floor":22,"turns":7},{"damage":19,"enemies":"Slavers","floor":24,"turns":7},{"damage":42,"enemies":"3 Cultists","floor":27,"turns":6},{"damage":6,"enemies":"Centurion and Healer","floor":28,"turns":7},{"damage":0,"enemies":"Sentry and Sphere","floor":29,"turns":1}],"seed_played":"6054172812417492668","potions_obtained":[{"floor":2,"key":"SteroidPotion"},{"floor":5,"key":"Energy Potion"},{"floor":12,"key":"GhostInAJar"},{"floor":14,"key":"GhostInAJar"},{"floor":18,"key":"Block Potion"},{"floor":22,"key":"PowerPotion"},{"floor":24,"key":"FearPotion"},{"floor":28,"key":"Block Potion"}],"is_trial":false,"path_per_floor":["?","?","M","M"],"character_chosen":"THE_SILENT","items_purchased":["PiercingWail","Backflip","Bouncing Flask"],"campfire_rested":4,"item_purchase_floors":[4,8,8],"current_hp_per_floor":[77,74,74,74,70,31,31,31,31,54,49,37,37,36,59,20,77,77,57,57,45,27,50,31,54,54,12,6,6],"gold":348,"neow_bonus":"TEN_PERCENT_HP_BONUS","is_prod":false,"is_daily":false,"chose_seed":false,"campfire_upgraded":1,"win_rate":0,"timestamp":1552129175,"path_taken":["M","M","M","$","M","E","M","$","T","R","M","M","R","M","R","BOSS","M","M","?","?","M","R","E","R","T","?","M","?"],"build_version":"2019-01-23","purchased_purges":0,"victory":false,"max_hp_per_floor":[77,77,77,77,77,77,77,77,77,77,77,77,77,77,77,77,77,77,77,77,77,77,77,77,77,77,77,77,77],"card_choices":[{"not_picked":["Backflip","Slice"],"picked":"Flechettes","floor":1},{"not_picked":["Bouncing Flask","Slice"],"picked":"Quick Slash","floor":2},{"not_picked":["Bane","Prepared"],"picked":"Sucker Punch","floor":3},{"not_picked":["Endless Agony","Dagger Spray"],"picked":"Cloak And Dagger","floor":5},{"not_picked":["Expertise","Dodge and Roll"],"picked":"Choke","floor":6},{"not_picked":["Crippling Poison","Acrobatics"],"picked":"Finisher","floor":7},{"not_picked":["Accuracy","Blade Dance","Slice"],"picked":"SKIP","floor":11},{"not_picked":["Poisoned Stab","Terror"],"picked":"Cloak And Dagger","floor":12},{"not_picked":["Expertise","Prepared"],"picked":"A Thousand Cuts","floor":14},{"not_picked":["Concentrate","Dodge and Roll"],"picked":"Flying Knee","floor":18},{"not_picked":["Sucker Punch","Dagger Throw"],"picked":"Backstab","floor":19},{"not_picked":["Slice","Poisoned Stab+1"],"picked":"Prepared","floor":21},{"not_picked":["Deflect","Prepared"],"picked":"Eviscerate","floor":22},{"not_picked":["Endless Agony","Terror"],"picked":"Backflip","floor":24},{"not_picked":["Dagger Throw","Outmaneuver"],"picked":"PiercingWail","floor":27},{"not_picked":["All Out Attack","Concentrate+1","PiercingWail"],"picked":"SKIP","floor":28}],"player_experience":173026,"relics_obtained":[{"floor":6,"key":"Mummified Hand"},{"floor":9,"key":"Vajra"},{"floor":21,"key":"Red Mask"},{"floor":24,"key":"Oddly Smooth Stone"},{"floor":26,"key":"Darkstone Periapt"}],"event_choices":[{"damage_healed":0,"gold_gain":0,"player_choice":"Opened","damage_taken":0,"relics_obtained":["Lantern"],"max_hp_gain":0,"max_hp_loss":0,"event_name":"The Mausoleum","floor":20,"gold_loss":0},{"damage_healed":0,"gold_gain":0,"player_choice":"Fought Bandits","damage_taken":0,"max_hp_gain":0,"max_hp_loss":0,"event_name":"Masked Bandits","floor":21,"gold_loss":0}],"is_beta":false,"boss_relics":[{"not_picked":["Orrery","White Beast Statue"],"picked":"HoveringKite"}],"items_purged_floors":[],"is_endless":false,"potions_floor_spawned":[2,5,12,14,18,22,24,28],"killed_by":"Sentry and Sphere","ascension_level":4}