{"gold_per_floor":[109,124,49,49,24,24,35,67,67,67,87,11,11,11],"floor_reached":14,"playtime":469,"items_purged":[],"score":176,"play_id":"6558c0b1-a16e-440b-919b-76c09cd73de5","local_time":"20190424194937","is_ascension_mode":true,"campfire_choices":[{"data":"Neutralize","floor":6,"key":"SMITH"},{"data":"Poisoned Stab","floor":10,"key":"SMITH"},{"data":"Footwork","floor":13,"key":"SMITH"}],"neow_cost":"CURSE","seed_source_timestamp":548193295406148,"circlet_count":0,"master_deck":["AscendersBane","Defend_G","Defend_G","Defend_G","Defend_G","Defend_G","Strike_G","Strike_G","Strike_G","Strike_G","Survivor","Neutralize+1","Poisoned Stab+1","Poisoned Stab","Poisoned Stab","Backflip","Well Laid Plans","Footwork+1"],"relics":["Ring of the Snake","Calipers","Ginger","Pocketwatch"],"potions_floor_usage":[14],"damage_taken":[{"damage":5,"enemies":"Cultist","floor":1,"turns":5},{"damage":1,"enemies":"Small Slimes","floor":2,"turns":4},{"damage":0,"enemies":"2 Louse","floor":7,"turns":3},{"damage":36,"enemies":"3 Sentries","floor":8,"turns":14},{"damage":1,"enemies":"Exordium Thugs","floor":11,"turns":4},{"damage":24,"enemies":"Gremlin Nob","floor":14,"turns":3}],"seed_played":"6665521489784373437","potions_obtained":[{"floor":11,"key":"Explosive Potion"}],"is_trial":false,"path_per_floor":["?","?"],"character_chosen":"THE_SILENT","items_purchased":["Poisoned Stab","Footwork"],"campfire_rested":0,"item_purchase_floors":[5,12],"current_hp_per_floor":[54,53,53,53,53,53,53,17,17,17,16,16,16,0],"gold":11,"neow_bonus":"ONE_RARE_RELIC","is_prod":false,"is_daily":false,"chose_seed":false,"campfire_upgraded":3,"win_rate":0,"timestamp":1556124577,"path_taken":["M","M","?","?","$","R","M","E","T","R","M","$","R","E"],"build_version":"2019-01-23","purchased_purges":0,"victory":false,"max_hp_per_floor":[66,66,66,66,66,66,66,66,66,66,66,66,66,66],"card_choices":[{"not_picked":["Dagger Throw","Deflect"],"picked":"Poisoned Stab","floor":1},{"not_picked":["Underhanded Strike","Dagger Spray"],"picked":"Poisoned Stab","floor":2},{"not_picked":["Expertise","Slice","Riddle With Holes"],"picked":"SKIP","floor":7},{"not_picked":["Flying Knee","Deadly Poison"],"picked":"Backflip","floor":8},{"not_picked":["Cloak And Dagger","Flying Knee"],"picked":"Well Laid Plans","floor":11}],"player_experience":1860778,"relics_obtained":[{"floor":8,"key":"Ginger"},{"floor":9,"key":"Pocketwatch"}],"event_choices":[{"cards_removed":["Regret"],"damage_healed":0,"gold_gain":0,"player_choice":"Card Removal","damage_taken":0,"max_hp_gain":0,"max_hp_loss":0,"event_name":"The Cleric","floor":3,"gold_loss":75},{"cards_removed":["Strike_G"],"damage_healed":0,"gold_gain":0,"player_choice":"Offered Basic","damage_taken":0,"max_hp_gain":0,"max_hp_loss":0,"event_name":"Bonfire Elementals","floor":4,"gold_loss":0}],"is_beta":false,"boss_relics":[],"items_purged_floors":[],"is_endless":false,"potions_floor_spawned":[11],"killed_by":"Gremlin Nob","ascension_level":20}