{"gold_per_floor":[111,55,67,67,142,142,175,175,254,254,49,78,93,149,149,149],"floor_reached":16,"playtime":496,"items_purged":["Parasite"],"score":212,"play_id":"8104e3ce-8a0c-44ed-9561-de6b59768f35","local_time":"20190421210049","is_ascension_mode":true,"campfire_choices":[{"data":"Zap","floor":6.0,"key":"SMITH"},{"data":"Electrodynamics","floor":10.0,"key":"SMITH"},{"floor":15,"key":"REST"}],"neow_cost":"NONE","seed_source_timestamp":29383556034349,"circlet_count":0,"master_deck":["AscendersBane","Strike_B","Defend_B","Defend_B","Defend_B","Defend_B","Zap+1","Dualcast","Steam+1","Meteor Strike+1","Multi-Cast+1","Coolheaded","Darkness","Electrodynamics+1","Capacitor","Panacea","White Noise","Cold Snap"],"special_seed":0,"relics":["Astrolabe","Matryoshka","Orichalcum","Darkstone Periapt"],"potions_floor_usage":[12,12],"damage_taken":[{"damage":11.0,"enemies":"Small Slimes","floor":1.0,"turns":6.0},{"damage":8.0,"enemies":"2 Louse","floor":3.0,"turns":2.0},{"damage":24.0,"enemies":"3 Sentries","floor":7.0,"turns":10.0},{"damage":33,"enemies":"Gremlin Nob","floor":12,"turns":5},{"damage":9,"enemies":"Jaw Worm","floor":13,"turns":4},{"damage":29,"enemies":"The Guardian","floor":16,"turns":6}],"seed_played":"1964334244022407381","potions_obtained":[{"floor":3.0,"key":"SpeedPotion"},{"floor":7.0,"key":"SkillPotion"},{"floor":12,"key":"Poison Potion"}],"is_trial":false,"path_per_floor":["M","$","M","?","?","R","E","?","T","R","$","E","M","?","R","B"],"character_chosen":"DEFECT","items_purchased":["Block Potion","Capacitor","Panacea"],"campfire_rested":1,"item_purchase_floors":[2,11,11],"current_hp_per_floor":[53,53,45,68,57,57,33,50,50,50,50,17,8,8,28,0],"gold":149,"neow_bonus":"BOSS_RELIC","is_prod":false,"is_daily":false,"chose_seed":false,"campfire_upgraded":2,"win_rate":0,"timestamp":1555873249,"path_taken":["M","$","M","?","?","R","E","?","T","R","$","E","?","?","R","BOSS"],"build_version":"2019-04-20","purchased_purges":1,"victory":false,"max_hp_per_floor":[71,71,71,71,71,71,71,71,71,71,68,68,68,68,68,68],"card_choices":[{"not_picked":["Rebound","Reprogram"],"picked":"Coolheaded","floor":1.0},{"not_picked":["Gash","Steam"],"picked":"Darkness","floor":3.0},{"not_picked":["Chaos","Redo"],"picked":"Electrodynamics","floor":7.0},{"not_picked":["Hologram","Reboot"],"picked":"White Noise","floor":12},{"not_picked":["Stack","Fusion"],"picked":"Cold Snap","floor":13}],"player_experience":1186733,"relics_obtained":[{"floor":7.0,"key":"Matryoshka"},{"floor":9.0,"key":"Orichalcum"},{"floor":12,"key":"Darkstone Periapt"}],"event_choices":[{"damage_healed":23.0,"max_hp_gain":0.0,"max_hp_loss":0.0,"gold_gain":0.0,"event_name":"Big Fish","player_choice":"Banana","floor":4.0,"gold_loss":0.0,"damage_taken":0.0},{"damage_healed":0.0,"max_hp_gain":0.0,"max_hp_loss":0.0,"gold_gain":75.0,"event_name":"World of Goop","player_choice":"Gather Gold","floor":5.0,"gold_loss":0.0,"damage_taken":11.0},{"damage_healed":17.0,"max_hp_gain":0.0,"max_hp_loss":0.0,"gold_gain":0.0,"event_name":"Mushrooms","player_choice":"Healed and dodged fight","floor":8.0,"gold_loss":0.0,"damage_taken":0.0,"cards_obtained":["Parasite"]},{"damage_healed":0,"gold_gain":56,"player_choice":"Gained Gold","damage_taken":0,"max_hp_gain":0,"max_hp_loss":0,"event_name":"Golden Wing","floor":14,"gold_loss":0}],"is_beta":true,"boss_relics":[],"items_purged_floors":[11],"is_endless":false,"potions_floor_spawned":[3,7,12],"killed_by":"The Guardian","ascension_level":20}