{"gold_per_floor":[115,115,133,143,143,143,171,190,190,218,218,229,254,269,269,364,364,378,47,60,60,60,89,105,138,191,202,202,212,212,232,232,232],"floor_reached":33,"playtime":1206,"items_purged":["Strike_R"],"score":484,"play_id":"668ce68a-dc98-495a-8310-2dbaa96a8353","local_time":"20190322135053","is_ascension_mode":true,"campfire_choices":[{"data":"Whirlwind","floor":6.0,"key":"SMITH"},{"data":"Uppercut","floor":11.0,"key":"SMITH"},{"data":"Corruption","floor":15.0,"key":"SMITH"},{"data":"Armaments","floor":28.0,"key":"SMITH"},{"data":"Inflame","floor":32.0,"key":"SMITH"}],"neow_cost":"NONE","seed_source_timestamp":300556661794647,"circlet_count":0,"master_deck":["Strike_R","Strike_R","Defend_R","Defend_R","Defend_R","Defend_R","Bash+1","Shrug It Off","Inflame+1","Whirlwind+1","Evolve","Uppercut+1","Ghostly Armor","Corruption+1","Armaments+1","Double Tap","Carnage","Feel No Pain","RitualDagger","Anger","Headbutt","Limit Break+1","Heavy Blade"],"special_seed":0,"relics":["Burning Blood","Mercury Hourglass","Dodecahedron","Potion Belt","Bottled Flame","Coffee Dripper","Toxic Egg 2","Pen Nib","Bronze Scales","PreservedInsect","SsserpentHead"],"potions_floor_usage":[33],"damage_taken":[{"damage":12.0,"enemies":"Jaw Worm","floor":1.0,"turns":3.0},{"damage":0.0,"enemies":"2 Louse","floor":3.0,"turns":5.0},{"damage":6.0,"enemies":"Cultist","floor":4.0,"turns":6.0},{"damage":17.0,"enemies":"3 Sentries","floor":7.0,"turns":5.0},{"damage":0.0,"enemies":"2 Fungi Beasts","floor":8.0,"turns":1.0},{"damage":22.0,"enemies":"Lagavulin","floor":10.0,"turns":6.0},{"damage":6.0,"enemies":"Lots of Slimes","floor":12.0,"turns":2.0},{"damage":20.0,"enemies":"Gremlin Nob","floor":13.0,"turns":4.0},{"damage":3.0,"enemies":"Exordium Thugs","floor":14.0,"turns":3.0},{"damage":10.0,"enemies":"Slime Boss","floor":16.0,"turns":7.0},{"damage":0.0,"enemies":"3 Byrds","floor":18.0,"turns":3.0},{"damage":34.0,"enemies":"2 Thieves","floor":20.0,"turns":4.0},{"damage":20.0,"enemies":"Book of Stabbing","floor":23.0,"turns":6.0},{"damage":24.0,"enemies":"Snake Plant","floor":24.0,"turns":3.0},{"damage":0.0,"enemies":"Gremlin Leader","floor":25.0,"turns":4.0},{"damage":7.0,"enemies":"Cultist and Chosen","floor":27.0,"turns":4.0},{"damage":6.0,"enemies":"3 Cultists","floor":29.0,"turns":3.0},{"damage":18.0,"enemies":"Snake Plant","floor":31.0,"turns":3.0},{"damage":17,"enemies":"Collector","floor":33,"turns":3}],"seed_played":"2136710232241820564","potions_obtained":[{"floor":1.0,"key":"Block Potion"},{"floor":7.0,"key":"PowerPotion"},{"floor":12.0,"key":"SpeedPotion"},{"floor":16.0,"key":"Weak Potion"},{"floor":23.0,"key":"BloodPotion"},{"floor":24.0,"key":"BloodPotion"},{"floor":31.0,"key":"Energy Potion"}],"is_trial":false,"path_per_floor":["?","?","?","?"],"character_chosen":"IRONCLAD","items_purchased":["Toxic Egg 2"],"campfire_rested":0,"item_purchase_floors":[19],"current_hp_per_floor":[66,59,65,65,65,65,54,60,60,44,44,44,30,33,33,29,67,73,73,45,45,39,25,7,13,13,12,12,12,12,16,16,0],"gold":232,"neow_bonus":"UPGRADE_CARD","is_prod":false,"is_daily":false,"chose_seed":false,"campfire_upgraded":5,"win_rate":0,"timestamp":1553287853,"path_taken":["M","?","M","M","?","R","E","M","T","E","R","M","E","M","R","BOSS","M","$","M","$","?","E","M","E","T","M","R","M","?","M","R","BOSS"],"build_version":"2019-01-23","purchased_purges":1,"victory":false,"max_hp_per_floor":[80,80,80,80,80,80,80,80,80,80,80,80,80,80,80,80,80,80,80,80,80,80,80,80,80,80,80,80,80,80,80,80,80],"card_choices":[{"not_picked":["Pummel","Perfected Strike"],"picked":"Shrug It Off","floor":1.0},{"not_picked":["Rage","Body Slam"],"picked":"Inflame","floor":3.0},{"not_picked":["Cleave","Flex"],"picked":"Whirlwind","floor":4.0},{"not_picked":["Clash","Thunderclap"],"picked":"Evolve","floor":7.0},{"not_picked":["Clothesline","Pummel"],"picked":"Uppercut","floor":8.0},{"not_picked":["Burning Pact","Metallicize"],"picked":"Ghostly Armor","floor":10.0},{"not_picked":["Burning Pact","Thunderclap"],"picked":"Corruption","floor":12.0},{"not_picked":["Sword Boomerang","Heavy Blade"],"picked":"Armaments","floor":13.0},{"not_picked":["Perfected Strike","Iron Wave","Wild Strike"],"picked":"SKIP","floor":14.0},{"not_picked":["Feed","Offering"],"picked":"Double Tap","floor":16.0},{"not_picked":["Iron Wave","Searing Blow"],"picked":"Carnage","floor":18.0},{"not_picked":["Perfected Strike","Sword Boomerang"],"picked":"Feel No Pain","floor":20.0},{"not_picked":["Sword Boomerang+1","Perfected Strike+1"],"picked":"Anger","floor":23.0},{"not_picked":["Flex+1","Clothesline"],"picked":"Headbutt","floor":24.0},{"not_picked":["Inflame","Corruption"],"picked":"Limit Break+1","floor":25.0},{"not_picked":["Combust","Blood for Blood+1","Sword Boomerang"],"picked":"SKIP","floor":27.0},{"not_picked":["Thunderclap","Flex+1"],"picked":"Heavy Blade","floor":29.0},{"not_picked":["Perfected Strike+1","Cleave","Sword Boomerang"],"picked":"SKIP","floor":31.0}],"player_experience":102950,"relics_obtained":[{"floor":7.0,"key":"Mercury Hourglass"},{"floor":9.0,"key":"Dodecahedron"},{"floor":10.0,"key":"Potion Belt"},{"floor":13.0,"key":"Bottled Flame"},{"floor":23.0,"key":"Pen Nib"},{"floor":25.0,"key":"Bronze Scales"},{"floor":26.0,"key":"PreservedInsect"}],"event_choices":[{"cards_removed":["Strike_R"],"damage_healed":0.0,"max_hp_gain":0.0,"max_hp_loss":0.0,"gold_gain":0.0,"event_name":"Golden Wing","player_choice":"Card Removal","floor":2.0,"gold_loss":0.0,"damage_taken":7.0},{"cards_removed":["Strike_R"],"damage_healed":0.0,"max_hp_gain":0.0,"max_hp_loss":0.0,"gold_gain":0.0,"event_name":"Purifier","player_choice":"Purged","floor":5.0,"gold_loss":0.0,"damage_taken":0.0},{"damage_healed":0.0,"max_hp_gain":0.0,"max_hp_loss":0.0,"gold_gain":0.0,"event_name":"Nest","player_choice":"Joined the Cult","floor":22.0,"gold_loss":0.0,"damage_taken":6.0,"cards_obtained":["RitualDagger"]},{"damage_healed":0.0,"max_hp_gain":0.0,"max_hp_loss":0.0,"gold_gain":0.0,"event_name":"FaceTrader","player_choice":"Trade","floor":30.0,"gold_loss":0.0,"damage_taken":0.0,"relics_obtained":["SsserpentHead"]}],"is_beta":false,"boss_relics":[{"not_picked":["White Beast Statue","Tiny House"],"picked":"Coffee Dripper"}],"items_purged_floors":[19],"is_endless":false,"potions_floor_spawned":[1,7,12,16,23,24,31],"killed_by":"Collector","ascension_level":9}