{"gold_per_floor":[110,110,125,140,157,157,183,216,216,216,226,226,36,61,61,160,160,178,194,194,213,413,413,438,449,473,473,473,498,518,518],"floor_reached":31,"playtime":1138,"items_purged":[],"score":342,"play_id":"5ea369ec-6717-47d2-97f2-65910e5e32f3","local_time":"20190212192415","is_ascension_mode":true,"campfire_choices":[{"data":"A Thousand Cuts","floor":6.0,"key":"SMITH"},{"floor":10.0,"key":"REST"},{"floor":12.0,"key":"REST"},{"data":"Apotheosis","floor":15.0,"key":"SMITH"},{"data":"Accuracy","floor":23,"key":"SMITH"},{"floor":27,"key":"REST"}],"neow_cost":"NONE","seed_source_timestamp":7036104298400,"circlet_count":0,"master_deck":["Defend_G","Defend_G","Defend_G","Defend_G","Strike_G","Strike_G","Strike_G","Strike_G","Survivor","Neutralize","A Thousand Cuts+1","Blur","Glass Knife","PiercingWail","Cloak And Dagger","Infinite Blades","Accuracy+1","Storm of Steel","Apotheosis+1","Tools of the Trade","Choke+1","Well Laid Plans","Necronomicurse","Blade Dance"],"special_seed":0,"relics":["Ring of the Snake","Odd Mushroom","Centennial Puzzle","Art of War","Pantograph","Philosopher\u0027s Stone","MutagenicStrength","Mummified Hand","Regal Pillow","Necronomicon","Shovel"],"potions_floor_usage":[21,29,29],"damage_taken":[{"damage":1.0,"enemies":"Small Slimes","floor":1.0,"turns":5.0},{"damage":0.0,"enemies":"Cultist","floor":3.0,"turns":3.0},{"damage":2.0,"enemies":"Jaw Worm","floor":4.0,"turns":5.0},{"damage":19.0,"enemies":"Gremlin Gang","floor":5.0,"turns":4.0},{"damage":21.0,"enemies":"The Mushroom Lair","floor":7.0,"turns":3.0},{"damage":21.0,"enemies":"Gremlin Nob","floor":8.0,"turns":4.0},{"damage":7.0,"enemies":"2 Fungi Beasts","floor":11.0,"turns":4.0},{"damage":7.0,"enemies":"Lagavulin","floor":14.0,"turns":5.0},{"damage":14.0,"enemies":"Hexaghost","floor":16.0,"turns":8.0},{"damage":12.0,"enemies":"Shell Parasite","floor":18.0,"turns":5.0},{"damage":0.0,"enemies":"Spheric Guardian","floor":19.0,"turns":4.0},{"damage":0,"enemies":"Snecko","floor":21,"turns":4},{"damage":35,"enemies":"Slavers","floor":24,"turns":3},{"damage":18,"enemies":"Sentry and Sphere","floor":25,"turns":4},{"damage":33,"enemies":"Book of Stabbing","floor":29,"turns":5},{"damage":16,"enemies":"Shelled Parasite and Fungi","floor":30,"turns":4},{"damage":14,"enemies":"Slavers","floor":31,"turns":1}],"seed_played":"-4266609362846817964","potions_obtained":[{"floor":1.0,"key":"AttackPotion"},{"floor":3.0,"key":"Fire Potion"},{"floor":7.0,"key":"Poison Potion"},{"floor":8.0,"key":"Ancient Potion"},{"floor":14.0,"key":"EssenceOfSteel"},{"floor":18.0,"key":"EssenceOfSteel"},{"floor":24,"key":"Regen Potion"},{"floor":25,"key":"Regen Potion"}],"is_trial":false,"path_per_floor":["M","?","M","M","M","R","?","E","T","R","M","R","$","E","R","B",null,"M","M","?","M","?","R","E","M","T","R","?","E","M","E"],"character_chosen":"THE_SILENT","items_purchased":["Apotheosis"],"campfire_rested":3,"item_purchase_floors":[13],"current_hp_per_floor":[69,69,69,67,48,48,27,6,6,27,20,41,41,34,34,45,70,58,58,58,58,58,58,23,5,5,41,25,26,10,0],"gold":518,"neow_bonus":"TRANSFORM_CARD","is_prod":false,"is_daily":false,"chose_seed":false,"campfire_upgraded":3,"win_rate":0,"timestamp":1550017455,"path_taken":["M","?","?","M","M","R","?","E","T","R","M","R","$","E","R","BOSS","M","M","?","M","?","R","E","?","T","R","?","E","M","E"],"build_version":"2019-01-23","purchased_purges":0,"victory":false,"max_hp_per_floor":[70,70,70,70,70,70,70,70,70,70,70,70,70,70,70,70,70,70,70,70,70,70,70,70,70,70,70,70,70,70,70],"card_choices":[{"not_picked":["Terror","Backstab"],"picked":"Blur","floor":1.0},{"not_picked":["Heel Hook","Quick Slash"],"picked":"PiercingWail","floor":3.0},{"not_picked":["Flying Knee","Sucker Punch"],"picked":"Cloak And Dagger","floor":4.0},{"not_picked":["Prepared","Deflect"],"picked":"Infinite Blades","floor":5.0},{"not_picked":["Setup","Dagger Spray"],"picked":"Accuracy","floor":7.0},{"not_picked":["Dagger Spray","Riddle With Holes"],"picked":"Storm of Steel","floor":8.0},{"not_picked":["Slice","Bane","Deadly Poison"],"picked":"SKIP","floor":11.0},{"not_picked":["Deflect","Deadly Poison","Bane"],"picked":"SKIP","floor":14.0},{"not_picked":["Adrenaline","Venomology"],"picked":"Tools of the Trade","floor":16.0},{"not_picked":["Bane","Poisoned Stab","Dash"],"picked":"SKIP","floor":18.0},{"not_picked":["Deflect","Quick Slash+1"],"picked":"Choke+1","floor":19.0},{"not_picked":["Prepared+1","Dagger Spray"],"picked":"Well Laid Plans","floor":21},{"not_picked":["Outmaneuver+1","Quick Slash","Bane"],"picked":"SKIP","floor":24},{"not_picked":["Dagger Spray","Dagger Throw","Acrobatics"],"picked":"SKIP","floor":25},{"not_picked":["Backflip","Sucker Punch"],"picked":"Blade Dance","floor":29},{"not_picked":["Quick Slash","Grand Finale","Concentrate"],"picked":"SKIP","floor":30}],"player_experience":451286,"relics_obtained":[{"floor":7.0,"key":"Odd Mushroom"},{"floor":8.0,"key":"Centennial Puzzle"},{"floor":9.0,"key":"Art of War"},{"floor":14.0,"key":"Pantograph"},{"floor":24,"key":"Mummified Hand"},{"floor":26,"key":"Regal Pillow"},{"floor":28,"key":"Necronomicon"},{"floor":29,"key":"Shovel"}],"event_choices":[{"damage_healed":0.0,"max_hp_gain":0.0,"max_hp_loss":0.0,"gold_gain":0.0,"cards_transformed":["Defend_G"],"event_name":"Transmorgrifier","player_choice":"Transformed","floor":2.0,"gold_loss":0.0,"damage_taken":0.0,"cards_obtained":["Glass Knife"]},{"damage_healed":0.0,"max_hp_gain":0.0,"max_hp_loss":0.0,"gold_gain":0.0,"event_name":"Mushrooms","player_choice":"Fought Mushrooms","floor":7.0,"gold_loss":0.0,"damage_taken":0.0},{"damage_healed":0.0,"max_hp_gain":0.0,"max_hp_loss":0.0,"gold_gain":0.0,"event_name":"Drug Dealer","player_choice":"Inject Mutagens","floor":20.0,"gold_loss":0.0,"damage_taken":0.0,"relics_obtained":["MutagenicStrength"]},{"damage_healed":0,"gold_gain":200,"player_choice":"Gold","damage_taken":0,"max_hp_gain":0,"max_hp_loss":0,"event_name":"Wheel of Change","floor":22,"gold_loss":0},{"damage_healed":0,"gold_gain":0,"player_choice":"Obtained Book","damage_taken":16,"max_hp_gain":0,"max_hp_loss":0,"event_name":"Cursed Tome","floor":28,"gold_loss":0}],"is_beta":false,"boss_relics":[{"not_picked":["Busted Crown","Empty Cage"],"picked":"Philosopher\u0027s Stone"}],"items_purged_floors":[],"is_endless":false,"potions_floor_spawned":[1,3,7,8,14,18,24,25],"killed_by":"Slavers","ascension_level":4}