{"gold_per_floor":[119,119,22,35,46,46,73,25,25,57,74,74,85,50,50,155,155,165,8,27,27,41,41,68,68,68,81,108,119,146,163,163,265,265,285,285,364,381,40,40,67,67,67,95,145,18,31,31,31,31],"floor_reached":51,"playtime":4127,"items_purged":["Strike_B","Writhe"],"score":1165,"play_id":"5ad902be-eb07-4f18-87c0-2bfcc7809f5c","local_time":"20190425190726","is_ascension_mode":true,"campfire_choices":[{"data":"Zap","floor":6,"key":"SMITH"},{"floor":12,"key":"REST"},{"data":"Go for the Eyes","floor":15,"key":"SMITH"},{"data":"Electrodynamics","floor":23,"key":"SMITH"},{"floor":32,"key":"REST"},{"data":"Consume","floor":40,"key":"SMITH"},{"data":"Loop","floor":42,"key":"SMITH"},{"floor":49,"key":"REST"}],"neow_cost":"NONE","seed_source_timestamp":38960803490484,"circlet_count":0,"master_deck":["AscendersBane","Strike_B","Strike_B","Defend_B","Defend_B","Defend_B","Defend_B","Zap+1","Dualcast","Static Discharge","Compile Driver+1","Gash","Go for the Eyes+1","Cold Snap","Darkness","Gash+1","Cold Snap","Electrodynamics+1","Hologram","Chill","Consume+1","Gash","Conserve Battery","Hologram","Reinforced Body","Echo Form","Loop+1","Coolheaded","Seek","BootSequence"],"relics":["Cracked Core","DataDisk","Singing Bowl","Sundial","Meat on the Bone","Inserter","Pen Nib","Dodecahedron","Letter Opener","Strawberry","Nuclear Battery","Symbiotic Virus","Bottled Lightning","Whetstone","Gambling Chip","Incense Burner","Boot","Bag of Marbles"],"potions_floor_usage":[10,10,16,24,29,33,35],"damage_taken":[{"damage":7,"enemies":"Jaw Worm","floor":1,"turns":3},{"damage":1,"enemies":"Cultist","floor":4,"turns":3},{"damage":16,"enemies":"Small Slimes","floor":5,"turns":4},{"damage":25,"enemies":"3 Sentries","floor":7,"turns":6},{"damage":6,"enemies":"Gremlin Nob","floor":10,"turns":3},{"damage":5,"enemies":"Blue Slaver","floor":11,"turns":4},{"damage":34,"enemies":"Exordium Thugs","floor":13,"turns":3},{"damage":12,"enemies":"Hexaghost","floor":16,"turns":7},{"damage":26,"enemies":"2 Thieves","floor":18,"turns":3},{"damage":15,"enemies":"3 Byrds","floor":20,"turns":3},{"damage":1,"enemies":"Sentry and Sphere","floor":22,"turns":7},{"damage":27,"enemies":"Book of Stabbing","floor":24,"turns":5},{"damage":19,"enemies":"Cultist and Chosen","floor":27,"turns":5},{"damage":34,"enemies":"Slavers","floor":28,"turns":3},{"damage":11,"enemies":"Shelled Parasite and Fungi","floor":29,"turns":4},{"damage":5,"enemies":"Sentry and Sphere","floor":31,"turns":6},{"damage":55,"enemies":"Automaton","floor":33,"turns":10},{"damage":4,"enemies":"3 Shapes","floor":35,"turns":3},{"damage":0,"enemies":"Orb Walker","floor":38,"turns":3},{"damage":2,"enemies":"Reptomancer","floor":41,"turns":10},{"damage":20,"enemies":"Nemesis","floor":44,"turns":7},{"damage":22,"enemies":"4 Shapes","floor":47,"turns":3},{"damage":12,"enemies":"Time Eater","floor":50,"turns":15}],"seed_played":"-7570740813685248843","potions_obtained":[{"floor":10,"key":"SkillPotion"},{"floor":16,"key":"SkillPotion"},{"floor":24,"key":"Weak Potion"},{"floor":28,"key":"Explosive Potion"},{"floor":31,"key":"Fire Potion"},{"floor":33,"key":"Fire Potion"},{"floor":44,"key":"Poison Potion"}],"is_trial":false,"path_per_floor":["?","$","M","?","?","M","?","T","?","T","T","?","M","$"],"character_chosen":"DEFECT","items_purchased":["Block Potion","PowerPotion","Cold Snap","Chill","Bottled Lightning"],"campfire_rested":3,"item_purchase_floors":[3,3,8,19,39],"current_hp_per_floor":[61,61,61,60,44,44,19,19,19,13,20,42,20,38,38,38,66,40,40,37,75,74,74,47,47,47,42,20,21,28,37,62,19,69,65,86,86,88,88,88,86,86,86,66,66,66,56,56,82,70],"gold":31,"neow_bonus":"RANDOM_COMMON_RELIC","is_prod":false,"is_daily":false,"chose_seed":false,"campfire_upgraded":5,"win_rate":0,"timestamp":1556215646,"path_taken":["M","?","?","M","M","R","E","$","T","E","M","R","?","?","R","BOSS","M","$","M","?","?","R","E","?","T","M","E","M","?","M","R","BOSS","M","?","?","M","$","R","E","R","T","E","?","?","?","?","R","BOSS"],"build_version":"2019-01-23","purchased_purges":2,"victory":true,"max_hp_per_floor":[75,75,75,75,75,75,75,75,75,75,75,75,75,75,75,75,75,75,75,75,75,75,75,75,75,75,77,77,77,84,86,86,86,86,86,86,86,88,88,88,88,88,88,88,88,88,88,88,88,88],"card_choices":[{"not_picked":["Beam Cell","Skim"],"picked":"Static Discharge","floor":1},{"not_picked":["Aggregate","Rip and Tear"],"picked":"Compile Driver","floor":4},{"not_picked":["Stack","Reinforced Body"],"picked":"Gash","floor":5},{"not_picked":["Rebound","Amplify"],"picked":"Go for the Eyes","floor":7},{"not_picked":["Streamline","Turbo"],"picked":"Darkness","floor":10},{"not_picked":["Steam","Redo"],"picked":"Gash","floor":11},{"not_picked":["Rebound","Barrage"],"picked":"Cold Snap","floor":13},{"not_picked":["Amplify","Creative AI"],"picked":"Electrodynamics","floor":16},{"not_picked":["Go for the Eyes","Reprogram"],"picked":"Hologram","floor":18},{"not_picked":["Beam Cell","Streamline"],"picked":"Consume","floor":20},{"not_picked":["Heatsinks","Steam"],"picked":"Gash","floor":22},{"not_picked":["Multi-Cast","Sweeping Beam"],"picked":"Conserve Battery","floor":24},{"not_picked":["Streamline","Blizzard","Go for the Eyes"],"picked":"Singing Bowl","floor":27},{"not_picked":["Sweeping Beam","Ball Lightning"],"picked":"Hologram","floor":28},{"not_picked":["Steam","Buffer"],"picked":"Reinforced Body","floor":29},{"not_picked":["Recycle","Steam Power","Sweeping Beam"],"picked":"Singing Bowl","floor":31},{"not_picked":["Reboot","Buffer"],"picked":"Echo Form","floor":33},{"not_picked":["Redo","Hologram"],"picked":"Loop","floor":35},{"not_picked":["Sweeping Beam","Rebound","Rip and Tear"],"picked":"Singing Bowl","floor":38},{"not_picked":["Stack","Hologram"],"picked":"Coolheaded","floor":41},{"not_picked":["Sweeping Beam+1","Beam Cell"],"picked":"Seek","floor":44},{"not_picked":["Barrage","Steam Power"],"picked":"BootSequence","floor":47}],"player_experience":706627,"relics_obtained":[{"floor":7,"key":"Singing Bowl"},{"floor":9,"key":"Sundial"},{"floor":10,"key":"Meat on the Bone"},{"floor":24,"key":"Pen Nib"},{"floor":26,"key":"Dodecahedron"},{"floor":28,"key":"Letter Opener"},{"floor":30,"key":"Strawberry"},{"floor":37,"key":"Symbiotic Virus"},{"floor":41,"key":"Whetstone"},{"floor":43,"key":"Gambling Chip"},{"floor":44,"key":"Incense Burner"},{"floor":45,"key":"Boot"}],"event_choices":[{"damage_healed":0,"gold_gain":0,"cards_transformed":["Strike_B"],"player_choice":"Transformed","damage_taken":0,"max_hp_gain":0,"max_hp_loss":0,"event_name":"Transmorgrifier","floor":2,"gold_loss":0,"cards_obtained":["Hello World"]},{"damage_healed":18,"gold_gain":0,"player_choice":"Healed","damage_taken":0,"max_hp_gain":0,"max_hp_loss":0,"event_name":"The Cleric","floor":14,"gold_loss":35},{"cards_removed":["Hello World"],"damage_healed":38,"gold_gain":0,"player_choice":"Offered Uncommon","damage_taken":0,"max_hp_gain":0,"max_hp_loss":0,"event_name":"Bonfire Elementals","floor":21,"gold_loss":0},{"damage_healed":22,"gold_gain":0,"player_choice":"Writhe","damage_taken":0,"max_hp_gain":0,"max_hp_loss":0,"event_name":"Winding Halls","floor":36,"gold_loss":0,"cards_obtained":["Writhe"]},{"damage_healed":0,"gold_gain":0,"player_choice":"Paid Gold","damage_taken":0,"relics_obtained":["Bag of Marbles"],"max_hp_gain":0,"max_hp_loss":0,"event_name":"WeMeetAgain","floor":46,"gold_loss":127}],"is_beta":false,"boss_relics":[{"not_picked":["Busted Crown","Eternal Feather"],"picked":"Inserter"},{"not_picked":["Black Star","Coffee Dripper"],"picked":"Nuclear Battery"}],"items_purged_floors":[19,39],"is_endless":false,"potions_floor_spawned":[5,10,16,24,28,31,33,44],"ascension_level":12}