{"gold_per_floor":[219,219,273,289,80,111,111,111,111,123,123,152,152,170,170,170],"floor_reached":16,"playtime":806,"items_purged":[],"score":184,"play_id":"83d21707-1cf8-4a0f-b281-0bcb279777be","local_time":"20190422234411","is_ascension_mode":true,"campfire_choices":[{"floor":7,"key":"REST"},{"data":"Defragment","floor":8,"key":"SMITH"},{"data":"Defragment","floor":11,"key":"SMITH"},{"floor":13,"key":"REST"},{"data":"Defragment","floor":15,"key":"SMITH"}],"neow_cost":"NONE","seed_source_timestamp":19623171259200,"circlet_count":0,"master_deck":["AscendersBane","Strike_B","Strike_B","Strike_B","Strike_B","Defend_B","Defend_B+1","Defend_B","Defend_B","Zap+1","Dualcast","Defragment+1","Defragment+1","Defragment+1","Electrodynamics","Conserve Battery"],"relics":["Cracked Core","War Paint","DollysMirror","WingedGreaves","Letter Opener","Pen Nib"],"potions_floor_usage":[16],"damage_taken":[{"damage":4,"enemies":"Small Slimes","floor":1,"turns":4},{"damage":0,"enemies":"Jaw Worm","floor":4,"turns":3},{"damage":49,"enemies":"Gremlin Nob","floor":6,"turns":5},{"damage":0,"enemies":"Cultist","floor":10,"turns":3},{"damage":19,"enemies":"3 Sentries","floor":12,"turns":5},{"damage":0,"enemies":"3 Louse","floor":14,"turns":1},{"damage":42,"enemies":"Hexaghost","floor":16,"turns":9}],"seed_played":"8817584721983075687","potions_obtained":[{"floor":1,"key":"Energy Potion"},{"floor":6,"key":"Dexterity Potion"}],"is_trial":false,"path_per_floor":["M","?","T","M","$","E","R","R","T","M","R","E","R","M","R","B"],"character_chosen":"DEFECT","items_purchased":["DollysMirror"],"campfire_rested":2,"item_purchase_floors":[5],"current_hp_per_floor":[60,65,65,65,65,16,38,38,38,38,38,19,41,41,41,0],"gold":170,"neow_bonus":"HUNDRED_GOLD","is_prod":false,"is_daily":false,"chose_seed":false,"campfire_upgraded":3,"win_rate":0,"timestamp":1555991051,"path_taken":["M","?","?","M","$","E","R","R","T","M","R","E","R","?","R","BOSS"],"build_version":"2019-01-23","purchased_purges":0,"victory":false,"max_hp_per_floor":[71,76,76,76,76,76,76,76,76,76,76,76,76,76,76,76],"card_choices":[{"not_picked":["BootSequence","Aggregate","Compile Driver"],"picked":"SKIP","floor":1},{"not_picked":["Ball Lightning","Force Field"],"picked":"Defragment","floor":4},{"not_picked":["Lockon","Redo"],"picked":"Defragment","floor":6},{"not_picked":["Auto Shields","Leap","Double Energy"],"picked":"SKIP","floor":10},{"not_picked":["Hyperbeam","Conserve Battery"],"picked":"Electrodynamics","floor":12},{"not_picked":["Compile Driver","Rebound"],"picked":"Conserve Battery","floor":14}],"player_experience":616448,"relics_obtained":[{"floor":3,"key":"War Paint"},{"floor":6,"key":"WingedGreaves"},{"floor":9,"key":"Letter Opener"},{"floor":12,"key":"Pen Nib"}],"event_choices":[{"damage_healed":0,"gold_gain":0,"player_choice":"Donut","damage_taken":0,"max_hp_gain":5,"max_hp_loss":0,"event_name":"Big Fish","floor":2,"gold_loss":0}],"is_beta":false,"boss_relics":[],"items_purged_floors":[],"is_endless":false,"potions_floor_spawned":[1,6],"killed_by":"Hexaghost","ascension_level":14}