{"path_per_floor":["M","?","M","M","?","E","R","$","T","M","R","$","?","?","R","B",null,"M","M","?","$","M","M","E","M","T"],"character_chosen":"THE_SILENT","items_purchased":["Apotheosis","Noxious Fumes"],"gold_per_floor":[119,194,213,227,227,254,254,64,64,76,76,36,36,1,1,129,129,145,161,161,86,99,120,154,178,178],"floor_reached":27,"campfire_rested":2,"playtime":1785,"current_hp_per_floor":[66,55,46,46,34,14,35,35,35,28,49,49,49,66,66,40,70,56,41,41,41,26,35,14,5,5],"items_purged":["Writhe"],"gold":178,"play_id":"8fc0aa8e-61db-4a51-838b-9c79038c9a2b","is_prod":false,"is_daily":false,"is_ascension_mode":false,"campfire_upgraded":1,"path_taken":["M","?","M","M","?","E","R","$","T","M","R","?","?","?","R","BOSS","M","M","?","$","M","M","E","M","T","M"],"build_version":"2018-01-25-PROD3","purchased_purges":1,"victory":false,"master_deck":["Defend_G","Defend_G","Defend_G","Defend_G","Defend_G","Strike_G","Strike_G","Strike_G","Strike_G","Strike_G","Survivor","Neutralize","Bane","Noxious Fumes+1","Envenom","Apotheosis+1","Bouncing Flask","Noxious Fumes","Injury","Adrenaline","Blur","Dagger Spray","Dodge and Roll","Crippling Poison+1","Deadly Poison+1"],"max_hp_per_floor":[70,70,70,70,70,70,70,70,70,70,70,70,70,70,70,70,70,70,70,70,70,70,70,70,70,70],"relics":["The Specimen","Juzu Bracelet","Bag of Marbles","Frozen Egg","Golden Idol","Lizard Tail","Vajra","Sundial","Matryoshka"],"card_choices":[{"not_picked":["Dodge and Roll","PiercingWail"],"picked":"Bane"},{"not_picked":["Quick Slash","Backflip"],"picked":"Noxious Fumes"},{"not_picked":["Masterful Stab","Malaise"],"picked":"Envenom"},{"not_picked":["PiercingWail","Prepared"],"picked":"Bouncing Flask"},{"not_picked":["Bullet Time","Tactician"],"picked":"Adrenaline"},{"not_picked":["Slice","Underhanded Strike"],"picked":"Blur"},{"not_picked":["Blade Dance","Well Laid Plans"],"picked":"Dagger Spray"},{"not_picked":["Underhanded Strike","Backstab"],"picked":"Dodge and Roll"},{"not_picked":["All Out Attack","Deflect"],"picked":"Crippling Poison"},{"not_picked":["Outmaneuver","Dagger Throw"],"picked":"Deadly Poison"}],"player_experience":54976,"potions_floor_usage":[6,19,19,23],"damage_taken":[{"damage":4,"enemies":"Cultist","floor":1,"turns":5},{"damage":9,"enemies":"Jaw Worm","floor":3,"turns":5},{"damage":0,"enemies":"2 Louse","floor":4,"turns":4},{"damage":35,"enemies":"3 Sentries","floor":6,"turns":8},{"damage":7,"enemies":"2 Fungi Beasts","floor":10,"turns":6},{"damage":26,"enemies":"Hexaghost","floor":16,"turns":9},{"damage":14,"enemies":"Spheric Guardian","floor":18,"turns":4},{"damage":21,"enemies":"Chosen","floor":19,"turns":4},{"damage":15,"enemies":"Centurion and Healer","floor":22,"turns":6},{"damage":42,"enemies":"Slaver and Parasite","floor":23,"turns":6},{"damage":21,"enemies":"Book of Stabbing","floor":24,"turns":6},{"damage":9,"enemies":"Snecko","floor":25,"turns":5},{"damage":13,"enemies":"Sentry and Sphere","floor":27,"turns":3}],"event_choices":[{"event_name":"World of Goop","player_choice":"Gather Gold","floor":2,"damage_taken":0},{"event_name":"Scrap Ooze","player_choice":"success","floor":5,"damage_taken":12},{"event_name":"Golden Idol","player_choice":"Take Wound","floor":13,"damage_taken":0},{"event_name":"The Cleric","player_choice":"Healed","floor":14,"damage_taken":0},{"event_name":"The Mausoleum","player_choice":"Yes","floor":20,"damage_taken":0}],"boss_relics":[{"not_picked":["Runic Pyramid","Sozu"],"picked":"Lizard Tail"}],"potions_floor_spawned":[4,16,18,22,24],"seed_played":"-2636726057196899290","killed_by":"Sentry and Sphere","ascension_level":0,"is_trial":false}