{"gold_per_floor":[114,114,125,125,125,155,155,188,214,232,232,244,244,261,261,363,363,348,348,368,241,251,284,284,284,338,338,438,452,452,483,495,603,615,647,679,406,406,8,8,33,33,88,188,188,213,213,239,239,239],"floor_reached":51,"playtime":1712,"items_purged":["Strike_B","Strike_B+1","Beam Cell"],"score":1090,"play_id":"28b31d8f-9eac-40df-9565-443f8d79eb6e","local_time":"20190212020207","is_ascension_mode":true,"campfire_choices":[{"floor":7.0,"key":"REST"},{"data":"Zap","floor":11.0,"key":"SMITH"},{"data":"Defragment","floor":13.0,"key":"SMITH"},{"data":"Conserve Battery","floor":15.0,"key":"SMITH"},{"floor":24.0,"key":"REST"},{"data":"Echo Form","floor":27.0,"key":"SMITH"},{"data":"Chill","floor":30.0,"key":"SMITH"},{"floor":32.0,"key":"REST"},{"data":"Defragment","floor":40,"key":"SMITH"},{"floor":42,"key":"DIG"},{"floor":49,"key":"DIG"}],"neow_cost":"NONE","seed_source_timestamp":17963213274300,"circlet_count":0,"master_deck":["Defend_B+1","Defend_B","Defend_B+1","Defend_B","Zap+1","Dualcast+1","Cold Snap","Tempest","Conserve Battery+1","Gash","Defragment+1","Ball Lightning","Echo Form+1","Gash","Consume+1","Coolheaded","Chill+1","Conserve Battery","Thunder Strike","Consume+1","Capacitor","Defragment+1","Clumsy","Madness","Madness","Doubt","Biased Cognition"],"special_seed":0,"relics":["Cracked Core","NeowsBlessing","Orichalcum","Meat on the Bone","Bag of Preparation","Strawberry","Inserter","Bottled Lightning","PreservedInsect","MawBank","Cursed Key","War Paint","Sling","Shovel","Juzu Bracelet","Smiling Mask","Lantern","Dream Catcher","Blue Candle"],"potions_floor_usage":[46,46],"damage_taken":[{"damage":0.0,"enemies":"2 Louse","floor":1.0,"turns":1.0},{"damage":0.0,"enemies":"Small Slimes","floor":3.0,"turns":1.0},{"damage":0.0,"enemies":"Lagavulin","floor":6.0,"turns":1.0},{"damage":23.0,"enemies":"3 Sentries","floor":8.0,"turns":8.0},{"damage":2.0,"enemies":"Jaw Worm","floor":10.0,"turns":4.0},{"damage":6.0,"enemies":"Lots of Slimes","floor":12.0,"turns":4.0},{"damage":2.0,"enemies":"Blue Slaver","floor":14.0,"turns":2.0},{"damage":17.0,"enemies":"Hexaghost","floor":16.0,"turns":8.0},{"damage":23.0,"enemies":"2 Thieves","floor":18.0,"turns":5.0},{"damage":0.0,"enemies":"Chosen","floor":20.0,"turns":4.0},{"damage":23.0,"enemies":"Snake Plant","floor":22.0,"turns":4.0},{"damage":28.0,"enemies":"Book of Stabbing","floor":23.0,"turns":7.0},{"damage":10.0,"enemies":"Snecko","floor":29.0,"turns":6.0},{"damage":25.0,"enemies":"Gremlin Leader","floor":31.0,"turns":8.0},{"damage":51.0,"enemies":"Collector","floor":33.0,"turns":9.0},{"damage":0,"enemies":"Orb Walker","floor":35,"turns":4},{"damage":0,"enemies":"3 Darklings","floor":36,"turns":4},{"damage":30,"enemies":"Giant Head","floor":41,"turns":6},{"damage":31,"enemies":"Reptomancer","floor":46,"turns":6},{"damage":20,"enemies":"Nemesis","floor":48,"turns":7},{"damage":43,"enemies":"Donu and Deca","floor":50,"turns":12}],"seed_played":"-20315578658310041","potions_obtained":[{"floor":1.0,"key":"Ancient Potion"},{"floor":3.0,"key":"SpeedPotion"},{"floor":10.0,"key":"Fire Potion"},{"floor":16.0,"key":"Regen Potion"},{"floor":18.0,"key":"FairyPotion"},{"floor":29.0,"key":"FearPotion"},{"floor":35,"key":"Strength Potion"},{"floor":41,"key":"EssenceOfSteel"}],"is_trial":false,"path_per_floor":["M","?","M","?","?","E","R","E","T","M","R","M","R","M","R","B",null,"M","?","M","$","M","E","R","?","T","R","?","M","R","E","R","B",null,"M","M","$","?","$","R","E","R","T","?","?","E","?","E","R","B",null],"character_chosen":"DEFECT","items_purchased":["Coolheaded","War Paint","Capacitor","Defragment","Sling"],"campfire_rested":3,"item_purchase_floors":[21,37,37,39,39],"current_hp_per_floor":[68,53,53,53,46,46,68,45,52,50,50,44,44,42,42,37,71,48,48,48,48,37,21,45,45,45,45,45,47,47,34,58,19,66,66,66,66,66,66,66,48,48,48,48,38,19,82,62,62,31],"gold":239,"neow_bonus":"THREE_ENEMY_KILL","is_prod":false,"is_daily":false,"chose_seed":false,"campfire_upgraded":6,"win_rate":0,"timestamp":1549954927,"path_taken":["M","?","M","?","?","E","R","E","T","M","R","M","R","M","R","BOSS","M","?","M","$","?","E","R","?","T","R","?","?","R","E","R","BOSS","M","M","$","?","$","R","E","R","T","?","?","E","?","E","R","BOSS"],"build_version":"2019-01-23","purchased_purges":3,"victory":true,"max_hp_per_floor":[75,75,75,75,75,75,75,75,82,82,82,82,82,82,82,82,82,82,82,82,82,82,82,82,82,82,82,82,82,82,82,82,82,82,82,82,82,82,82,82,82,82,82,82,82,82,82,82,82,82],"card_choices":[{"not_picked":["Chaos","Consume"],"picked":"Cold Snap","floor":1.0},{"not_picked":["Consume","Genetic Algorithm"],"picked":"Go for the Eyes","floor":3.0},{"not_picked":["Barrage","Compile Driver"],"picked":"Tempest","floor":6.0},{"not_picked":["Darkness","Melter"],"picked":"Conserve Battery","floor":8.0},{"not_picked":["Heatsinks","Steam Power"],"picked":"Gash","floor":10.0},{"not_picked":["Compile Driver","Auto Shields"],"picked":"Defragment","floor":12.0},{"not_picked":["Compile Driver","Meteor Strike"],"picked":"Ball Lightning","floor":14.0},{"not_picked":["Buffer","Meteor Strike"],"picked":"Echo Form","floor":16.0},{"not_picked":["Steam","Coolheaded+1"],"picked":"Beam Cell","floor":18.0},{"not_picked":["Coolheaded","Static Discharge"],"picked":"Consume+1","floor":20.0},{"not_picked":["Auto Shields","Coolheaded","Storm+1"],"picked":"SKIP","floor":22.0},{"not_picked":["Genetic Algorithm+1","Compile Driver"],"picked":"Chill","floor":23.0},{"not_picked":["Hello World","Ball Lightning","Rebound"],"picked":"SKIP","floor":29.0},{"not_picked":["Streamline","Steam","Barrage"],"picked":"SKIP","floor":31.0},{"not_picked":["Machine Learning","Core Surge"],"picked":"Thunder Strike","floor":33.0},{"not_picked":["Sunder","Hello World","Beam Cell"],"picked":"SKIP","floor":35},{"not_picked":["Storm","Redo+1"],"picked":"Consume+1","floor":36},{"not_picked":["Go for the Eyes","Compile Driver+1","Sweeping Beam+1"],"picked":"SKIP","floor":41},{"not_picked":["Chaos+1","Leap+1","Ball Lightning+1"],"picked":"SKIP","floor":46},{"not_picked":["Storm+1","Tempest"],"picked":"Biased Cognition","floor":48}],"player_experience":443713,"relics_obtained":[{"floor":6.0,"key":"Meat on the Bone"},{"floor":8.0,"key":"Bag of Preparation"},{"floor":9.0,"key":"Strawberry"},{"floor":23.0,"key":"Bottled Lightning"},{"floor":26.0,"key":"PreservedInsect"},{"floor":31.0,"key":"MawBank"},{"floor":41,"key":"Shovel"},{"floor":42,"key":"Juzu Bracelet"},{"floor":43,"key":"Smiling Mask"},{"floor":46,"key":"Lantern"},{"floor":48,"key":"Dream Catcher"},{"floor":49,"key":"Blue Candle"}],"event_choices":[{"damage_healed":0.0,"max_hp_gain":0.0,"max_hp_loss":0.0,"gold_gain":0.0,"event_name":"Shining Light","player_choice":"Entered Light","floor":2.0,"gold_loss":0.0,"damage_taken":15.0,"cards_upgraded":["Strike_B","Defend_B"]},{"damage_healed":0.0,"max_hp_gain":0.0,"max_hp_loss":0.0,"gold_gain":0.0,"event_name":"Big Fish","player_choice":"Box","floor":4.0,"gold_loss":0.0,"damage_taken":0.0,"relics_obtained":["Orichalcum"],"cards_obtained":["Regret"]},{"cards_removed":["Regret"],"damage_healed":0.0,"max_hp_gain":0.0,"max_hp_loss":0.0,"gold_gain":0.0,"event_name":"Golden Wing","player_choice":"Card Removal","floor":5.0,"gold_loss":0.0,"damage_taken":7.0},{"damage_healed":0.0,"max_hp_gain":0.0,"max_hp_loss":0.0,"gold_gain":0.0,"cards_transformed":["Strike_B"],"event_name":"Transmorgrifier","player_choice":"Transformed","floor":19.0,"gold_loss":0.0,"damage_taken":0.0,"cards_obtained":["Gash"]},{"damage_healed":0.0,"max_hp_gain":0.0,"max_hp_loss":0.0,"gold_gain":0.0,"cards_transformed":["Strike_B","Go for the Eyes"],"event_name":"Drug Dealer","player_choice":"Became Test Subject","floor":25.0,"gold_loss":0.0,"damage_taken":0.0,"cards_obtained":["Meteor Strike","Conserve Battery"]},{"damage_healed":0.0,"max_hp_gain":0.0,"max_hp_loss":0.0,"gold_gain":100.0,"event_name":"Golden Shrine","player_choice":"Pray","floor":28.0,"gold_loss":0.0,"damage_taken":0.0},{"cards_removed":["Meteor Strike"],"damage_healed":0,"gold_gain":0,"player_choice":"Removed Attack","damage_taken":0,"max_hp_gain":0,"max_hp_loss":0,"event_name":"Falling","floor":38,"gold_loss":0},{"damage_healed":0,"gold_gain":100,"player_choice":"Pray","damage_taken":0,"max_hp_gain":0,"max_hp_loss":0,"event_name":"Golden Shrine","floor":44,"gold_loss":0},{"damage_healed":0,"gold_gain":0,"player_choice":"Embrace Madness","damage_taken":10,"max_hp_gain":0,"max_hp_loss":0,"event_name":"Winding Halls","floor":45,"gold_loss":0,"cards_obtained":["Madness","Madness"]},{"damage_healed":63,"gold_gain":0,"player_choice":"Heal","damage_taken":0,"max_hp_gain":0,"max_hp_loss":0,"event_name":"MindBloom","floor":47,"gold_loss":0,"cards_obtained":["Doubt"]}],"is_beta":false,"boss_relics":[{"not_picked":["Velvet Choker","Busted Crown"],"picked":"Inserter"},{"not_picked":["Lizard Tail","Eternal Feather"],"picked":"Cursed Key"}],"items_purged_floors":[21,37,39],"is_endless":false,"potions_floor_spawned":[1,3,10,16,18,29,31,35,41],"ascension_level":7}