{"path_per_floor":["M","M","M","M","M","E","M","R","T","?","M","?","?","E","R","B",null,"M","?","M","$","M","$","M"],"character_chosen":"IRONCLAD","items_purchased":["Apotheosis","Heavy Blade","Oddly Smooth Stone"],"gold_per_floor":[116,133,144,161,175,202,212,212,263,263,277,277,242,276,276,405,405,426,426,449,77,100,25,46],"floor_reached":25,"campfire_rested":2,"playtime":796,"current_hp_per_floor":[73,74,74,61,52,31,30,54,54,80,60,60,80,78,80,21,80,68,68,64,64,58,58,39],"items_purged":["Injury"],"gold":46,"score":217,"play_id":"d4c49964-117b-4be4-9e96-a4c2f072ebe9","is_prod":false,"is_daily":false,"is_ascension_mode":false,"campfire_upgraded":0,"path_taken":["M","M","M","M","M","E","M","R","T","?","M","?","?","E","R","BOSS","M","?","M","$","M","$","M","E"],"build_version":"2018-02-15-PROD1","purchased_purges":1,"victory":false,"master_deck":["Strike_R+1","Strike_R+1","Strike_R+1","Strike_R+1","Strike_R+1","Defend_R+1","Defend_R+1","Defend_R+1","Defend_R+1","Bash","Whirlwind","Spot Weakness","Flex","Pummel","Twin Strike","Headbutt","Limit Break","Apotheosis","Heavy Blade","Headbutt"],"max_hp_per_floor":[80,80,80,80,80,80,80,80,80,80,80,80,80,80,80,80,80,80,80,80,80,80,80,80],"relics":["Burning Blood","Blue Candle","Lantern","Golden Idol","Bag of Preparation","Mark of Pain","Oddly Smooth Stone"],"card_choices":[{"not_picked":["Disarm","Infernal Blade"],"picked":"Whirlwind"},{"not_picked":["Flex","Flame Barrier"],"picked":"Spot Weakness"},{"not_picked":["Anger","Body Slam"],"picked":"Flex"},{"not_picked":["Perfected Strike","Blood for Blood"],"picked":"Pummel"},{"not_picked":["Impervious","Feel No Pain"],"picked":"Twin Strike"},{"not_picked":["Combust","Flex"],"picked":"Headbutt"},{"not_picked":["Bludgeon","Impervious"],"picked":"Limit Break"},{"not_picked":["Dual Wield","Disarm"],"picked":"Headbutt"}],"player_experience":114971,"potions_floor_usage":[5,14,16,16,20],"damage_taken":[{"damage":13,"enemies":"Jaw Worm","floor":1,"turns":3},{"damage":5,"enemies":"2 Louse","floor":2,"turns":3},{"damage":6,"enemies":"Cultist","floor":3,"turns":3},{"damage":19,"enemies":"Blue Slaver","floor":4,"turns":3},{"damage":15,"enemies":"Looter","floor":5,"turns":3},{"damage":27,"enemies":"Gremlin Nob","floor":6,"turns":4},{"damage":7,"enemies":"Gremlin Gang","floor":7,"turns":2},{"damage":26,"enemies":"Blue Slaver","floor":11,"turns":4},{"damage":8,"enemies":"3 Sentries","floor":14,"turns":3},{"damage":65,"enemies":"Slime Boss","floor":16,"turns":12},{"damage":18,"enemies":"Spheric Guardian","floor":18,"turns":4},{"damage":10,"enemies":"2 Thieves","floor":20,"turns":3},{"damage":12,"enemies":"Snake Plant","floor":22,"turns":3},{"damage":25,"enemies":"Sentry and Sphere","floor":24,"turns":5},{"damage":45,"enemies":"Book of Stabbing","floor":25,"turns":4}],"event_choices":[{"event_name":"Big Fish","player_choice":"Banana","floor":10,"damage_taken":0},{"event_name":"Golden Idol","player_choice":"Take Wound","floor":12,"damage_taken":0},{"event_name":"The Cleric","player_choice":"Healed","floor":13,"damage_taken":0},{"event_name":"Back to Basics","player_choice":"Simplicity","floor":19,"damage_taken":0}],"boss_relics":[{"not_picked":["Snecko Eye","Lizard Tail"],"picked":"Mark of Pain"}],"potions_floor_spawned":[2,4,6,7,16],"seed_played":"5644538644142916799","killed_by":"Book of Stabbing","ascension_level":0,"is_trial":false}