{"gold_per_floor":[117,134,58,58,58,58,58,58,58,93,48,48,87,33,33,156,156,177,201,7,7,7,48,48,79,79,92,112,112],"floor_reached":29,"playtime":1343,"items_purged":[],"score":350,"play_id":"7a9c0772-51ff-4c3a-bee2-a4f2c735567d","local_time":"20190129143348","is_ascension_mode":true,"campfire_choices":[{"data":"Zap","floor":6.0,"key":"SMITH"},{"floor":8.0,"key":"REST"},{"floor":15.0,"key":"REST"},{"floor":24,"key":"REST"}],"neow_cost":"NONE","seed_source_timestamp":415013462433456,"circlet_count":0,"master_deck":["Strike_B+1","Strike_B+1","Strike_B+1","Strike_B+1","Defend_B+1","Defend_B+1","Defend_B+1","Zap+1","Dualcast+1","Ball Lightning","Rebound","Genetic Algorithm+1","Hello World+1","Rebound","Conserve Battery","Lockon","Leap+1","Buffer","Leap+1","Gash+1","Rebound","Leap+1","Ball Lightning","Conserve Battery+1","Echo Form"],"special_seed":0,"relics":["Golden Idol","FossilizedHelix","Dodecahedron","Toxic Egg 2","Eternal Feather","Lee\u0027s Waffle","Nloth\u0027s Gift","Symbiotic Virus","Prayer Wheel","Dream Catcher"],"potions_floor_usage":[23,25],"damage_taken":[{"damage":7.0,"enemies":"Jaw Worm","floor":1.0,"turns":3.0},{"damage":12.0,"enemies":"Small Slimes","floor":2.0,"turns":2.0},{"damage":0.0,"enemies":"3 Sentries","floor":10.0,"turns":5.0},{"damage":26.0,"enemies":"Gremlin Nob","floor":13.0,"turns":4.0},{"damage":12.0,"enemies":"The Guardian","floor":16.0,"turns":11.0},{"damage":0.0,"enemies":"Chosen","floor":18.0,"turns":4.0},{"damage":11.0,"enemies":"2 Thieves","floor":19.0,"turns":3.0},{"damage":59,"enemies":"Slavers","floor":23,"turns":6},{"damage":6,"enemies":"Book of Stabbing","floor":25,"turns":6},{"damage":0,"enemies":"Chosen and Byrds","floor":27,"turns":6},{"damage":0,"enemies":"Snecko","floor":28,"turns":5},{"damage":55,"enemies":"Gremlin Leader","floor":29,"turns":4}],"seed_played":"8268489325821449762","potions_obtained":[{"floor":1.0,"key":"Block Potion"},{"floor":13.0,"key":"PowerPotion"},{"floor":19.0,"key":"Strength Potion"},{"floor":23,"key":"Explosive Potion"},{"floor":25,"key":"GamblersBrew"}],"is_trial":false,"path_per_floor":["M","M","$","?","?","R","?","R","T","E","$","?","E","$","R","B",null,"M","M","$","?","?","E","R","E","T","M","M","E"],"character_chosen":"DEFECT","items_purchased":["Hello World","Conserve Battery","Leap+1","Lee\u0027s Waffle"],"campfire_rested":3,"item_purchase_floors":[3,11,14,20],"current_hp_per_floor":[68,56,56,49,49,49,31,53,53,53,53,38,12,12,34,22,75,75,64,82,82,82,23,59,53,53,53,53,0],"gold":112,"neow_bonus":"THREE_CARDS","is_prod":false,"is_daily":false,"chose_seed":false,"campfire_upgraded":1,"win_rate":0,"timestamp":1548790428,"path_taken":["M","M","$","?","?","R","?","R","T","E","$","?","E","?","R","BOSS","M","M","$","?","?","E","R","E","T","M","M","E"],"build_version":"2019-01-23","purchased_purges":0,"victory":false,"max_hp_per_floor":[75,75,75,75,75,75,75,75,75,75,75,75,75,75,75,75,75,75,75,82,82,82,82,82,82,82,82,82,82],"card_choices":[{"not_picked":["Beam Cell","Lockon"],"picked":"Ball Lightning","floor":0.0},{"not_picked":["Reprogram","Doom and Gloom"],"picked":"Rebound","floor":1.0},{"not_picked":["Redo","Ball Lightning"],"picked":"Genetic Algorithm","floor":2.0},{"not_picked":["Compile Driver","Steam Power"],"picked":"Rebound","floor":10.0},{"not_picked":["White Noise","Reinforced Body"],"picked":"Lockon","floor":13.0},{"not_picked":["Thunder Strike","Meteor Strike"],"picked":"Buffer","floor":16.0},{"not_picked":["Steam+1","Capacitor"],"picked":"Leap+1","floor":18.0},{"not_picked":["Force Field+1","Auto Shields+1"],"picked":"Gash+1","floor":19.0},{"not_picked":["Rainbow+1","Barrage"],"picked":"Rebound","floor":23},{"not_picked":["Skim+1","All For One"],"picked":"Leap+1","floor":25},{"not_picked":["Coolheaded+1","Beam Cell"],"picked":"Ball Lightning","floor":27},{"not_picked":["Reprogram+1","Rip and Tear","Tempest+1"],"picked":"SKIP","floor":27},{"not_picked":["Compile Driver","Ball Lightning+1"],"picked":"Conserve Battery+1","floor":28},{"not_picked":["Turbo+1","Blizzard"],"picked":"Echo Form","floor":28}],"player_experience":164032,"relics_obtained":[{"floor":9.0,"key":"FossilizedHelix"},{"floor":10.0,"key":"Dodecahedron"},{"floor":13.0,"key":"Toxic Egg 2"},{"floor":23,"key":"Symbiotic Virus"},{"floor":25,"key":"Prayer Wheel"},{"floor":26,"key":"Dream Catcher"}],"event_choices":[{"cards_removed":["Defend_B"],"damage_healed":0.0,"max_hp_gain":0.0,"max_hp_loss":0.0,"gold_gain":0.0,"event_name":"Golden Wing","player_choice":"Card Removal","floor":4.0,"gold_loss":0.0,"damage_taken":7.0},{"damage_healed":0.0,"max_hp_gain":0.0,"max_hp_loss":0.0,"gold_gain":0.0,"event_name":"Living Wall","player_choice":"Grow","floor":5.0,"gold_loss":0.0,"damage_taken":0.0,"cards_upgraded":["Genetic Algorithm"]},{"damage_healed":0.0,"max_hp_gain":0.0,"max_hp_loss":0.0,"gold_gain":0.0,"event_name":"Golden Idol","player_choice":"Take Damage","floor":7.0,"gold_loss":0.0,"damage_taken":18.0,"relics_obtained":["Golden Idol"]},{"damage_healed":0.0,"max_hp_gain":0.0,"max_hp_loss":0.0,"gold_gain":0.0,"event_name":"Shining Light","player_choice":"Entered Light","floor":12.0,"gold_loss":0.0,"damage_taken":15.0,"cards_upgraded":["Hello World","Dualcast"]},{"damage_healed":0.0,"max_hp_gain":0.0,"max_hp_loss":0.0,"gold_gain":0.0,"event_name":"Back to Basics","player_choice":"Simplicity","floor":21.0,"gold_loss":0.0,"damage_taken":0.0,"cards_upgraded":["Strike_B","Strike_B","Strike_B","Strike_B","Defend_B","Defend_B","Defend_B"]},{"damage_healed":0.0,"max_hp_gain":0.0,"max_hp_loss":0.0,"gold_gain":0.0,"event_name":"N\u0027loth","player_choice":"Traded Relic","floor":22.0,"relics_lost":["Cracked Core"],"gold_loss":0.0,"damage_taken":0.0,"relics_obtained":["Nloth\u0027s Gift"]}],"is_beta":false,"boss_relics":[{"not_picked":["Empty Cage","Coffee Dripper"],"picked":"Eternal Feather"}],"items_purged_floors":[],"is_endless":false,"potions_floor_spawned":[1,13,19,23,25],"killed_by":"Gremlin Leader","ascension_level":4}