{"gold_per_floor":[110,35,35,48,48,48,62,62,62,62,62,12,41,54,54,159,159,173,73,88,3,20,20,20],"floor_reached":24,"playtime":702,"items_purged":["Strike_R","Strike_R"],"score":219,"play_id":"4ab1a219-3cf2-46c2-b1b4-cdf14faf5c17","local_time":"20190208011431","is_ascension_mode":false,"campfire_choices":[{"data":"Bash","floor":6,"key":"SMITH"},{"data":"Defend_R","floor":11,"key":"SMITH"},{"data":"Dropkick","floor":15,"key":"SMITH"},{"floor":23,"key":"REST"}],"neow_cost":"NONE","seed_source_timestamp":55265667392700,"circlet_count":0,"master_deck":["Strike_R","Defend_R+1","Defend_R","Defend_R","Defend_R","Bash+1","Dropkick+1"],"relics":["Burning Blood","Pantograph","Question Card","Pear","Runic Dome","Ancient Tea Set"],"potions_floor_usage":[4,13,20,20],"damage_taken":[{"damage":0,"enemies":"2 Louse","floor":1,"turns":2},{"damage":11,"enemies":"Jaw Worm","floor":4,"turns":2},{"damage":5,"enemies":"Small Slimes","floor":7,"turns":3},{"damage":34,"enemies":"Gremlin Nob","floor":13,"turns":5},{"damage":5,"enemies":"2 Fungi Beasts","floor":14,"turns":5},{"damage":36,"enemies":"The Guardian","floor":16,"turns":16},{"damage":22,"enemies":"2 Thieves","floor":18,"turns":4},{"damage":42,"enemies":"3 Byrds","floor":20,"turns":7},{"damage":28,"enemies":"3 Cultists","floor":22,"turns":7},{"damage":62,"enemies":"Slavers","floor":24,"turns":6}],"seed_played":"-1510228054043438738","potions_obtained":[{"floor":1,"key":"Fire Potion"},{"floor":7,"key":"SkillPotion"},{"floor":16,"key":"BloodPotion"},{"floor":18,"key":"Poison Potion"}],"is_trial":false,"path_per_floor":["M","$","?","M","?","R","M","T","T","?","R","?","E","M","R","B",null,"M","$","M","?","M","R","E"],"character_chosen":"IRONCLAD","items_purchased":[],"campfire_rested":1,"item_purchase_floors":[],"current_hp_per_floor":[88,88,88,83,83,83,84,84,84,77,77,77,59,60,60,55,98,82,82,55,55,33,62,0],"gold":20,"neow_bonus":"TEN_PERCENT_HP_BONUS","is_prod":false,"is_daily":false,"chose_seed":false,"campfire_upgraded":3,"win_rate":0,"timestamp":1549606471,"path_taken":["M","$","?","M","?","R","M","?","T","?","R","?","E","M","R","BOSS","M","$","M","?","M","R","E"],"build_version":"2019-01-23","purchased_purges":2,"victory":false,"max_hp_per_floor":[88,88,88,88,88,88,88,88,88,88,88,88,98,98,98,98,98,98,98,98,98,98,98,98],"card_choices":[{"not_picked":["Metallicize","Headbutt","Thunderclap"],"picked":"SKIP","floor":1},{"not_picked":["Cleave","Armaments","Shrug It Off"],"picked":"SKIP","floor":4},{"not_picked":["Clothesline","Havoc","Sword Boomerang"],"picked":"SKIP","floor":7},{"not_picked":["Bloodletting","Cleave","Impervious","Infernal Blade"],"picked":"SKIP","floor":13},{"not_picked":["Shrug It Off","Corruption","Rage"],"picked":"Dropkick","floor":14},{"not_picked":["Heavy Blade","Ghostly Armor","Twin Strike","Thunderclap"],"picked":"SKIP","floor":18},{"not_picked":["Headbutt","Clothesline+1","Rupture","Perfected Strike"],"picked":"SKIP","floor":20},{"not_picked":["Shockwave","Sword Boomerang","Anger","Wild Strike"],"picked":"SKIP","floor":22}],"player_experience":417889,"relics_obtained":[{"floor":8,"key":"Pantograph"},{"floor":9,"key":"Question Card"},{"floor":13,"key":"Pear"}],"event_choices":[{"damage_healed":0,"gold_gain":0,"player_choice":"Ignored","damage_taken":0,"max_hp_gain":0,"max_hp_loss":0,"event_name":"Liars Game","floor":3,"gold_loss":0},{"damage_healed":0,"gold_gain":0,"player_choice":"Ignored","damage_taken":0,"max_hp_gain":0,"max_hp_loss":0,"event_name":"Shining Light","floor":5,"gold_loss":0},{"cards_removed":["Strike_R"],"damage_healed":0,"gold_gain":0,"player_choice":"Card Removal","damage_taken":7,"max_hp_gain":0,"max_hp_loss":0,"event_name":"Golden Wing","floor":10,"gold_loss":0},{"cards_removed":["Strike_R"],"damage_healed":0,"gold_gain":0,"player_choice":"Card Removal","damage_taken":0,"max_hp_gain":0,"max_hp_loss":0,"event_name":"The Cleric","floor":12,"gold_loss":50},{"damage_healed":0,"gold_gain":0,"player_choice":"Obtained Relic","damage_taken":0,"relics_obtained":["Ancient Tea Set"],"max_hp_gain":0,"max_hp_loss":0,"event_name":"Addict","floor":21,"gold_loss":85}],"is_beta":false,"boss_relics":[{"not_picked":["Cursed Key","Philosopher\u0027s Stone"],"picked":"Runic Dome"}],"items_purged_floors":[2,19],"is_endless":false,"potions_floor_spawned":[1,7,16,18],"killed_by":"Slavers","ascension_level":0}