{"gold_per_floor":[117,117,129,129,148,148,175,175,175,175,175,175,186,196,196,294,294,313,313,332,332,247,247,257,286,286,103,48,65,65,75,75,170,170,189,23,98,48,63,63,92,30,80,80,80],"floor_reached":45,"playtime":1760,"items_purged":["Parasite"],"score":703,"play_id":"090e32ac-3fc4-463b-8dd5-53f894beb55b","local_time":"20190302003741","is_ascension_mode":true,"campfire_choices":[{"data":"Bash","floor":6.0,"key":"SMITH"},{"data":"Demon Form","floor":10.0,"key":"SMITH"},{"floor":15.0,"key":"REST"},{"data":"Reaper","floor":23.0,"key":"SMITH"},{"data":"Heavy Blade","floor":32.0,"key":"SMITH"},{"data":"Metallicize","floor":40.0,"key":"SMITH"},{"floor":44,"key":"RECALL"}],"neow_cost":"NONE","seed_source_timestamp":642846651599700,"circlet_count":0,"master_deck":["Strike_R","Strike_R+1","Defend_R","Defend_R+1","Defend_R","Defend_R","Bash+1","Shrug It Off","Anger","Demon Form+1","Shrug It Off","Reaper+1","Decay","Feel No Pain","Inflame","Metallicize+1","Inflame","Rage+1","Shockwave+1","Heavy Blade+1","Rage+1","Reaper+1","Sword Boomerang+1","Exhume+1","Rupture"],"special_seed":0,"relics":["Burning Blood","Kunai","Blue Candle","Singing Bowl","Smiling Mask","Coffee Dripper","MutagenicStrength","Toxic Egg 2","Happy Flower","The Courier","Astrolabe","MealTicket","Magic Flower"],"potions_floor_usage":[41,41,45],"damage_taken":[{"damage":13.0,"enemies":"Jaw Worm","floor":1.0,"turns":4.0},{"damage":1.0,"enemies":"Small Slimes","floor":3.0,"turns":4.0},{"damage":1.0,"enemies":"2 Louse","floor":5.0,"turns":4.0},{"damage":19.0,"enemies":"Lagavulin","floor":7.0,"turns":6.0},{"damage":33.0,"enemies":"Large Slime","floor":13.0,"turns":6.0},{"damage":20.0,"enemies":"3 Louse","floor":14.0,"turns":5.0},{"damage":35.0,"enemies":"Slime Boss","floor":16.0,"turns":7.0},{"damage":29.0,"enemies":"2 Thieves","floor":18.0,"turns":4.0},{"damage":16.0,"enemies":"Chosen","floor":20.0,"turns":6.0},{"damage":2.0,"enemies":"Centurion and Healer","floor":24.0,"turns":5.0},{"damage":81.0,"enemies":"Slavers","floor":25.0,"turns":7.0},{"damage":40.0,"enemies":"3 Cultists","floor":29.0,"turns":6.0},{"damage":4.0,"enemies":"Snecko","floor":31.0,"turns":5.0},{"damage":28.0,"enemies":"Champ","floor":33.0,"turns":8.0},{"damage":55.0,"enemies":"3 Shapes","floor":35.0,"turns":11.0},{"damage":29.0,"enemies":"3 Darklings","floor":39.0,"turns":6.0},{"damage":81,"enemies":"Nemesis","floor":41,"turns":7},{"damage":38,"enemies":"Transient","floor":45,"turns":3}],"seed_played":"2713927004349691074","potions_obtained":[{"floor":3.0,"key":"EssenceOfSteel"},{"floor":13.0,"key":"BloodPotion"},{"floor":16.0,"key":"GamblersBrew"},{"floor":25.0,"key":"Energy Potion"},{"floor":29.0,"key":"Energy Potion"},{"floor":35.0,"key":"SpeedPotion"},{"floor":41,"key":"LiquidBronze"}],"is_trial":false,"path_per_floor":["M","?","M","?","M","R","E","?","T","R","?","?","M","M","R","B",null,"M","?","M","?","?","R","M","E","T","$","$","M","?","M","R","B",null,"M","$","?","$","M","R","E","$","T","R","M"],"character_chosen":"IRONCLAD","items_purchased":["Inflame","Metallicize","Inflame","Rage+1","MealTicket","Rupture"],"campfire_rested":1,"item_purchase_floors":[27,27,27,28,36,42],"current_hp_per_floor":[73,78,83,64,69,69,56,49,49,49,72,72,45,33,61,32,79,71,71,61,61,61,61,84,35,35,35,35,32,65,67,67,47,89,105,105,95,102,100,100,27,27,27,27,0],"gold":80,"neow_bonus":"TEN_PERCENT_HP_BONUS","is_prod":false,"is_daily":false,"chose_seed":false,"campfire_upgraded":5,"win_rate":0,"timestamp":1551505061,"path_taken":["M","?","M","?","M","R","E","?","T","R","?","?","?","M","R","BOSS","M","?","M","?","?","R","M","E","T","?","$","M","?","M","R","BOSS","M","$","?","$","M","R","E","?","T","R","M"],"build_version":"2019-01-23","purchased_purges":1,"victory":false,"max_hp_per_floor":[88,93,93,93,93,93,93,93,93,93,93,93,93,95,95,95,95,97,97,97,97,97,97,99,101,101,101,101,101,101,101,101,103,103,105,105,105,102,104,104,104,104,104,104,104],"card_choices":[{"not_picked":["Sword Boomerang","Havoc"],"picked":"Shrug It Off","floor":1.0},{"not_picked":["Warcry","Flex","Body Slam"],"picked":"SKIP","floor":3.0},{"not_picked":["Body Slam","Headbutt"],"picked":"Anger","floor":5.0},{"not_picked":["Iron Wave","Havoc"],"picked":"Demon Form","floor":7.0},{"not_picked":["Body Slam","Flex"],"picked":"Shrug It Off","floor":13.0},{"not_picked":["True Grit","Clothesline","Feel No Pain"],"picked":"Singing Bowl","floor":14.0},{"not_picked":["Bludgeon","Demon Form"],"picked":"Reaper","floor":16.0},{"not_picked":["Perfected Strike+1","Sword Boomerang","Clothesline"],"picked":"Singing Bowl","floor":18.0},{"not_picked":["Body Slam","Disarm"],"picked":"Feel No Pain","floor":20.0},{"not_picked":["Havoc+1","Evolve+1","Iron Wave"],"picked":"Singing Bowl","floor":24.0},{"not_picked":["Twin Strike","Sword Boomerang","Power Through+1"],"picked":"Singing Bowl","floor":25.0},{"not_picked":["Shrug It Off+1","Anger"],"picked":"Shockwave+1","floor":29.0},{"not_picked":["Searing Blow","Armaments+1"],"picked":"Heavy Blade","floor":31.0},{"not_picked":["Dark Embrace","Juggernaut","Bludgeon"],"picked":"Singing Bowl","floor":33.0},{"not_picked":["Pommel Strike","Flex+1","Evolve+1"],"picked":"Singing Bowl","floor":35.0},{"not_picked":["Flex+1","Pommel Strike","Iron Wave"],"picked":"Singing Bowl","floor":39.0},{"not_picked":["Pommel Strike","Anger"],"picked":"Exhume+1","floor":41}],"player_experience":504420,"relics_obtained":[{"floor":7.0,"key":"Kunai"},{"floor":9.0,"key":"Singing Bowl"},{"floor":25.0,"key":"Happy Flower"},{"floor":26.0,"key":"The Courier"},{"floor":41,"key":"Magic Flower"}],"event_choices":[{"damage_healed":0.0,"max_hp_gain":5.0,"max_hp_loss":0.0,"gold_gain":0.0,"event_name":"Big Fish","player_choice":"Donut","floor":2.0,"gold_loss":0.0,"damage_taken":0.0},{"damage_healed":0.0,"max_hp_gain":0.0,"max_hp_loss":0.0,"gold_gain":0.0,"event_name":"Shining Light","player_choice":"Entered Light","floor":4.0,"gold_loss":0.0,"damage_taken":19.0,"cards_upgraded":["Defend_R","Strike_R"]},{"damage_healed":0.0,"max_hp_gain":0.0,"max_hp_loss":0.0,"gold_gain":0.0,"event_name":"Scrap Ooze","player_choice":"Success","floor":8.0,"gold_loss":0.0,"damage_taken":7.0,"relics_obtained":["Blue Candle"]},{"damage_healed":23.0,"max_hp_gain":0.0,"max_hp_loss":0.0,"gold_gain":0.0,"event_name":"Mushrooms","player_choice":"Healed and dodged fight","floor":11.0,"gold_loss":0.0,"damage_taken":0.0,"cards_obtained":["Parasite"]},{"damage_healed":0.0,"max_hp_gain":0.0,"max_hp_loss":0.0,"gold_gain":0.0,"event_name":"WeMeetAgain","player_choice":"Gave Potion","floor":12.0,"gold_loss":0.0,"damage_taken":0.0,"relics_obtained":["Smiling Mask"]},{"damage_healed":0.0,"max_hp_gain":0.0,"max_hp_loss":0.0,"gold_gain":0.0,"event_name":"Forgotten Altar","player_choice":"Smashed Altar","floor":19.0,"gold_loss":0.0,"damage_taken":0.0,"cards_obtained":["Decay"]},{"damage_healed":0.0,"max_hp_gain":0.0,"max_hp_loss":0.0,"gold_gain":0.0,"event_name":"Drug Dealer","player_choice":"Inject Mutagens","floor":21.0,"gold_loss":0.0,"damage_taken":0.0,"relics_obtained":["MutagenicStrength"]},{"damage_healed":0.0,"max_hp_gain":0.0,"max_hp_loss":0.0,"gold_gain":0.0,"event_name":"Addict","player_choice":"Obtained Relic","floor":22.0,"gold_loss":85.0,"damage_taken":0.0,"relics_obtained":["Toxic Egg 2"]},{"damage_healed":33.0,"max_hp_gain":0.0,"max_hp_loss":0.0,"gold_gain":0.0,"event_name":"The Library","player_choice":"Heal","floor":30.0,"gold_loss":0.0,"damage_taken":0.0},{"damage_healed":0.0,"max_hp_gain":0.0,"max_hp_loss":0.0,"gold_gain":75.0,"event_name":"FaceTrader","player_choice":"Touch","floor":37.0,"gold_loss":0.0,"damage_taken":10.0}],"is_beta":false,"boss_relics":[{"not_picked":["Pandora\u0027s Box","Runic Cube"],"picked":"Coffee Dripper"},{"not_picked":["White Beast Statue","Lizard Tail"],"picked":"Astrolabe"}],"items_purged_floors":[38],"is_endless":false,"potions_floor_spawned":[3,13,16,25,29,35,41],"killed_by":"Transient","ascension_level":8}