{"gold_per_floor":[117,192,192,210,224,224,250,71,71,106,106,118,118,118,118,215,215,233,161,121,137,147,147,178,178,227,227,227,227,262,319,319,319],"floor_reached":33,"playtime":1534,"items_purged":[],"score":320,"play_id":"3eede9d1-aad9-4c0e-a8ca-67a642b05970","local_time":"20190129011539","is_ascension_mode":true,"campfire_choices":[{"data":"Armaments","floor":6,"key":"SMITH"},{"floor":15,"key":"REST"},{"data":"Uppercut","floor":23,"key":"SMITH"},{"data":"Corruption","floor":28,"key":"SMITH"},{"floor":32,"key":"REST"}],"neow_cost":"NONE","seed_source_timestamp":214320188485260,"circlet_count":0,"master_deck":["Strike_R","Strike_R","Strike_R","Strike_R","Strike_R","Defend_R","Defend_R","Defend_R","Defend_R","Bash","Armaments+1","Perfected Strike","Sentinel","Uppercut+1","Double Tap","Corruption+1","Double Tap+1","Metallicize+1","Double Tap","Perfected Strike","Impervious","Iron Wave","Shrug It Off","Exhume","Pommel Strike"],"relics":["Black Blood","NeowsBlessing","FaceOfCleric","StoneCalendar","Ancient Tea Set","Red Skull","Anchor","PreservedInsect","Tiny Chest"],"potions_floor_usage":[16,22,24,25,30,33],"damage_taken":[{"damage":0,"enemies":"Jaw Worm","floor":1,"turns":1},{"damage":0,"enemies":"2 Louse","floor":4,"turns":1},{"damage":0,"enemies":"Cultist","floor":5,"turns":1},{"damage":42,"enemies":"3 Sentries","floor":7,"turns":10},{"damage":17,"enemies":"Lagavulin","floor":10,"turns":6},{"damage":9,"enemies":"Large Slime","floor":12,"turns":6},{"damage":10,"enemies":"Slime Boss","floor":16,"turns":7},{"damage":29,"enemies":"Chosen","floor":18,"turns":6},{"damage":13,"enemies":"Shell Parasite","floor":21,"turns":6},{"damage":17,"enemies":"Snake Plant","floor":22,"turns":3},{"damage":51,"enemies":"Slavers","floor":24,"turns":7},{"damage":12,"enemies":"Shelled Parasite and Fungi","floor":25,"turns":2},{"damage":31,"enemies":"Gremlin Leader","floor":30,"turns":8},{"damage":84,"enemies":"Collector","floor":33,"turns":12}],"seed_played":"8548269389341572543","potions_obtained":[{"floor":4,"key":"BloodPotion"},{"floor":12,"key":"PowerPotion"},{"floor":20,"key":"GamblersBrew"},{"floor":20,"key":"SteroidPotion"},{"floor":22,"key":"SmokeBomb"},{"floor":24,"key":"AttackPotion"}],"is_trial":false,"path_per_floor":["?","?","M","?","?","M","?","?","T"],"character_chosen":"IRONCLAD","items_purchased":["Double Tap","Corruption","Impervious"],"campfire_rested":2,"item_purchase_floors":[8,8,19],"current_hp_per_floor":[80,69,69,76,82,82,47,47,47,37,37,35,18,18,43,40,86,68,68,68,66,68,68,28,27,27,57,57,57,37,37,64,0],"gold":319,"neow_bonus":"THREE_ENEMY_KILL","is_prod":false,"is_daily":false,"chose_seed":false,"campfire_upgraded":3,"win_rate":0,"timestamp":1548753339,"path_taken":["M","?","?","?","M","R","E","$","T","E","$","M","?","$","R","BOSS","M","$","?","M","?","R","E","M","T","?","R","?","E","?","R","BOSS"],"build_version":"2019-01-23","purchased_purges":0,"victory":false,"max_hp_per_floor":[80,80,80,81,82,82,83,83,83,84,84,85,85,85,85,86,86,87,87,87,88,89,89,90,91,91,91,91,91,92,92,92,92],"card_choices":[{"not_picked":["Iron Wave","Sword Boomerang"],"picked":"Armaments","floor":1},{"not_picked":["Fire Breathing","Clash"],"picked":"Perfected Strike","floor":4},{"not_picked":["Hemokinesis","Heavy Blade"],"picked":"Sentinel","floor":5},{"not_picked":["Feed","Clothesline"],"picked":"Uppercut","floor":7},{"not_picked":["Seeing Red","Armaments"],"picked":"Double Tap","floor":10},{"not_picked":["Body Slam","Thunderclap"],"picked":"Metallicize","floor":12},{"not_picked":["Fiend Fire","Impervious"],"picked":"Double Tap","floor":16},{"not_picked":["Clothesline","Infernal Blade"],"picked":"Perfected Strike","floor":18},{"not_picked":["Hemokinesis+1","Body Slam"],"picked":"Iron Wave","floor":21},{"not_picked":["Sword Boomerang+1","Dropkick"],"picked":"Shrug It Off","floor":22},{"not_picked":["Entrench+1","Body Slam+1"],"picked":"Exhume","floor":24},{"not_picked":["Sever Soul","Anger"],"picked":"Pommel Strike","floor":30}],"player_experience":26746,"relics_obtained":[{"floor":7,"key":"StoneCalendar"},{"floor":10,"key":"Ancient Tea Set"},{"floor":24,"key":"Red Skull"},{"floor":26,"key":"Anchor"},{"floor":30,"key":"PreservedInsect"},{"floor":31,"key":"Tiny Chest"}],"event_choices":[{"damage_healed":0,"gold_gain":75,"player_choice":"Gather Gold","damage_taken":11,"max_hp_gain":0,"max_hp_loss":0,"event_name":"World of Goop","floor":2,"gold_loss":0},{"damage_healed":0,"gold_gain":0,"player_choice":"Trade","damage_taken":0,"relics_obtained":["FaceOfCleric"],"max_hp_gain":0,"max_hp_loss":0,"event_name":"FaceTrader","floor":3,"gold_loss":0},{"damage_healed":0,"gold_gain":0,"player_choice":"Entered Light","damage_taken":17,"max_hp_gain":0,"max_hp_loss":0,"event_name":"Shining Light","floor":13,"gold_loss":0,"cards_upgraded":["Double Tap","Metallicize"]},{"damage_healed":0,"gold_gain":0,"player_choice":"Bought 3 Potions","damage_taken":0,"max_hp_gain":0,"max_hp_loss":0,"event_name":"The Woman in Blue","floor":20,"gold_loss":0},{"damage_healed":30,"gold_gain":0,"player_choice":"Heal","damage_taken":0,"max_hp_gain":0,"max_hp_loss":0,"event_name":"The Library","floor":27,"gold_loss":0},{"damage_healed":0,"gold_gain":0,"player_choice":"Ignored","damage_taken":0,"max_hp_gain":0,"max_hp_loss":0,"event_name":"Vampires","floor":29,"gold_loss":0}],"is_beta":false,"boss_relics":[{"not_picked":["Eternal Feather","Snecko Eye"],"picked":"Black Blood"}],"items_purged_floors":[],"is_endless":false,"potions_floor_spawned":[4,12,22,24,25],"killed_by":"Collector","ascension_level":2}