{"path_per_floor":["M","?","?","M","?","R","M","M","T","R","M","$","R","M","R","B",null,"M","M","?","M","M"],"character_chosen":"IRONCLAD","items_purchased":["Orichalcum"],"gold_per_floor":[117,117,117,131,131,131,155,176,227,227,243,23,23,36,36,157,195,208,228,228,242,265],"floor_reached":23,"campfire_rested":1,"playtime":1195,"current_hp_per_floor":[80,80,80,80,80,80,74,50,50,50,53,53,53,51,75,55,85,81,85,85,66,69],"items_purged":["Regret"],"gold":265,"score":185,"play_id":"60fa58d0-7f8c-4bcc-abd3-641291b2c3a5","is_prod":false,"is_daily":false,"is_ascension_mode":false,"campfire_upgraded":3,"path_taken":["M","?","?","M","?","R","M","?","T","R","?","$","R","?","R","BOSS","M","M","?","?","M","E"],"build_version":"2018-02-12-PROD1","purchased_purges":1,"victory":false,"master_deck":["Strike_R","Strike_R","Strike_R","Strike_R","Defend_R","Defend_R","Defend_R","Defend_R","Bash+1","Pommel Strike+1","Injury","Burning Pact","Fiend Fire+1","Metallicize+1","Immolate+1","Sentinel","Headbutt+1"],"max_hp_per_floor":[80,80,80,80,80,80,80,80,80,80,80,80,80,80,80,80,85,85,85,85,85,85],"relics":["Burning Blood","Prayer Wheel","Golden Idol","Molten Egg 2","Lantern","Orichalcum","Tiny House"],"card_choices":[{"not_picked":["Cleave","Headbutt"],"picked":"Pommel Strike"},{"not_picked":["Intimidate","Wild Strike"],"picked":"Burning Pact"},{"not_picked":["Berserk","Perfected Strike"],"picked":"Metallicize"},{"not_picked":["Bludgeon","Feed"],"picked":"Immolate"},{"not_picked":["Inflame","Disarm"],"picked":"Sentinel"},{"not_picked":["Dropkick","Perfected Strike"],"picked":"Headbutt"}],"player_experience":95030,"potions_floor_usage":[11,16,21,22,22,23],"damage_taken":[{"damage":5,"enemies":"Small Slimes","floor":1,"turns":3},{"damage":4,"enemies":"Cultist","floor":4,"turns":3},{"damage":12,"enemies":"Jaw Worm","floor":7,"turns":3},{"damage":30,"enemies":"3 Louse","floor":8,"turns":4},{"damage":3,"enemies":"Exordium Thugs","floor":11,"turns":3},{"damage":8,"enemies":"Lots of Slimes","floor":14,"turns":5},{"damage":26,"enemies":"Slime Boss","floor":16,"turns":6},{"damage":10,"enemies":"Spheric Guardian","floor":18,"turns":4},{"damage":1,"enemies":"Chosen","floor":19,"turns":5},{"damage":25,"enemies":"Centurion and Healer","floor":21,"turns":10},{"damage":3,"enemies":"Chosen and Byrds","floor":22,"turns":4},{"damage":82,"enemies":"Gremlin Leader","floor":23,"turns":8}],"event_choices":[{"event_name":"Golden Idol","player_choice":"Take Wound","floor":2,"damage_taken":0},{"event_name":"Big Fish","player_choice":"Box","floor":3,"damage_taken":0},{"event_name":"Transmorgrifier","player_choice":"Transform","floor":5,"damage_taken":0},{"event_name":"The Woman in Blue","player_choice":"Bought 0 Potions","floor":20,"damage_taken":0}],"boss_relics":[{"not_picked":["Question Card","Sozu"],"picked":"Tiny House"}],"potions_floor_spawned":[4,11,16,18,21],"seed_played":"8131507289186502648","killed_by":"Gremlin Leader","ascension_level":0,"is_trial":false}