{"gold_per_floor":[113,123,136,136,186,186,201,228,228,228,228,246,246,246,246,246],"floor_reached":16,"playtime":1363,"items_purged":[],"score":135,"play_id":"c0b294bf-8807-460f-9958-aab6e1a79490","local_time":"20190323014216","is_ascension_mode":true,"campfire_choices":[{"data":"Backstab","floor":6,"key":"SMITH"},{"data":"Leg Sweep","floor":11,"key":"SMITH"},{"data":"Blur","floor":13,"key":"SMITH"},{"floor":15,"key":"REST"}],"neow_cost":"NONE","seed_source_timestamp":244834563852364,"circlet_count":0,"master_deck":["Defend_G","Defend_G","Defend_G","Defend_G","Defend_G","Strike_G","Strike_G","Strike_G","Strike_G+1","Strike_G+1","Survivor","Neutralize+1","Slice","Backstab+1","Leg Sweep+1","Blur+1","Parasite"],"relics":["Ring of the Snake","Oddly Smooth Stone","Snake Skull"],"potions_floor_usage":[16],"damage_taken":[{"damage":7,"enemies":"Jaw Worm","floor":1,"turns":4},{"damage":1,"enemies":"Small Slimes","floor":2,"turns":4},{"damage":1,"enemies":"2 Louse","floor":3,"turns":2},{"damage":1,"enemies":"Blue Slaver","floor":7,"turns":3},{"damage":9,"enemies":"3 Sentries","floor":8,"turns":9},{"damage":0,"enemies":"Looter","floor":12,"turns":4},{"damage":83,"enemies":"Slime Boss","floor":16,"turns":18}],"seed_played":"5738957203888753681","potions_obtained":[{"floor":3,"key":"Energy Potion"},{"floor":8,"key":"GhostInAJar"}],"is_trial":false,"path_per_floor":["?","?","?","M","?"],"character_chosen":"THE_SILENT","items_purchased":[],"campfire_rested":1,"item_purchase_floors":[],"current_hp_per_floor":[56,55,54,40,40,40,39,30,30,47,47,47,47,52,74,0],"gold":246,"neow_bonus":"UPGRADE_CARD","is_prod":false,"is_daily":false,"chose_seed":false,"campfire_upgraded":3,"win_rate":0,"timestamp":1553305336,"path_taken":["M","M","M","?","?","R","M","E","T","?","R","?","R","?","R","BOSS"],"build_version":"2019-01-23","purchased_purges":0,"victory":false,"max_hp_per_floor":[70,70,70,70,70,70,70,70,70,70,70,70,70,75,75,75],"card_choices":[{"not_picked":["Poisoned Stab","Terror"],"picked":"Slice","floor":1},{"not_picked":["Quick Slash","Bane"],"picked":"Backstab","floor":2},{"not_picked":["Riddle With Holes","Endless Agony"],"picked":"Leg Sweep","floor":3},{"not_picked":["Reflex","Prepared","Calculated Gamble"],"picked":"SKIP","floor":7},{"not_picked":["Reflex","Prepared","Calculated Gamble"],"picked":"SKIP","floor":7},{"not_picked":["Blade Dance","Slice"],"picked":"Blur","floor":8},{"not_picked":["Prepared","Endless Agony","Outmaneuver"],"picked":"SKIP","floor":12}],"player_experience":304428,"relics_obtained":[{"floor":8,"key":"Oddly Smooth Stone"},{"floor":9,"key":"Snake Skull"}],"event_choices":[{"damage_healed":0,"gold_gain":0,"player_choice":"Entered Light","damage_taken":14,"max_hp_gain":0,"max_hp_loss":0,"event_name":"Shining Light","floor":4,"gold_loss":0,"cards_upgraded":["Strike_G","Strike_G"]},{"damage_healed":0,"gold_gain":50,"player_choice":"Gained Gold","damage_taken":0,"max_hp_gain":0,"max_hp_loss":0,"event_name":"Golden Wing","floor":5,"gold_loss":0},{"damage_healed":17,"gold_gain":0,"player_choice":"Healed and dodged fight","damage_taken":0,"max_hp_gain":0,"max_hp_loss":0,"event_name":"Mushrooms","floor":10,"gold_loss":0,"cards_obtained":["Parasite"]},{"damage_healed":0,"gold_gain":0,"player_choice":"Donut","damage_taken":0,"max_hp_gain":5,"max_hp_loss":0,"event_name":"Big Fish","floor":14,"gold_loss":0}],"is_beta":false,"boss_relics":[],"items_purged_floors":[],"is_endless":false,"potions_floor_spawned":[3,8],"killed_by":"Slime Boss","ascension_level":7}