{"gold_per_floor":[119,119,144,167,167,167,192,223,223,223,254,254,293,24,24,154,154,167,167,167,180,180,180,206,206,253,269,269],"floor_reached":28,"playtime":2210,"items_purged":["Strike_B"],"score":368,"play_id":"e0ebff14-a7c9-4adb-9c8d-79a2fbdc4eb8","local_time":"20190416153913","is_ascension_mode":true,"campfire_choices":[{"data":"Dualcast","floor":6,"key":"SMITH"},{"floor":10,"key":"REST"},{"data":"Echo Form","floor":15,"key":"SMITH"},{"floor":23,"key":"REST"},{"floor":25,"key":"REST"}],"neow_cost":"NONE","seed_source_timestamp":471162058328187,"circlet_count":0,"master_deck":["Defend_B","Defend_B","Defend_B","Zap+1","Dualcast+1","Gash+1","Undo","Go for the Eyes+1","Cold Snap","Capacitor","Redo","Echo Form+1","All For One","Scrape+1","Recycle+1","Ball Lightning+1","Reprogram","Go for the Eyes+1","Capacitor","Stack","Steam Power"],"special_seed":0,"relics":["Cracked Core","Bloody Idol","Emotion Chip","Matryoshka","Blue Candle","Bronze Scales","Runic Capacitor","Astrolabe","Nilry\u0027s Codex","Thread and Needle","Bottled Tornado","Juzu Bracelet"],"potions_floor_usage":[13],"damage_taken":[{"damage":0.0,"enemies":"2 Louse","floor":1.0,"turns":2.0},{"damage":2.0,"enemies":"Jaw Worm","floor":3.0,"turns":3.0},{"damage":0.0,"enemies":"Small Slimes","floor":4.0,"turns":3.0},{"damage":5,"enemies":"2 Fungi Beasts","floor":7,"turns":4},{"damage":9,"enemies":"3 Sentries","floor":8,"turns":9},{"damage":15,"enemies":"Lagavulin","floor":11,"turns":7},{"damage":17,"enemies":"3 Sentries","floor":13,"turns":6},{"damage":11,"enemies":"Hexaghost","floor":16,"turns":9},{"damage":13,"enemies":"Chosen","floor":18,"turns":4},{"damage":20,"enemies":"2 Thieves","floor":21,"turns":4},{"damage":33,"enemies":"Book of Stabbing","floor":24,"turns":4},{"damage":33,"enemies":"Cultist and Chosen","floor":27,"turns":7},{"damage":17,"enemies":"Slavers","floor":28,"turns":1}],"seed_played":"-2550738801305510407","potions_obtained":[{"floor":7,"key":"AttackPotion"},{"floor":8,"key":"PowerPotion"},{"floor":11,"key":"Ancient Potion"},{"floor":24,"key":"LiquidBronze"},{"floor":27,"key":"Block Potion"}],"is_trial":false,"path_per_floor":["?","?","?","$","?","?","?"],"character_chosen":"DEFECT","items_purchased":["Runic Capacitor"],"campfire_rested":3,"item_purchase_floors":[14],"current_hp_per_floor":[68,68,66,66,52,52,47,38,38,58,43,48,31,31,31,20,61,48,32,32,22,22,44,16,38,43,15,0],"gold":269,"neow_bonus":"UPGRADE_CARD","is_prod":false,"is_daily":false,"chose_seed":false,"campfire_upgraded":2,"win_rate":0,"timestamp":1555425553,"path_taken":["M","?","M","M","?","R","M","E","T","R","E","?","E","?","R","BOSS","M","?","?","M","?","R","E","R","T","M","E"],"build_version":"2019-01-23","purchased_purges":1,"victory":false,"max_hp_per_floor":[75,69,69,69,69,69,69,69,69,69,69,74,74,74,74,74,74,74,74,74,74,74,74,74,74,74,74,74],"card_choices":[{"not_picked":["Leap","Rebound"],"picked":"Gash","floor":1.0},{"not_picked":["Lockon","Storm"],"picked":"Undo","floor":3.0},{"not_picked":["Turbo","Barrage"],"picked":"Go for the Eyes","floor":4},{"not_picked":["Redo","Stack"],"picked":"Cold Snap","floor":7},{"not_picked":["Rebound","Go for the Eyes"],"picked":"Capacitor","floor":8},{"not_picked":["Leap","Hello World"],"picked":"Redo","floor":11},{"not_picked":["FTL","Multi-Cast"],"picked":"Echo Form","floor":13},{"not_picked":["Machine Learning","Meteor Strike"],"picked":"All For One","floor":16},{"not_picked":["Leap","Stack+1"],"picked":"Reprogram","floor":18},{"not_picked":["Darkness","Turbo+1"],"picked":"Go for the Eyes+1","floor":21},{"not_picked":["Blizzard","Tempest+1"],"picked":"Stack","floor":24},{"not_picked":["Redo+1","Ball Lightning"],"picked":"Steam Power","floor":27}],"player_experience":623785,"relics_obtained":[{"floor":8,"key":"Emotion Chip"},{"floor":9,"key":"Matryoshka"},{"floor":11,"key":"Blue Candle"},{"floor":13,"key":"Bronze Scales"},{"floor":19,"key":"Nilry\u0027s Codex"},{"floor":24,"key":"Thread and Needle"},{"floor":26,"key":"Bottled Tornado"},{"floor":26,"key":"Juzu Bracelet"}],"event_choices":[{"damage_healed":0.0,"max_hp_gain":0.0,"max_hp_loss":6.0,"gold_gain":0.0,"event_name":"Golden Idol","player_choice":"Lose Max HP","floor":2.0,"gold_loss":0.0,"damage_taken":0.0,"relics_obtained":["Golden Idol"]},{"damage_healed":0,"gold_gain":0,"player_choice":"Entered Light","damage_taken":14,"max_hp_gain":0,"max_hp_loss":0,"event_name":"Shining Light","floor":5,"gold_loss":0,"cards_upgraded":["Gash","Go for the Eyes"]},{"damage_healed":0,"gold_gain":0,"player_choice":"Donut","damage_taken":0,"max_hp_gain":5,"max_hp_loss":0,"event_name":"Big Fish","floor":12,"gold_loss":0},{"damage_healed":0,"gold_gain":0,"player_choice":"Obtained Book","damage_taken":16,"max_hp_gain":0,"max_hp_loss":0,"event_name":"Cursed Tome","floor":19,"gold_loss":0},{"damage_healed":0,"gold_gain":0,"player_choice":"Gave Idol","damage_taken":0,"relics_obtained":["Bloody Idol"],"max_hp_gain":0,"max_hp_loss":0,"event_name":"Forgotten Altar","floor":20,"relics_lost":["Golden Idol"],"gold_loss":0},{"damage_healed":0,"gold_gain":0,"cards_transformed":["Defend_B"],"player_choice":"Transformed","damage_taken":0,"max_hp_gain":0,"max_hp_loss":0,"event_name":"Transmorgrifier","floor":22,"gold_loss":0,"cards_obtained":["Capacitor"]}],"is_beta":false,"boss_relics":[{"not_picked":["Tiny House","Runic Dome"],"picked":"Astrolabe"}],"items_purged_floors":[14],"is_endless":false,"potions_floor_spawned":[7,8,11,24,27],"killed_by":"Slavers","ascension_level":9}