{"gold_per_floor":[117,117,117,42,53,81,96,121,172,45,45,72,83,83,83,187,187,201,76,76,90,102,102,129,229,229,229,246,246,257,289,289,393,393,412,412,425,193,209,209,223,223],"floor_reached":42,"playtime":2060,"items_purged":["Strike_R","Strike_R","Strike_R","Corruption+1"],"score":770,"play_id":"f9e30e63-1ced-49c4-9c6f-fd70978511f8","local_time":"20190326151215","is_ascension_mode":true,"campfire_choices":[{"data":"Infernal Blade","floor":11.0,"key":"SMITH"},{"floor":15.0,"key":"REST"},{"data":"Limit Break","floor":23.0,"key":"SMITH"},{"data":"Barricade","floor":27.0,"key":"SMITH"},{"data":"Double Tap","floor":29.0,"key":"SMITH"},{"data":"True Grit","floor":32.0,"key":"SMITH"},{"floor":40,"key":"REST"}],"neow_cost":"NONE","seed_source_timestamp":650161338663350,"circlet_count":0,"master_deck":["Defend_R","Defend_R","Defend_R+1","Bash","Headbutt+1","Infernal Blade+1","Spot Weakness","Thunderclap","Limit Break+1","True Grit+1","Flame Barrier","Iron Wave","Rampage","Double Tap+1","Inflame+1","Flame Barrier+1","Shrug It Off","Clothesline+1","Barricade+1","Feel No Pain","Heavy Blade","Demon Form","Burning Pact+1","Metallicize+1","Battle Trance","Rampage+1"],"special_seed":0,"relics":["Burning Blood","NeowsBlessing","Mummified Hand","Ancient Tea Set","Lantern","Oddly Smooth Stone","Dream Catcher","Philosopher\u0027s Stone","Pantograph","Bronze Scales","Incense Burner","Self Forming Clay","Blood Vial","Astrolabe"],"potions_floor_usage":[39],"damage_taken":[{"damage":0.0,"enemies":"Jaw Worm","floor":1.0,"turns":1.0},{"damage":0.0,"enemies":"Small Slimes","floor":5.0,"turns":1.0},{"damage":0.0,"enemies":"Gremlin Nob","floor":6.0,"turns":1.0},{"damage":1.0,"enemies":"2 Louse","floor":7.0,"turns":2.0},{"damage":27.0,"enemies":"Lagavulin","floor":8.0,"turns":7.0},{"damage":16.0,"enemies":"3 Sentries","floor":12.0,"turns":8.0},{"damage":0.0,"enemies":"Exordium Wildlife","floor":13.0,"turns":3.0},{"damage":43.0,"enemies":"Slime Boss","floor":16.0,"turns":9.0},{"damage":12.0,"enemies":"2 Thieves","floor":18.0,"turns":4.0},{"damage":0.0,"enemies":"Chosen","floor":21.0,"turns":4.0},{"damage":21.0,"enemies":"Centurion and Healer","floor":22.0,"turns":6.0},{"damage":0.0,"enemies":"Gremlin Leader","floor":24.0,"turns":4.0},{"damage":14.0,"enemies":"Colosseum Slavers","floor":25.0,"turns":3.0},{"damage":17.0,"enemies":"Colosseum Nobs","floor":25.0,"turns":5.0},{"damage":0.0,"enemies":"Cultist and Chosen","floor":28.0,"turns":4.0},{"damage":13.0,"enemies":"Snecko","floor":30.0,"turns":4.0},{"damage":6.0,"enemies":"Book of Stabbing","floor":31.0,"turns":4.0},{"damage":54.0,"enemies":"Champ","floor":33.0,"turns":6.0},{"damage":22.0,"enemies":"3 Shapes","floor":35.0,"turns":2.0},{"damage":18.0,"enemies":"3 Darklings","floor":37.0,"turns":7.0},{"damage":35,"enemies":"Writhing Mass","floor":39,"turns":3},{"damage":12,"enemies":"Transient","floor":41,"turns":5},{"damage":35,"enemies":"Jaw Worm Horde","floor":42,"turns":4}],"seed_played":"8307787374744025627","potions_obtained":[{"floor":6.0,"key":"Energy Potion"},{"floor":13.0,"key":"Weak Potion"},{"floor":16.0,"key":"Swift Potion"},{"floor":21.0,"key":"Weak Potion"},{"floor":25.0,"key":"Poison Potion"},{"floor":31.0,"key":"Swift Potion"},{"floor":33.0,"key":"SteroidPotion"},{"floor":39,"key":"SkillPotion"},{"floor":41,"key":"Fruit Juice"}],"is_trial":false,"path_per_floor":["?","?","$","?","?","?"],"character_chosen":"IRONCLAD","items_purchased":["True Grit","Battle Trance"],"campfire_rested":2,"item_purchase_floors":[10,38],"current_hp_per_floor":[78,60,44,44,50,56,61,40,40,40,40,30,36,36,60,23,66,60,60,60,66,51,51,57,38,38,38,44,44,37,37,37,16,64,50,50,40,40,13,35,31,0],"gold":223,"neow_bonus":"THREE_ENEMY_KILL","is_prod":false,"is_daily":false,"chose_seed":false,"campfire_upgraded":5,"win_rate":0,"timestamp":1553638335,"path_taken":["M","?","?","$","M","E","M","E","T","$","R","E","M","?","R","BOSS","M","$","?","M","M","R","E","?","T","R","M","R","M","E","R","BOSS","M","?","M","$","M","R","M","M"],"build_version":"2019-01-23","purchased_purges":4,"victory":false,"max_hp_per_floor":[80,80,80,80,80,80,80,80,80,80,80,80,80,80,80,80,80,80,80,80,80,80,80,80,80,80,80,80,80,80,80,80,80,80,80,76,76,76,76,76,76,76],"card_choices":[{"not_picked":["Heavy Blade","True Grit"],"picked":"Headbutt","floor":1.0},{"not_picked":["Perfected Strike","Twin Strike"],"picked":"Infernal Blade","floor":5.0},{"not_picked":["Anger","Reckless Charge"],"picked":"Spot Weakness","floor":6.0},{"not_picked":["True Grit","Armaments"],"picked":"Thunderclap","floor":7.0},{"not_picked":["Anger","Armaments"],"picked":"Limit Break","floor":8.0},{"not_picked":["Intimidate","Burning Pact"],"picked":"Flame Barrier","floor":12.0},{"not_picked":["Burning Pact","Sword Boomerang"],"picked":"Iron Wave","floor":13.0},{"not_picked":["Burning Pact","Second Wind"],"picked":"Rampage","floor":15.0},{"not_picked":["Fiend Fire","Brutality"],"picked":"Double Tap","floor":16.0},{"not_picked":["Sword Boomerang","Cleave+1"],"picked":"Inflame+1","floor":18.0},{"not_picked":["Heavy Blade","Pummel"],"picked":"Flame Barrier+1","floor":21.0},{"not_picked":["Searing Blow+1","Combust+1"],"picked":"Shrug It Off","floor":22.0},{"not_picked":["Pommel Strike","Body Slam+1"],"picked":"Clothesline+1","floor":24.0},{"not_picked":["Warcry","Spot Weakness"],"picked":"Barricade","floor":25.0},{"not_picked":["Whirlwind","Blood for Blood"],"picked":"Feel No Pain","floor":28.0},{"not_picked":["Carnage","Anger+1","Armaments"],"picked":"SKIP","floor":30.0},{"not_picked":["Wild Strike","Power Through+1"],"picked":"Heavy Blade","floor":31.0},{"not_picked":["Barricade","Exhume"],"picked":"Demon Form","floor":33.0},{"not_picked":["Body Slam","Thunderclap","Sword Boomerang+1"],"picked":"SKIP","floor":35.0},{"not_picked":["Uppercut","Fire Breathing","Intimidate"],"picked":"SKIP","floor":37.0},{"not_picked":["Cleave+1","True Grit","Shrug It Off"],"picked":"SKIP","floor":39},{"not_picked":["Reckless Charge","Feel No Pain+1"],"picked":"Rampage+1","floor":41}],"player_experience":130459,"relics_obtained":[{"floor":6.0,"key":"Ancient Tea Set"},{"floor":8.0,"key":"Lantern"},{"floor":9.0,"key":"Oddly Smooth Stone"},{"floor":12.0,"key":"Dream Catcher"},{"floor":24.0,"key":"Bronze Scales"},{"floor":25.0,"key":"Incense Burner"},{"floor":25.0,"key":"Self Forming Clay"},{"floor":31.0,"key":"Blood Vial"}],"event_choices":[{"damage_healed":0.0,"max_hp_gain":0.0,"max_hp_loss":0.0,"gold_gain":0.0,"event_name":"Scrap Ooze","player_choice":"Success","floor":2.0,"gold_loss":0.0,"damage_taken":18.0,"relics_obtained":["Mummified Hand"]},{"damage_healed":0.0,"max_hp_gain":0.0,"max_hp_loss":0.0,"gold_gain":0.0,"event_name":"Shining Light","player_choice":"Entered Light","floor":3.0,"gold_loss":0.0,"damage_taken":16.0,"cards_upgraded":["Headbutt","Defend_R"]},{"damage_healed":0.0,"max_hp_gain":0.0,"max_hp_loss":0.0,"gold_gain":0.0,"event_name":"The Mausoleum","player_choice":"Opened","floor":20.0,"gold_loss":0.0,"damage_taken":0.0,"relics_obtained":["Pantograph"]},{"damage_healed":0.0,"max_hp_gain":0.0,"max_hp_loss":0.0,"gold_gain":0.0,"event_name":"Colosseum","player_choice":"Fight","floor":25.0,"gold_loss":0.0,"damage_taken":0.0},{"damage_healed":0.0,"max_hp_gain":0.0,"max_hp_loss":0.0,"gold_gain":0.0,"event_name":"Colosseum","player_choice":"Fought Nobs","floor":25.0,"gold_loss":0.0,"damage_taken":0.0},{"damage_healed":0.0,"max_hp_gain":0.0,"max_hp_loss":4.0,"gold_gain":0.0,"event_name":"Winding Halls","player_choice":"Max HP","floor":36.0,"gold_loss":0.0,"damage_taken":0.0}],"is_beta":false,"boss_relics":[{"not_picked":["Black Star","Lizard Tail"],"picked":"Philosopher\u0027s Stone"},{"not_picked":["Pandora\u0027s Box","Runic Cube"],"picked":"Astrolabe"}],"items_purged_floors":[4,10,19,38],"is_endless":false,"potions_floor_spawned":[6,13,16,21,25,25,30,31,33,39,41],"killed_by":"Jaw Worm Horde","ascension_level":9}