{"gold_per_floor":[117,92,57,57,75,75,92,102,176,207,207,236,253,253,253,381,381,404,404,75,89,108,108],"floor_reached":23,"playtime":1088,"items_purged":[],"score":351,"play_id":"1d42a4ca-0126-4038-9b41-6ebee346caef","local_time":"20190308174134","is_ascension_mode":true,"campfire_choices":[{"data":"Body Slam","floor":6,"key":"SMITH"},{"data":"Armaments","floor":15,"key":"SMITH"}],"neow_cost":"PERCENT_DAMAGE","seed_source_timestamp":13846116804800,"circlet_count":0,"master_deck":["Strike_R","Strike_R","Strike_R","Strike_R","Defend_R","Defend_R","Defend_R","Defend_R","Bash","Wild Strike","Evolve","Anger","Rage","Body Slam+1","Thunderclap","Armaments+1","Offering","Demon Form","Rupture","Metallicize"],"relics":["Burning Blood","Prayer Wheel","Meat on the Bone","Juzu Bracelet","Omamori","Golden Idol","Mark of Pain","Paper Frog"],"potions_floor_usage":[12,19,23,23,23],"damage_taken":[{"damage":3,"enemies":"2 Louse","floor":1,"turns":3},{"damage":7,"enemies":"Small Slimes","floor":5,"turns":3},{"damage":0,"enemies":"Cultist","floor":7,"turns":3},{"damage":4,"enemies":"Red Slaver","floor":8,"turns":3},{"damage":24,"enemies":"3 Sentries","floor":10,"turns":8},{"damage":18,"enemies":"Lagavulin","floor":12,"turns":8},{"damage":10,"enemies":"3 Louse","floor":13,"turns":3},{"damage":6,"enemies":"Slime Boss","floor":16,"turns":5},{"damage":37,"enemies":"2 Thieves","floor":18,"turns":4},{"damage":0,"enemies":"Masked Bandits","floor":19,"turns":2},{"damage":28,"enemies":"Spheric Guardian","floor":21,"turns":4},{"damage":25,"enemies":"Centurion and Healer","floor":22,"turns":9},{"damage":50,"enemies":"Gremlin Leader","floor":23,"turns":6}],"seed_played":"-221160657643009311","potions_obtained":[{"floor":5,"key":"SmokeBomb"},{"floor":8,"key":"Dexterity Potion"},{"floor":13,"key":"GamblersBrew"},{"floor":16,"key":"EssenceOfSteel"},{"floor":22,"key":"EssenceOfSteel"}],"is_trial":false,"path_per_floor":["M","$","?","?","M","R","M","M","T","E","$","E","M","?","R","B",null,"M","?","$","M","M","E"],"character_chosen":"IRONCLAD","items_purchased":["Anger","Paper Frog","Rupture"],"campfire_rested":0,"item_purchase_floors":[2,20,20],"current_hp_per_floor":[54,54,74,74,73,73,79,80,80,62,62,50,58,58,58,58,75,56,62,62,52,45,0],"gold":108,"neow_bonus":"ONE_RARE_RELIC","is_prod":false,"is_daily":false,"chose_seed":false,"campfire_upgraded":2,"win_rate":0,"timestamp":1552084894,"path_taken":["M","$","?","?","M","R","M","?","T","E","?","E","M","?","R","BOSS","M","?","$","M","M","E"],"build_version":"2019-01-23","purchased_purges":0,"victory":false,"max_hp_per_floor":[80,80,80,80,80,80,80,80,80,80,80,80,80,80,80,80,80,80,80,80,80,80,80],"card_choices":[{"not_picked":["Heavy Blade","Sword Boomerang"],"picked":"Wild Strike","floor":1},{"not_picked":["Power Through","Heavy Blade"],"picked":"Evolve","floor":1},{"not_picked":["Infernal Blade","Clash"],"picked":"Rage","floor":5},{"not_picked":["Perfected Strike","Iron Wave"],"picked":"Body Slam","floor":5},{"not_picked":["Perfected Strike","Iron Wave"],"picked":"Thunderclap","floor":7},{"not_picked":["Sword Boomerang","Brutality"],"picked":"Armaments","floor":7},{"not_picked":["Cleave","Iron Wave","Headbutt"],"picked":"SKIP","floor":8},{"not_picked":["Infernal Blade","Iron Wave","Perfected Strike"],"picked":"SKIP","floor":8},{"not_picked":["Warcry","Twin Strike","Dropkick"],"picked":"SKIP","floor":10},{"not_picked":["Headbutt","Dual Wield"],"picked":"Offering","floor":12},{"not_picked":["Heavy Blade","Perfected Strike","Seeing Red"],"picked":"SKIP","floor":13},{"not_picked":["Flex","True Grit","Headbutt"],"picked":"SKIP","floor":13},{"not_picked":["Impervious","Double Tap"],"picked":"Demon Form","floor":16},{"not_picked":["Warcry","Bloodletting+1","Dual Wield"],"picked":"SKIP","floor":18},{"not_picked":["Thunderclap","Rage","Hemokinesis"],"picked":"SKIP","floor":18},{"not_picked":["Entrench","Headbutt"],"picked":"Metallicize","floor":21},{"not_picked":["Dropkick","Clash","Infernal Blade"],"picked":"SKIP","floor":21},{"not_picked":["Dropkick","Clash","Infernal Blade"],"picked":"SKIP","floor":21},{"not_picked":["Headbutt","Warcry","Body Slam"],"picked":"SKIP","floor":22},{"not_picked":["Anger","Clothesline","Infernal Blade"],"picked":"SKIP","floor":22}],"player_experience":530398,"relics_obtained":[{"floor":9,"key":"Meat on the Bone"},{"floor":10,"key":"Juzu Bracelet"},{"floor":12,"key":"Omamori"}],"event_choices":[{"damage_healed":20,"gold_gain":0,"player_choice":"Healed","damage_taken":0,"max_hp_gain":0,"max_hp_loss":0,"event_name":"The Cleric","floor":3,"gold_loss":35},{"cards_removed":["Strike_R"],"damage_healed":0,"gold_gain":0,"player_choice":"Offered Basic","damage_taken":0,"max_hp_gain":0,"max_hp_loss":0,"event_name":"Bonfire Elementals","floor":4,"gold_loss":0},{"damage_healed":0,"gold_gain":0,"player_choice":"Take Wound","damage_taken":0,"relics_obtained":["Golden Idol"],"max_hp_gain":0,"max_hp_loss":0,"event_name":"Golden Idol","floor":14,"gold_loss":0,"cards_obtained":["Injury"]},{"damage_healed":0,"gold_gain":0,"player_choice":"Fought Bandits","damage_taken":0,"max_hp_gain":0,"max_hp_loss":0,"event_name":"Masked Bandits","floor":19,"gold_loss":0}],"is_beta":false,"boss_relics":[{"not_picked":["Black Star","Philosopher\u0027s Stone"],"picked":"Mark of Pain"}],"items_purged_floors":[],"is_endless":false,"potions_floor_spawned":[5,8,13,16,22],"killed_by":"Gremlin Leader","ascension_level":8}