{"path_per_floor":["M","M","M","M","M","R","E","R","T","R","?","M","M","E","R","B",null,"M","?","?","$","M","R","M","T","T","T","M","E","T","M","R","B",null,"M","M","$","M","M","R","?","M","T","R","?","?","R","M","R"],"character_chosen":"THE_SILENT","items_purchased":["Apotheosis","Noxious Fumes","Letter Opener"],"gold_per_floor":[109,119,131,142,161,161,192,192,192,192,192,208,221,252,252,355,385,397,397,397,43,63,63,73,73,144,144,164,194,217,235,235,339,339,352,369,24,42,52,52,0,10,56,56,56,56,56,70,70],"floor_reached":50,"campfire_rested":5,"playtime":4238,"current_hp_per_floor":[70,70,66,67,69,69,35,35,35,56,62,62,64,61,61,36,94,77,68,68,68,73,73,70,70,70,70,56,19,19,14,43,39,99,96,86,86,64,33,62,62,30,30,59,59,59,59,52,81],"items_purged":["Regret","Decay"],"gold":70,"play_id":"e1461589-833f-4c44-b158-c7ce27b51443","is_prod":false,"is_daily":false,"is_ascension_mode":false,"campfire_upgraded":4,"path_taken":["M","M","M","M","M","R","E","R","T","R","?","?","M","E","R","BOSS","M","?","?","$","M","R","M","?","T","?","M","E","?","M","R","BOSS","M","M","$","M","M","R","?","?","T","R","?","?","R","?","R","BOSS"],"build_version":"2018-01-25-PROD3","purchased_purges":2,"victory":false,"master_deck":["Defend_G+1","Defend_G","Defend_G","Defend_G","Defend_G+1","Strike_G","Strike_G","Strike_G","Strike_G+1","Strike_G","Survivor","Poisoned Stab+1","Skewer+1","Deadly Poison+1","Flying Knee+1","Noxious Fumes+1","Burst","Injury","Clumsy","Well Laid Plans","Apotheosis+1","Noxious Fumes","Noxious Fumes","Noxious Fumes+1","Crippling Poison+1","Bane+1"],"max_hp_per_floor":[70,70,70,70,70,70,70,70,70,70,76,76,76,76,76,76,94,94,99,99,99,99,99,99,99,99,99,99,99,99,99,99,99,99,99,99,99,99,99,99,99,99,99,99,99,99,99,99,99],"relics":["Ring of the Snake","Blood Vial","Toxic Egg","Thread and Needle","Darkstone Periapt","Bottled Tornado","Calling Bell","Tiny Chest","Bag of Marbles","Ninja Scroll","Dodecahedron","Kunai","Peace Pipe","War Paint","Anchor","White Beast Statue","Letter Opener","Red Mask","Whetstone"],"card_choices":[{"not_picked":["Leg Sweep","Dagger Spray"],"picked":"Poisoned Stab"},{"not_picked":["Endless Agony","Well Laid Plans"],"picked":"Skewer"},{"not_picked":["Slice","Bane"],"picked":"Deadly Poison"},{"not_picked":["Prepared","Underhanded Strike"],"picked":"Flying Knee"},{"not_picked":["Sucker Punch","Infinite Blades"],"picked":"Noxious Fumes"},{"not_picked":["Outmaneuver","Dodge and Roll"],"picked":"Flying Knee"},{"not_picked":["Bullet Time","Tactician"],"picked":"Burst"},{"not_picked":["Masterful Stab","Acrobatics"],"picked":"Noxious Fumes"},{"not_picked":["Underhanded Strike","Leg Sweep"],"picked":"Noxious Fumes"},{"not_picked":["Deflect","Slice"],"picked":"Crippling Poison"},{"not_picked":["Dash","Deflect"],"picked":"Bane"}],"player_experience":56761,"potions_floor_usage":[7,14,18,22,24,24,35,35,36,38,42,50,50,50],"damage_taken":[{"damage":0,"enemies":"Jaw Worm","floor":1,"turns":6},{"damage":0,"enemies":"Small Slimes","floor":2,"turns":5},{"damage":4,"enemies":"Blue Slaver","floor":3,"turns":6},{"damage":1,"enemies":"2 Fungi Beasts","floor":4,"turns":5},{"damage":0,"enemies":"Looter","floor":5,"turns":5},{"damage":35,"enemies":"3 Sentries","floor":7,"turns":9},{"damage":2,"enemies":"3 Louse","floor":12,"turns":4},{"damage":0,"enemies":"2 Fungi Beasts","floor":13,"turns":4},{"damage":5,"enemies":"Lagavulin","floor":14,"turns":5},{"damage":27,"enemies":"Hexaghost","floor":16,"turns":9},{"damage":17,"enemies":"2 Thieves","floor":18,"turns":4},{"damage":9,"enemies":"Spheric Guardian","floor":22,"turns":4},{"damage":11,"enemies":"Snecko","floor":24,"turns":5},{"damage":16,"enemies":"Snake Plant","floor":28,"turns":5},{"damage":39,"enemies":"Book of Stabbing","floor":29,"turns":6},{"damage":7,"enemies":"Chosen and Byrds","floor":31,"turns":5},{"damage":6,"enemies":"Champ","floor":33,"turns":9},{"damage":3,"enemies":"3 Shapes","floor":35,"turns":4},{"damage":12,"enemies":"Orb Walker","floor":36,"turns":4},{"damage":24,"enemies":"4 Shapes","floor":38,"turns":5},{"damage":33,"enemies":"Sphere and 2 Shapes","floor":39,"turns":4},{"damage":34,"enemies":"Maw","floor":42,"turns":7},{"damage":9,"enemies":"3 Darklings","floor":48,"turns":6},{"damage":87,"enemies":"Awakened One","floor":50,"turns":10}],"event_choices":[{"event_name":"Big Fish","player_choice":"Box","floor":11,"damage_taken":0},{"event_name":"Forgotten Altar","player_choice":"Shed Blood","floor":19,"damage_taken":0},{"event_name":"The Library","player_choice":"Read","floor":20,"damage_taken":0},{"event_name":"Tomb of Lord Red Mask","player_choice":"Paid","floor":41,"damage_taken":0},{"event_name":"Mysterious Sphere","player_choice":"Ignore","floor":46,"damage_taken":0}],"boss_relics":[{"not_picked":["Orrery","Astrolabe"],"picked":"Calling Bell"},{"not_picked":["Tiny House","Philosopher\u0027s Stone"],"picked":"White Beast Statue"}],"potions_floor_spawned":[1,5,12,14,16,18,31,33,35,36,38,39,42,48],"seed_played":"-4844528794651474598","killed_by":"Awakened One","ascension_level":0,"is_trial":false}