{"path_per_floor":["M","M","M","M","M","R","M","R","T","M","M","R","M","$","R","B",null,"M","M","?","?","M","R"],"character_chosen":"IRONCLAD","items_purchased":["Bronze Scales"],"gold_per_floor":[111,127,147,157,176,176,188,188,188,201,216,216,228,5,5,100,100,114,130,130,130,140,140],"floor_reached":24,"campfire_rested":0,"playtime":875,"current_hp_per_floor":[80,80,80,72,67,67,73,73,73,72,78,78,78,78,78,37,80,79,73,73,57,58,58],"items_purged":["Strike_R"],"gold":140,"score":194,"play_id":"e8569210-7547-4d48-bcb1-06e298492c10","is_prod":false,"is_daily":false,"is_ascension_mode":false,"campfire_upgraded":5,"path_taken":["M","M","M","M","M","R","?","R","T","M","M","R","M","$","R","BOSS","M","M","?","?","M","R","E"],"build_version":"2018-02-15-PROD1","purchased_purges":1,"victory":false,"master_deck":["Strike_R","Strike_R","Defend_R","Defend_R","Defend_R","Defend_R","Bash+1","Heavy Blade+1","Twin Strike","Flex+1","Ghostly Armor+1","Impervious","Shrug It Off","Feed+1","Heavy Blade+1","Headbutt"],"max_hp_per_floor":[80,80,80,80,80,80,80,80,80,80,80,80,80,80,80,80,80,83,83,83,83,83,83],"relics":["Burning Blood","Ginger","Bronze Scales","Sozu","Nilry\u0027s Codex"],"card_choices":[{"not_picked":["Thunderclap","Perfected Strike"],"picked":"Heavy Blade"},{"not_picked":["Thunderclap","Bloodletting"],"picked":"Twin Strike"},{"not_picked":["Rupture","Whirlwind"],"picked":"Flex"},{"not_picked":["Evolve","Perfected Strike"],"picked":"Ghostly Armor"},{"not_picked":["Hemokinesis","Pummel"],"picked":"Impervious"},{"not_picked":["Wild Strike","Second Wind"],"picked":"Shrug It Off"},{"not_picked":["Berserk","Juggernaut"],"picked":"Feed"},{"not_picked":["Thunderclap","Wild Strike"],"picked":"Heavy Blade"},{"not_picked":["Pummel","Battle Trance"],"picked":"Headbutt"}],"player_experience":125764,"potions_floor_usage":[],"damage_taken":[{"damage":6,"enemies":"Cultist","floor":1,"turns":3},{"damage":6,"enemies":"Jaw Worm","floor":2,"turns":3},{"damage":0,"enemies":"Small Slimes","floor":3,"turns":3},{"damage":14,"enemies":"Blue Slaver","floor":4,"turns":3},{"damage":11,"enemies":"Lots of Slimes","floor":5,"turns":5},{"damage":0,"enemies":"Looter","floor":7,"turns":2},{"damage":7,"enemies":"3 Louse","floor":10,"turns":5},{"damage":0,"enemies":"2 Fungi Beasts","floor":11,"turns":2},{"damage":6,"enemies":"Exordium Wildlife","floor":13,"turns":4},{"damage":47,"enemies":"The Guardian","floor":16,"turns":15},{"damage":10,"enemies":"Spheric Guardian","floor":18,"turns":4},{"damage":12,"enemies":"Shell Parasite","floor":19,"turns":6},{"damage":5,"enemies":"Snake Plant","floor":22,"turns":3},{"damage":59,"enemies":"Gremlin Leader","floor":24,"turns":8}],"event_choices":[{"event_name":"Back to Basics","player_choice":"Elegance","floor":20,"damage_taken":0},{"event_name":"Cursed Tome","player_choice":"Obtained Book","floor":21,"damage_taken":0}],"boss_relics":[{"not_picked":["Eternal Feather","Runic Pyramid"],"picked":"Sozu"}],"potions_floor_spawned":[4,5,13,22],"seed_played":"4160752091558476377","killed_by":"Gremlin Leader","ascension_level":0,"is_trial":false}