{"gold_per_floor":[118,137,157,157,157,157,191,191,216,248,260,42,42,62,62,62],"floor_reached":16,"playtime":618,"items_purged":[],"score":138,"play_id":"3c2c40fe-ead1-4ba5-bed0-2c61d8471dca","local_time":"20190416205344","is_ascension_mode":true,"campfire_choices":[{"data":"Infernal Blade","floor":6,"key":"SMITH"},{"floor":8,"key":"REST"},{"data":"Dual Wield","floor":13,"key":"SMITH"},{"data":"Whirlwind","floor":15,"key":"SMITH"}],"neow_cost":"NONE","seed_source_timestamp":38701431506412,"circlet_count":0,"master_deck":["Strike_R","Strike_R","Strike_R","Strike_R","Strike_R","Defend_R","Defend_R","Defend_R","Defend_R","Bash+1","Fiend Fire","Burning Pact","Shrug It Off","Infernal Blade+1","Feel No Pain","Clothesline","Whirlwind+1","Dual Wield+1","Pommel Strike"],"relics":["Burning Blood","Juzu Bracelet","Dodecahedron","Regal Pillow","Ancient Tea Set","Oddly Smooth Stone"],"potions_floor_usage":[7,10,16],"damage_taken":[{"damage":6,"enemies":"Cultist","floor":1,"turns":3},{"damage":12,"enemies":"Jaw Worm","floor":2,"turns":2},{"damage":0,"enemies":"2 Louse","floor":3,"turns":2},{"damage":33,"enemies":"Gremlin Nob","floor":7,"turns":4},{"damage":18,"enemies":"Lagavulin","floor":10,"turns":5},{"damage":11,"enemies":"Looter","floor":11,"turns":2},{"damage":3,"enemies":"Blue Slaver","floor":14,"turns":3},{"damage":46,"enemies":"The Guardian","floor":16,"turns":7}],"seed_played":"-8356521745004129174","potions_obtained":[{"floor":1,"key":"Ancient Potion"},{"floor":2,"key":"Weak Potion"},{"floor":7,"key":"Energy Potion"},{"floor":14,"key":"EssenceOfSteel"}],"is_trial":false,"path_per_floor":["M","M","M","?","?","R","E","R","T","E","M","$","R","M","R","B"],"character_chosen":"IRONCLAD","items_purchased":["Oddly Smooth Stone","Dual Wield"],"campfire_rested":1,"item_purchase_floors":[12,12],"current_hp_per_floor":[80,74,80,62,62,62,35,59,59,47,42,42,42,45,45,0],"gold":62,"neow_bonus":"ONE_RANDOM_RARE_CARD","is_prod":false,"is_daily":false,"chose_seed":false,"campfire_upgraded":3,"win_rate":0,"timestamp":1555462424,"path_taken":["M","M","M","?","?","R","E","R","T","E","M","?","R","M","R","BOSS"],"build_version":"2019-01-23","purchased_purges":0,"victory":false,"max_hp_per_floor":[80,80,80,80,80,80,80,80,80,80,80,80,80,80,80,80],"card_choices":[{"not_picked":["Warcry","Heavy Blade"],"picked":"Burning Pact","floor":1},{"not_picked":["Ghostly Armor","Dual Wield"],"picked":"Shrug It Off","floor":2},{"not_picked":["Body Slam","Perfected Strike"],"picked":"Infernal Blade","floor":3},{"not_picked":["Second Wind","Shrug It Off"],"picked":"Feel No Pain","floor":7},{"not_picked":["True Grit","Power Through"],"picked":"Clothesline","floor":10},{"not_picked":["Twin Strike","Havoc"],"picked":"Whirlwind","floor":11},{"not_picked":["True Grit","Offering"],"picked":"Pommel Strike","floor":14}],"player_experience":308591,"relics_obtained":[{"floor":7,"key":"Dodecahedron"},{"floor":9,"key":"Regal Pillow"},{"floor":10,"key":"Ancient Tea Set"}],"event_choices":[{"damage_healed":0,"gold_gain":0,"player_choice":"Success","damage_taken":18,"relics_obtained":["Juzu Bracelet"],"max_hp_gain":0,"max_hp_loss":0,"event_name":"Scrap Ooze","floor":4,"gold_loss":0},{"damage_healed":0,"gold_gain":0,"player_choice":"Grow","damage_taken":0,"max_hp_gain":0,"max_hp_loss":0,"event_name":"Living Wall","floor":5,"gold_loss":0,"cards_upgraded":["Bash"]}],"is_beta":false,"boss_relics":[],"items_purged_floors":[],"is_endless":false,"potions_floor_spawned":[1,2,7,14],"killed_by":"The Guardian","ascension_level":5}