{"gold_per_floor":[109,109,109,25,50,50,94,94,172,172,216,216,232,272,272,272],"floor_reached":16,"playtime":419,"items_purged":[],"score":282,"play_id":"57a7ce1b-b2b0-49d3-95b4-ccc0423887de","local_time":"20190424004814","is_ascension_mode":true,"campfire_choices":[{"data":"Zap","floor":6,"key":"SMITH"},{"data":"Capacitor","floor":8,"key":"SMITH"},{"floor":12,"key":"REST"},{"floor":15,"key":"REST"}],"neow_cost":"NONE","seed_source_timestamp":36426829720295,"circlet_count":0,"master_deck":["AscendersBane","Strike_B","Strike_B+1","Strike_B","Strike_B","Defend_B","Defend_B","Defend_B","Defend_B","Zap+1","Dualcast+1","Gash","Capacitor+1","Leap","Compile Driver","Glacier","Genetic Algorithm","Steam"],"relics":["Cracked Core","NeowsBlessing","Golden Idol","Oddly Smooth Stone","Incense Burner","Kunai","Mummified Hand","Letter Opener"],"potions_floor_usage":[],"damage_taken":[{"damage":0,"enemies":"2 Louse","floor":1,"turns":1},{"damage":0,"enemies":"Small Slimes","floor":5,"turns":1},{"damage":0,"enemies":"3 Sentries","floor":7,"turns":2},{"damage":71,"enemies":"Gremlin Nob","floor":11,"turns":5},{"damage":0,"enemies":"Jaw Worm","floor":13,"turns":2},{"damage":12,"enemies":"3 Sentries","floor":14,"turns":12},{"damage":43,"enemies":"The Guardian","floor":16,"turns":8}],"seed_played":"8103628973185399372","potions_obtained":[{"floor":7,"key":"FairyPotion"}],"is_trial":false,"path_per_floor":["M","?","?","$","M","R","E","R","T","?","E","R","M","E","R","B"],"character_chosen":"DEFECT","items_purchased":["Capacitor"],"campfire_rested":2,"item_purchase_floors":[4],"current_hp_per_floor":[64,64,59,59,59,59,59,59,59,40,6,25,25,13,32,0],"gold":272,"neow_bonus":"THREE_ENEMY_KILL","is_prod":false,"is_daily":false,"chose_seed":false,"campfire_upgraded":2,"win_rate":0,"timestamp":1556059694,"path_taken":["M","?","?","?","M","R","E","R","T","?","E","R","M","E","R","BOSS"],"build_version":"2019-04-21","purchased_purges":0,"victory":false,"max_hp_per_floor":[71,64,64,64,64,64,64,64,64,64,64,64,64,64,64,64],"card_choices":[{"not_picked":["Compile Driver","Aggregate"],"picked":"Gash","floor":1},{"not_picked":["Redo","Cold Snap"],"picked":"Leap","floor":5},{"not_picked":["Redo","Turbo"],"picked":"Compile Driver","floor":7},{"not_picked":["Beam Cell","Stack"],"picked":"Glacier","floor":11},{"not_picked":["Redo","Lockon"],"picked":"Genetic Algorithm","floor":13},{"not_picked":["Streamline","Stack"],"picked":"Steam","floor":14}],"player_experience":1200384,"relics_obtained":[{"floor":7,"key":"Incense Burner"},{"floor":9,"key":"Kunai"},{"floor":11,"key":"Mummified Hand"},{"floor":14,"key":"Letter Opener"}],"event_choices":[{"damage_healed":0,"gold_gain":0,"player_choice":"Lose Max HP","damage_taken":0,"relics_obtained":["Golden Idol"],"max_hp_gain":0,"max_hp_loss":7,"event_name":"Golden Idol","floor":2,"gold_loss":0},{"damage_healed":0,"gold_gain":0,"player_choice":"Success","damage_taken":5,"relics_obtained":["Oddly Smooth Stone"],"max_hp_gain":0,"max_hp_loss":0,"event_name":"Scrap Ooze","floor":3,"gold_loss":0},{"damage_healed":0,"gold_gain":0,"player_choice":"Entered Light","damage_taken":19,"max_hp_gain":0,"max_hp_loss":0,"event_name":"Shining Light","floor":10,"gold_loss":0,"cards_upgraded":["Strike_B","Dualcast"]}],"is_beta":true,"boss_relics":[],"items_purged_floors":[],"is_endless":false,"potions_floor_spawned":[7],"killed_by":"The Guardian","ascension_level":20}