{"gold_per_floor":[109,384,156,172,172,172,202,261,285,297,175,210,248,301,301,378,378,414,403,57,77],"floor_reached":21,"playtime":654,"items_purged":["Regret"],"score":347,"play_id":"990ca8fb-9fee-4c01-bd8b-f22c41fa0b7c","local_time":"20190425223712","is_ascension_mode":true,"campfire_choices":[{"data":"Go for the Eyes","floor":6.0,"key":"SMITH"},{"floor":10.0,"key":"REST"},{"data":"Defragment","floor":15,"key":"SMITH"}],"neow_cost":"NONE","seed_source_timestamp":31211273092500,"circlet_count":0,"master_deck":["AscendersBane","Strike_B","Strike_B","Strike_B","Strike_B","Defend_B","Defend_B","Defend_B","Defend_B","Zap+1","Dualcast","Sunder","Go for the Eyes+1","Creative AI","Steam","HandOfGreed","Leap","Defragment+1","Electrodynamics"],"special_seed":0,"relics":["Cracked Core","NeowsBlessing","Omamori","Lantern","The Courier","MawBank","Inserter","Anchor","Strawberry","Bag of Preparation"],"potions_floor_usage":[13,16,16,21],"damage_taken":[{"damage":0.0,"enemies":"Small Slimes","floor":1.0,"turns":1.0},{"damage":0.0,"enemies":"Cultist","floor":4.0,"turns":1.0},{"damage":0.0,"enemies":"3 Sentries","floor":7.0,"turns":1.0},{"damage":34.0,"enemies":"Gremlin Nob","floor":8.0,"turns":5.0},{"damage":1.0,"enemies":"2 Louse","floor":12.0,"turns":2.0},{"damage":0,"enemies":"Looter","floor":13,"turns":3},{"damage":22,"enemies":"Exordium Wildlife","floor":14,"turns":6},{"damage":15,"enemies":"Hexaghost","floor":16,"turns":8},{"damage":14,"enemies":"3 Byrds","floor":18,"turns":3},{"damage":28,"enemies":"2 Thieves","floor":19,"turns":4},{"damage":25,"enemies":"Shelled Parasite and Fungi","floor":21,"turns":7}],"seed_played":"2341591745029905713","potions_obtained":[{"floor":1.0,"key":"FocusPotion"},{"floor":4.0,"key":"SkillPotion"},{"floor":14,"key":"FocusPotion"},{"floor":16,"key":"Block Potion"},{"floor":19,"key":"Strength Potion"}],"is_trial":false,"path_per_floor":["M","?","$","M","?","R","E","?","T","R","$","M","M","M","R","B",null,"M","M","$","M"],"character_chosen":"DEFECT","items_purchased":["Omamori","HandOfGreed","Anchor","Strawberry","Bag of Preparation"],"campfire_rested":1,"item_purchase_floors":[3,11,20,20,20],"current_hp_per_floor":[64,64,64,64,64,64,64,30,30,51,51,50,50,28,28,13,57,43,15,22,0],"gold":77,"neow_bonus":"THREE_ENEMY_KILL","is_prod":false,"is_daily":false,"chose_seed":false,"campfire_upgraded":2,"win_rate":0,"timestamp":1556246232,"path_taken":["M","?","$","?","?","R","E","?","T","R","$","M","M","M","R","BOSS","M","M","$","M"],"build_version":"2019-01-23","purchased_purges":1,"victory":false,"max_hp_per_floor":[71,71,71,71,71,71,71,71,71,71,71,71,71,71,71,71,71,71,71,78,78],"card_choices":[{"not_picked":["Aggregate","Rebound"],"picked":"Sunder","floor":1.0},{"not_picked":["Stack","Scrape"],"picked":"Go for the Eyes","floor":4.0},{"not_picked":["Turbo","Core Surge"],"picked":"Creative AI","floor":7.0},{"not_picked":["Compile Driver","Sunder"],"picked":"Steam","floor":8.0},{"not_picked":["Compile Driver","Go for the Eyes"],"picked":"Leap","floor":12.0},{"not_picked":["Rebound","Hologram","Reprogram"],"picked":"SKIP","floor":13},{"not_picked":["Redo","Scrape"],"picked":"Defragment","floor":14},{"not_picked":["Rainbow","Creative AI"],"picked":"Electrodynamics","floor":16},{"not_picked":["Beam Cell","Lockon","Hologram"],"picked":"SKIP","floor":18},{"not_picked":["Compile Driver","Gash","Hologram"],"picked":"SKIP","floor":19}],"player_experience":630475,"relics_obtained":[{"floor":7.0,"key":"Lantern"},{"floor":8.0,"key":"The Courier"},{"floor":9.0,"key":"MawBank"}],"event_choices":[{"damage_healed":0.0,"max_hp_gain":0.0,"max_hp_loss":0.0,"gold_gain":275.0,"event_name":"Golden Shrine","player_choice":"Desecrate","floor":2.0,"gold_loss":0.0,"damage_taken":0.0,"cards_obtained":["Regret"]},{"damage_healed":0.0,"max_hp_gain":0.0,"max_hp_loss":0.0,"gold_gain":0.0,"event_name":"Living Wall","player_choice":"Grow","floor":5.0,"gold_loss":0.0,"damage_taken":0.0,"cards_upgraded":["Zap"]},{"damage_healed":0.0,"max_hp_gain":0.0,"max_hp_loss":0.0,"gold_gain":0.0,"event_name":"Dead Adventurer","player_choice":"Searched \u00271\u0027 times","floor":8.0,"gold_loss":0.0,"damage_taken":0.0}],"is_beta":false,"boss_relics":[{"not_picked":["Nuclear Battery","Busted Crown"],"picked":"Inserter"}],"items_purged_floors":[3],"is_endless":false,"potions_floor_spawned":[1,4,14,16,19],"killed_by":"Shelled Parasite and Fungi","ascension_level":14}