{"gold_per_floor":[119,131,150,150,162,189,15,15,15,40,40,14,48,102,102,205,205,219,237,254,266,191,222,222,5,5,36,136,146,146,173,173,269,269,285,285,297,128,140,140,140,140,140,155,171,187,220,8,8,8,8,8,8,39,39],"floor_reached":55,"playtime":9493,"items_purged":["Strike_B","Writhe","Streamline"],"score":811,"play_id":"8c6bc2dd-c96e-4c54-9713-a1658a3c2b57","local_time":"20190412225656","is_ascension_mode":true,"campfire_choices":[{"data":"Go for the Eyes","floor":8,"key":"SMITH"},{"floor":15,"key":"REST"},{"floor":24,"key":"REST"},{"floor":32,"key":"REST"},{"data":"White Noise","floor":40,"key":"SMITH"},{"data":"Echo Form","floor":42,"key":"SMITH"},{"floor":49,"key":"RECALL"},{"data":"Gash","floor":52,"key":"SMITH"}],"neow_cost":"NONE","seed_source_timestamp":144560425354900,"circlet_count":0,"master_deck":["Strike_B","Defend_B","Defend_B","Defend_B","Defend_B","Zap","Dualcast","Skim","Go for the Eyes+1","Gash+1","Compile Driver","Gash","Ball Lightning","Rebound","BootSequence","Sunder","Echo Form+1","Stack+1","Beam Cell+1","Gash","FTL","Hologram","Rebound","Glacier","Reprogram","Glacier","All For One","White Noise+1","Bandage Up","Double Energy","Hologram","Steam+1","PanicButton"],"relics":["Cracked Core","Unceasing Top","Mango","Shuriken","Strawberry","Dream Catcher","Philosopher\u0027s Stone","Symbiotic Virus","Bag of Marbles","Thread and Needle","Dodecahedron","StoneCalendar","Pear","Potion Belt","DataDisk","Runic Pyramid","Regal Pillow","Pantograph"],"potions_floor_usage":[4,6,10,10,13,27,31,33,50,50,55,55,55],"damage_taken":[{"damage":4,"enemies":"Jaw Worm","floor":1,"turns":4},{"damage":1,"enemies":"Cultist","floor":2,"turns":3},{"damage":8,"enemies":"Small Slimes","floor":3,"turns":3},{"damage":7,"enemies":"3 Louse","floor":5,"turns":4},{"damage":22,"enemies":"Lagavulin","floor":6,"turns":9},{"damage":14,"enemies":"Gremlin Nob","floor":10,"turns":3},{"damage":22,"enemies":"3 Sentries","floor":13,"turns":4},{"damage":22,"enemies":"Slime Boss","floor":16,"turns":9},{"damage":5,"enemies":"Shell Parasite","floor":18,"turns":4},{"damage":38,"enemies":"3 Byrds","floor":19,"turns":5},{"damage":6,"enemies":"Centurion and Healer","floor":20,"turns":5},{"damage":17,"enemies":"Sentry and Sphere","floor":21,"turns":5},{"damage":20,"enemies":"Book of Stabbing","floor":23,"turns":4},{"damage":10,"enemies":"Slavers","floor":27,"turns":4},{"damage":3,"enemies":"Colosseum Slavers","floor":28,"turns":5},{"damage":11,"enemies":"Colosseum Nobs","floor":28,"turns":3},{"damage":6,"enemies":"3 Cultists","floor":29,"turns":5},{"damage":18,"enemies":"Gremlin Leader","floor":31,"turns":5},{"damage":27,"enemies":"Collector","floor":33,"turns":9},{"damage":5,"enemies":"3 Darklings","floor":35,"turns":5},{"damage":0,"enemies":"3 Shapes","floor":37,"turns":3},{"damage":16,"enemies":"Writhing Mass","floor":39,"turns":6},{"damage":0,"enemies":"Transient","floor":44,"turns":5},{"damage":0,"enemies":"3 Darklings","floor":45,"turns":7},{"damage":4,"enemies":"Spire Growth","floor":46,"turns":5},{"damage":8,"enemies":"Nemesis","floor":47,"turns":5},{"damage":67,"enemies":"Awakened One","floor":50,"turns":11},{"damage":10,"enemies":"Shield and Spear","floor":54,"turns":6},{"damage":120,"enemies":"The Heart","floor":55,"turns":12}],"seed_played":"-9066943811663527260","potions_obtained":[{"floor":2,"key":"Block Potion"},{"floor":3,"key":"LiquidBronze"},{"floor":4,"key":"Fruit Juice"},{"floor":4,"key":"Swift Potion"},{"floor":4,"key":"FearPotion"},{"floor":16,"key":"Weak Potion"},{"floor":18,"key":"SpeedPotion"},{"floor":23,"key":"EssenceOfSteel"},{"floor":29,"key":"Weak Potion"},{"floor":33,"key":"AttackPotion"},{"floor":35,"key":"Block Potion"},{"floor":37,"key":"SkillPotion"},{"floor":44,"key":"PowerPotion"}],"is_trial":false,"path_per_floor":["?","$","T","M","?","?","?","?","?","M","$"],"character_chosen":"DEFECT","items_purchased":["Ball Lightning","Fire Potion","Rebound","Hologram","Bag of Marbles","Rebound","Double Energy","PanicButton"],"campfire_rested":3,"item_purchase_floors":[7,7,12,25,25,25,38,48],"current_hp_per_floor":[71,70,62,67,60,38,38,38,52,38,38,38,23,23,53,31,101,96,58,52,35,35,15,45,45,45,35,31,25,25,7,40,13,111,106,106,106,106,98,98,98,98,98,102,106,102,94,94,94,31,111,111,111,109,0],"gold":39,"neow_bonus":"TRANSFORM_CARD","is_prod":false,"is_daily":false,"chose_seed":false,"campfire_upgraded":4,"win_rate":0,"timestamp":1555106216,"path_taken":["M","M","M","?","M","E","$","R","T","E","?","$","E","?","R","BOSS","M","M","?","M","?","E","R","$","T","E","?","M","?","E","R","BOSS","M","?","M","$","M","R","?","R","T","?","M","M","E","?","R","BOSS","R","$","E","BOSS"],"build_version":"2019-01-23","purchased_purges":3,"victory":false,"max_hp_per_floor":[75,75,75,80,80,80,80,80,94,94,94,94,101,101,101,101,101,101,101,101,101,101,101,101,101,101,101,111,111,111,111,111,111,111,111,111,111,111,111,111,111,111,111,111,111,111,111,111,111,111,111,111,111,111,111],"card_choices":[{"not_picked":["Skim","Streamline"],"picked":"Go for the Eyes","floor":1},{"not_picked":["Barrage","Storm"],"picked":"Gash","floor":2},{"not_picked":["Go for the Eyes","Hologram"],"picked":"Conserve Battery","floor":3},{"not_picked":["Hello World","Streamline"],"picked":"Compile Driver","floor":5},{"not_picked":["Turbo","Chaos"],"picked":"Gash","floor":6},{"not_picked":["Rebound","Stack"],"picked":"Streamline","floor":10},{"not_picked":["Leap","Force Field"],"picked":"BootSequence","floor":13},{"not_picked":["Conserve Battery","Rainbow"],"picked":"Sunder","floor":15},{"not_picked":["Biased Cognition","Machine Learning"],"picked":"Echo Form","floor":16},{"not_picked":["Force Field","Steam","Compile Driver"],"picked":"SKIP","floor":18},{"not_picked":["Defragment","Go for the Eyes"],"picked":"Stack+1","floor":19},{"not_picked":["Rip and Tear","Rebound"],"picked":"Beam Cell+1","floor":20},{"not_picked":["Turbo+1","Compile Driver+1"],"picked":"Gash","floor":21},{"not_picked":["Reprogram+1","Biased Cognition"],"picked":"FTL","floor":23},{"not_picked":["Sunder+1","Steam Power"],"picked":"Glacier","floor":27},{"not_picked":["Leap","Stack"],"picked":"Reprogram","floor":28},{"not_picked":["Redo","Cold Snap","Compile Driver+1"],"picked":"SKIP","floor":29},{"not_picked":["Streamline","Blizzard","Rebound"],"picked":"SKIP","floor":31},{"not_picked":["Steam+1","Beam Cell"],"picked":"Glacier","floor":32},{"not_picked":["Buffer","Multi-Cast"],"picked":"All For One","floor":33},{"not_picked":["Force Field","Hologram"],"picked":"White Noise","floor":35},{"not_picked":["Metamorphosis","Thinking Ahead"],"picked":"Bandage Up","floor":36},{"not_picked":["Streamline","Force Field","Genetic Algorithm+1"],"picked":"SKIP","floor":37},{"not_picked":["Redo+1","Conserve Battery+1","Scrape"],"picked":"SKIP","floor":39},{"not_picked":["Tempest+1","Ball Lightning"],"picked":"Hologram","floor":44},{"not_picked":["Conserve Battery+1","Stack","Leap"],"picked":"SKIP","floor":45},{"not_picked":["Hologram+1","Consume"],"picked":"Steam+1","floor":46},{"not_picked":["Fusion","Coolheaded","Sweeping Beam"],"picked":"SKIP","floor":47},{"not_picked":["Steam Power+1","Scrape+1","Multi-Cast"],"picked":"SKIP","floor":54}],"player_experience":572739,"relics_obtained":[{"floor":6,"key":"Unceasing Top"},{"floor":9,"key":"Mango"},{"floor":10,"key":"Shuriken"},{"floor":13,"key":"Strawberry"},{"floor":14,"key":"Dream Catcher"},{"floor":23,"key":"Symbiotic Virus"},{"floor":26,"key":"Thread and Needle"},{"floor":27,"key":"Dodecahedron"},{"floor":28,"key":"StoneCalendar"},{"floor":28,"key":"Pear"},{"floor":31,"key":"DataDisk"},{"floor":47,"key":"Regal Pillow"},{"floor":54,"key":"Pantograph"}],"event_choices":[{"damage_healed":0,"gold_gain":0,"player_choice":"Got Potions","damage_taken":0,"max_hp_gain":0,"max_hp_loss":0,"event_name":"Lab","floor":4,"gold_loss":0},{"cards_removed":["Strike_B"],"damage_healed":0,"gold_gain":0,"player_choice":"Gave Gold","damage_taken":0,"max_hp_gain":0,"max_hp_loss":0,"event_name":"Beggar","floor":22,"gold_loss":75},{"damage_healed":0,"gold_gain":0,"player_choice":"Fight","damage_taken":0,"max_hp_gain":0,"max_hp_loss":0,"event_name":"Colosseum","floor":28,"gold_loss":0},{"damage_healed":0,"gold_gain":0,"player_choice":"Fought Nobs","damage_taken":0,"max_hp_gain":0,"max_hp_loss":0,"event_name":"Colosseum","floor":28,"gold_loss":0},{"damage_healed":0,"gold_gain":0,"player_choice":"Opened","damage_taken":0,"relics_obtained":["Potion Belt"],"max_hp_gain":0,"max_hp_loss":0,"event_name":"The Mausoleum","floor":30,"gold_loss":0,"cards_obtained":["Writhe"]},{"damage_healed":0,"gold_gain":0,"player_choice":"Memory 1","damage_taken":0,"max_hp_gain":0,"max_hp_loss":0,"event_name":"SensoryStone","floor":36,"gold_loss":0},{"cards_removed":["Conserve Battery"],"damage_healed":0,"gold_gain":0,"player_choice":"Removed Skill","damage_taken":0,"max_hp_gain":0,"max_hp_loss":0,"event_name":"Falling","floor":41,"gold_loss":0}],"is_beta":false,"boss_relics":[{"not_picked":["Calling Bell","Velvet Choker"],"picked":"Philosopher\u0027s Stone"},{"not_picked":["Orrery","Coffee Dripper"],"picked":"Runic Pyramid"}],"items_purged_floors":[7,38,48],"is_endless":false,"potions_floor_spawned":[2,3,5,16,18,23,28,29,33,35,37,44,46],"killed_by":"The Heart","ascension_level":1}