{"gold_per_floor":[115,129,148,148,223,223,256,256,325,338,1,36,36,36,36,113,113,124,124,144,160,173,173,190,221,221,221,254,254,264,297,297,297],"floor_reached":33,"playtime":2276,"items_purged":["Strike_G"],"score":730,"play_id":"196ff09a-ad51-4db1-aeff-90a1b01427e6","local_time":"20190424185924","is_ascension_mode":true,"campfire_choices":[{"data":"Deadly Poison","floor":6,"key":"SMITH"},{"floor":8,"key":"REST"},{"data":"Malaise","floor":13,"key":"SMITH"},{"data":"Dagger Spray","floor":15,"key":"SMITH"},{"data":"A Thousand Cuts","floor":23,"key":"SMITH"},{"data":"Crippling Poison","floor":27,"key":"SMITH"},{"data":"Calculated Gamble","floor":29,"key":"SMITH"},{"data":"Calculated Gamble","floor":32,"key":"SMITH"}],"neow_cost":"NONE","seed_source_timestamp":543370905538430,"circlet_count":0,"master_deck":["AscendersBane","Defend_G","Defend_G","Defend_G","Defend_G","Defend_G","Strike_G","Strike_G","Strike_G","Strike_G","Survivor","Neutralize+1","Sucker Punch+1","Quick Slash","Deadly Poison+1","Dagger Spray+1","Well Laid Plans","Malaise+1","Calculated Gamble+1","A Thousand Cuts+1","Leg Sweep+1","Crippling Poison+1","Backstab+1","Leg Sweep+1","PiercingWail+1","Caltrops","Dodge and Roll","Calculated Gamble","Acrobatics","Calculated Gamble+1"],"relics":["Ring of the Snake","Blood Vial","Letter Opener","Coffee Dripper","Dodecahedron","Omamori","Tough Bandages","Tingsha"],"potions_floor_usage":[7,12,16,22,33,33],"damage_taken":[{"damage":3,"enemies":"Jaw Worm","floor":1,"turns":6},{"damage":6,"enemies":"Small Slimes","floor":2,"turns":4},{"damage":0,"enemies":"2 Louse","floor":3,"turns":4},{"damage":34,"enemies":"Gremlin Nob","floor":7,"turns":4},{"damage":1,"enemies":"Looter","floor":10,"turns":4},{"damage":5,"enemies":"Lagavulin","floor":12,"turns":8},{"damage":0,"enemies":"The Guardian","floor":16,"turns":14},{"damage":0,"enemies":"3 Byrds","floor":18,"turns":4},{"damage":10,"enemies":"2 Thieves","floor":20,"turns":4},{"damage":6,"enemies":"Snecko","floor":21,"turns":7},{"damage":1,"enemies":"Centurion and Healer","floor":22,"turns":8},{"damage":0,"enemies":"Snake Plant","floor":24,"turns":5},{"damage":12,"enemies":"Gremlin Leader","floor":25,"turns":6},{"damage":21,"enemies":"Slavers","floor":28,"turns":6},{"damage":12,"enemies":"Snecko","floor":30,"turns":7},{"damage":8,"enemies":"Book of Stabbing","floor":31,"turns":7},{"damage":17,"enemies":"Champ","floor":33,"turns":11}],"seed_played":"-4762072459320793180","potions_obtained":[{"floor":2,"key":"Explosive Potion"},{"floor":3,"key":"GamblersBrew"},{"floor":10,"key":"SpeedPotion"},{"floor":20,"key":"GamblersBrew"},{"floor":21,"key":"Poison Potion"},{"floor":22,"key":"Ancient Potion"},{"floor":31,"key":"Block Potion"}],"is_trial":false,"path_per_floor":["?","?","?","?"],"character_chosen":"THE_SILENT","items_purchased":["Well Laid Plans","Malaise"],"campfire_rested":1,"item_purchase_floors":[11,11],"current_hp_per_floor":[62,56,56,56,45,45,11,32,32,33,33,30,30,8,8,10,57,59,59,51,47,48,48,50,40,40,40,21,21,11,5,5,0],"gold":297,"neow_bonus":"TEN_PERCENT_HP_BONUS","is_prod":false,"is_daily":false,"chose_seed":false,"campfire_upgraded":7,"win_rate":0,"timestamp":1556121564,"path_taken":["M","M","M","?","?","R","E","R","T","M","$","E","R","?","R","BOSS","M","?","M","M","M","R","M","E","T","R","E","R","M","E","R","BOSS"],"build_version":"2019-01-23","purchased_purges":1,"victory":false,"max_hp_per_floor":[72,72,72,72,72,72,72,72,72,72,72,72,72,72,72,72,72,72,72,72,72,72,72,72,72,72,72,72,72,72,72,72,72],"card_choices":[{"not_picked":["Slice","Acrobatics"],"picked":"Sucker Punch","floor":1},{"not_picked":["Acrobatics","Sucker Punch"],"picked":"Quick Slash","floor":2},{"not_picked":["Infinite Blades","Storm of Steel"],"picked":"Deadly Poison","floor":3},{"not_picked":["Expertise","Quick Slash"],"picked":"Dagger Spray","floor":7},{"not_picked":["Flying Knee","Poisoned Stab","Outmaneuver"],"picked":"SKIP","floor":10},{"not_picked":["A Thousand Cuts","Setup"],"picked":"Calculated Gamble","floor":12},{"not_picked":["Glass Knife","Malaise"],"picked":"A Thousand Cuts","floor":16},{"not_picked":["Dodge and Roll","Bane"],"picked":"Leg Sweep+1","floor":18},{"not_picked":["Poisoned Stab","Dagger Throw"],"picked":"Backstab+1","floor":20},{"not_picked":["Cloak And Dagger","Blade Dance"],"picked":"Leg Sweep+1","floor":21},{"not_picked":["Crippling Poison","Underhanded Strike+1"],"picked":"PiercingWail+1","floor":22},{"not_picked":["Dagger Spray","Tools of the Trade"],"picked":"Caltrops","floor":24},{"not_picked":["Caltrops","Predator"],"picked":"Dodge and Roll","floor":25},{"not_picked":["Bane","Tactician"],"picked":"Calculated Gamble","floor":28},{"not_picked":["Reflex","Underhanded Strike"],"picked":"Acrobatics","floor":30},{"not_picked":["Dagger Spray","Accuracy+1"],"picked":"Calculated Gamble","floor":31}],"player_experience":1855999,"relics_obtained":[{"floor":7,"key":"Blood Vial"},{"floor":12,"key":"Letter Opener"},{"floor":25,"key":"Dodecahedron"},{"floor":26,"key":"Omamori"},{"floor":28,"key":"Tough Bandages"},{"floor":31,"key":"Tingsha"}],"event_choices":[{"damage_healed":0,"gold_gain":0,"player_choice":"Fled","damage_taken":0,"max_hp_gain":0,"max_hp_loss":0,"event_name":"Scrap Ooze","floor":4,"gold_loss":0},{"damage_healed":0,"gold_gain":75,"player_choice":"Gather Gold","damage_taken":11,"max_hp_gain":0,"max_hp_loss":0,"event_name":"World of Goop","floor":5,"gold_loss":0},{"damage_healed":0,"gold_gain":0,"player_choice":"Entered Light","damage_taken":22,"max_hp_gain":0,"max_hp_loss":0,"event_name":"Shining Light","floor":14,"gold_loss":0,"cards_upgraded":["Neutralize","Sucker Punch"]},{"damage_healed":0,"gold_gain":0,"player_choice":"Read","damage_taken":0,"max_hp_gain":0,"max_hp_loss":0,"event_name":"The Library","floor":19,"gold_loss":0,"cards_obtained":["Crippling Poison"]}],"is_beta":false,"boss_relics":[{"not_picked":["White Beast Statue","Sozu"],"picked":"Coffee Dripper"}],"items_purged_floors":[11],"is_endless":false,"potions_floor_spawned":[2,3,10,20,21,22,31],"killed_by":"Champ","ascension_level":20}