{"gold_per_floor":[110,129,129,54,54,54,74,37,107,183,133,144,44,44,44,149,149,169,186,0,16,16,33,33,49,49,49,49],"floor_reached":28,"playtime":580,"items_purged":["True Grit","Strike_R"],"score":208,"play_id":"93abe2cd-c418-4c8c-8495-c674fba9f018","local_time":"20190208161911","is_ascension_mode":false,"campfire_choices":[{"data":"Defend_R","floor":6.0,"key":"SMITH"},{"data":"Dropkick","floor":15.0,"key":"SMITH"},{"floor":24,"key":"REST"}],"neow_cost":"NONE","seed_source_timestamp":9914668241900,"circlet_count":0,"master_deck":["Strike_R+1","Strike_R+1","Defend_R+1","Defend_R","Defend_R","Bash+1","Dropkick+1"],"special_seed":0,"relics":["Burning Blood","Gremlin Horn","Toxic Egg 2","Sozu","Mercury Hourglass"],"potions_floor_usage":[16],"damage_taken":[{"damage":0.0,"enemies":"Small Slimes","floor":1.0,"turns":3.0},{"damage":5.0,"enemies":"2 Louse","floor":2.0,"turns":3.0},{"damage":0.0,"enemies":"Jaw Worm","floor":7.0,"turns":4.0},{"damage":16.0,"enemies":"Exordium Thugs","floor":12.0,"turns":4.0},{"damage":48,"enemies":"Slime Boss","floor":16,"turns":8},{"damage":22,"enemies":"2 Thieves","floor":18,"turns":4},{"damage":10,"enemies":"Chosen","floor":19,"turns":3},{"damage":33,"enemies":"Snake Plant","floor":21,"turns":4},{"damage":14,"enemies":"Cultist and Chosen","floor":23,"turns":6},{"damage":10,"enemies":"Chosen and Byrds","floor":25,"turns":6},{"damage":53,"enemies":"Slavers","floor":28,"turns":3}],"seed_played":"4489949179123508508","potions_obtained":[{"floor":1.0,"key":"Strength Potion"}],"is_trial":false,"path_per_floor":["M","M","?","$","?","R","M","$","T","?","?","M","$","T","R","B",null,"M","M","?","M","?","M","R","M","T","$","E"],"character_chosen":"IRONCLAD","items_purchased":["Dropkick"],"campfire_rested":1,"item_purchase_floors":[8],"current_hp_per_floor":[80,80,80,80,64,64,70,70,70,70,70,60,60,60,60,18,80,64,60,60,33,33,25,49,45,45,45,0],"gold":49,"neow_bonus":"UPGRADE_CARD","is_prod":false,"is_daily":false,"chose_seed":false,"campfire_upgraded":2,"win_rate":0,"timestamp":1549660751,"path_taken":["M","M","?","$","?","R","M","$","T","?","?","?","?","?","R","BOSS","M","?","?","M","?","M","R","M","T","$","E"],"build_version":"2019-01-23","purchased_purges":2,"victory":false,"max_hp_per_floor":[80,80,80,80,80,80,80,80,80,80,80,80,80,80,80,80,80,80,80,80,80,80,80,80,80,80,80,80],"card_choices":[{"not_picked":["Evolve","Shrug It Off","Inflame"],"picked":"SKIP","floor":1.0},{"not_picked":["Twin Strike","Perfected Strike","Sentinel"],"picked":"SKIP","floor":2.0},{"not_picked":["Armaments","Anger","Flex"],"picked":"SKIP","floor":7.0},{"not_picked":["Wild Strike","Ghostly Armor","Shockwave"],"picked":"SKIP","floor":12.0},{"not_picked":["Intimidate+1","Inflame","Burning Pact+1"],"picked":"SKIP","floor":18},{"not_picked":["Combust+1","Thunderclap","Disarm+1"],"picked":"SKIP","floor":19},{"not_picked":["Twin Strike","Warcry+1","Corruption"],"picked":"SKIP","floor":21},{"not_picked":["Havoc+1","Sever Soul+1","Armaments+1"],"picked":"SKIP","floor":23},{"not_picked":["Thunderclap","Corruption","Sword Boomerang"],"picked":"SKIP","floor":25}],"player_experience":422215,"relics_obtained":[{"floor":9.0,"key":"Gremlin Horn"},{"floor":14.0,"key":"Toxic Egg 2"},{"floor":26,"key":"Mercury Hourglass"}],"event_choices":[{"damage_healed":0.0,"max_hp_gain":0.0,"max_hp_loss":0.0,"gold_gain":0.0,"cards_transformed":["Strike_R"],"event_name":"Living Wall","player_choice":"Change","floor":3.0,"gold_loss":0.0,"damage_taken":0.0,"cards_obtained":["True Grit"]},{"damage_healed":0.0,"max_hp_gain":0.0,"max_hp_loss":0.0,"gold_gain":0.0,"event_name":"Shining Light","player_choice":"Entered Light","floor":5.0,"gold_loss":0.0,"damage_taken":16.0,"cards_upgraded":["Strike_R","Strike_R"]},{"damage_healed":0.0,"max_hp_gain":0.0,"max_hp_loss":0.0,"gold_gain":76.0,"event_name":"Golden Wing","player_choice":"Gained Gold","floor":10.0,"gold_loss":0.0,"damage_taken":0.0},{"cards_removed":["Defend_R"],"damage_healed":0.0,"max_hp_gain":0.0,"max_hp_loss":0.0,"gold_gain":0.0,"event_name":"The Cleric","player_choice":"Card Removal","floor":11.0,"gold_loss":50.0,"damage_taken":0.0},{"damage_healed":0,"gold_gain":0,"player_choice":"Paid Fearfully","damage_taken":0,"max_hp_gain":0,"max_hp_loss":0,"event_name":"Masked Bandits","floor":20,"gold_loss":186},{"cards_removed":["Strike_R"],"damage_healed":0,"gold_gain":0,"player_choice":"Purged","damage_taken":0,"max_hp_gain":0,"max_hp_loss":0,"event_name":"Purifier","floor":22,"gold_loss":0}],"is_beta":false,"boss_relics":[{"not_picked":["Calling Bell","Eternal Feather"],"picked":"Sozu"}],"items_purged_floors":[4,13],"is_endless":false,"potions_floor_spawned":[1,18,19,23],"killed_by":"Slavers","ascension_level":0}