{"gold_per_floor":[115,190,202,47,47,47,76,76,145,170,170,170,170,170,170,272,272,287,300,319,332,346,346,364,364,413,440,440,5,5,32,32,134,134,146,146,96,114,114,114,114,114,166,196,196,215,215,215,215,215],"floor_reached":51,"playtime":2205,"items_purged":["Strike_G","Strike_G"],"score":1053,"play_id":"7505defd-c6ba-417a-82d7-9d97e845d3b1","local_time":"20190424154637","is_ascension_mode":true,"campfire_choices":[{"data":"Neutralize","floor":6.0,"key":"SMITH"},{"data":"Cloak And Dagger","floor":8.0,"key":"SMITH"},{"data":"Dash","floor":11.0,"key":"SMITH"},{"data":"Infinite Blades","floor":13.0,"key":"SMITH"},{"data":"Neutralize","floor":15.0,"key":"SMITH"},{"data":"Corpse Explosion","floor":23.0,"key":"SMITH"},{"floor":25.0,"key":"REST"},{"floor":28.0,"key":"REST"},{"floor":32.0,"key":"REST"},{"data":"Phantasmal Killer","floor":40,"key":"SMITH"},{"data":"Catalyst","floor":42,"key":"SMITH"},{"floor":45,"key":"REST"},{"data":"Noxious Fumes","floor":47,"key":"SMITH"},{"floor":49,"key":"REST"}],"neow_cost":"NONE","seed_source_timestamp":640003405088757,"circlet_count":0,"master_deck":["Defend_G+1","Defend_G+1","Defend_G+1","Defend_G+1","Defend_G+1","Survivor+1","Neutralize+1","Infinite Blades+1","PiercingWail+1","Cloak And Dagger+1","Dash+1","Neutralize+1","Corpse Explosion+1","PiercingWail+1","Footwork+1","Escape Plan+1","Endless Agony+1","Catalyst+1","Noxious Fumes+1","Deflect+1","Phantasmal Killer+1","Dodge and Roll+1","Distraction+1","Endless Agony+1","Footwork+1"],"special_seed":0,"relics":["Ring of the Snake","NeowsBlessing","Lantern","Du-Vu Doll","Shuriken","Letter Opener","WristBlade","Meat on the Bone","HandDrill","Smiling Mask","Empty Cage","Juzu Bracelet","PreservedInsect","Mark of the Bloom"],"potions_floor_usage":[44,50,50],"damage_taken":[{"damage":0.0,"enemies":"Small Slimes","floor":1.0,"turns":1.0},{"damage":0.0,"enemies":"Cultist","floor":3.0,"turns":1.0},{"damage":0.0,"enemies":"3 Sentries","floor":7.0,"turns":2.0},{"damage":21.0,"enemies":"Lagavulin","floor":10.0,"turns":7.0},{"damage":25.0,"enemies":"Slime Boss","floor":16.0,"turns":9.0},{"damage":1.0,"enemies":"3 Byrds","floor":18.0,"turns":3.0},{"damage":7.0,"enemies":"Shell Parasite","floor":19.0,"turns":6.0},{"damage":14.0,"enemies":"Shelled Parasite and Fungi","floor":20.0,"turns":7.0},{"damage":11.0,"enemies":"Chosen and Byrds","floor":21.0,"turns":6.0},{"damage":19.0,"enemies":"Cultist and Chosen","floor":22.0,"turns":5.0},{"damage":0.0,"enemies":"Centurion and Healer","floor":24.0,"turns":4.0},{"damage":21.0,"enemies":"Book of Stabbing","floor":27.0,"turns":6.0},{"damage":15.0,"enemies":"Slavers","floor":31.0,"turns":4.0},{"damage":28.0,"enemies":"Automaton","floor":33.0,"turns":8.0},{"damage":18.0,"enemies":"3 Shapes","floor":35.0,"turns":5.0},{"damage":10,"enemies":"3 Darklings","floor":38,"turns":5},{"damage":33,"enemies":"Giant Head","floor":44,"turns":9},{"damage":1,"enemies":"4 Shapes","floor":46,"turns":5},{"damage":30,"enemies":"Awakened One","floor":50,"turns":15}],"seed_played":"2923572148775965245","potions_obtained":[{"floor":16.0,"key":"SteroidPotion"},{"floor":19.0,"key":"Ancient Potion"},{"floor":21.0,"key":"SpeedPotion"},{"floor":33.0,"key":"SteroidPotion"},{"floor":38,"key":"Poison Potion"},{"floor":44,"key":"PowerPotion"}],"is_trial":false,"path_per_floor":["M","?","M","$","?","R","E","R","T","E","R","?","R","?","R","B",null,"M","M","M","M","M","R","M","R","T","E","R","$","?","E","R","B",null,"M","?","$","M","?","R","?","R","T","E","R","M","R","?","R","B",null],"character_chosen":"THE_SILENT","items_purchased":["Lantern","HandDrill","Catalyst","Noxious Fumes","Deflect"],"campfire_rested":5,"item_purchase_floors":[4,29,29,29,29],"current_hp_per_floor":[63,56,56,56,49,49,49,49,49,28,28,33,33,33,33,8,58,57,50,36,25,6,6,6,28,28,7,29,29,29,26,48,32,64,46,46,46,48,48,48,48,48,48,27,49,48,48,48,48,18],"gold":215,"neow_bonus":"THREE_ENEMY_KILL","is_prod":false,"is_daily":false,"chose_seed":false,"campfire_upgraded":9,"win_rate":0,"timestamp":1556145997,"path_taken":["M","?","?","$","?","R","E","R","T","E","R","?","R","?","R","BOSS","M","M","?","M","M","R","?","R","T","E","R","$","?","E","R","BOSS","M","?","$","M","?","R","?","R","T","E","R","M","R","?","R","BOSS"],"build_version":"2019-01-23","purchased_purges":2,"victory":true,"max_hp_per_floor":[70,70,70,70,70,70,70,70,70,70,70,75,75,75,75,75,75,75,75,75,75,75,75,75,75,75,75,75,75,75,75,75,75,75,75,75,75,75,75,75,75,75,75,75,75,75,75,75,75,75],"card_choices":[{"not_picked":["Acrobatics","Outmaneuver"],"picked":"Infinite Blades","floor":1.0},{"not_picked":["Concentrate","Deflect"],"picked":"PiercingWail","floor":3.0},{"not_picked":["All Out Attack","Underhanded Strike"],"picked":"Cloak And Dagger","floor":7.0},{"not_picked":["Crippling Poison","Caltrops"],"picked":"Dash","floor":10.0},{"not_picked":["Tools of the Trade","Adrenaline"],"picked":"Corpse Explosion","floor":16.0},{"not_picked":["Backflip","Bane"],"picked":"PiercingWail","floor":18.0},{"not_picked":["Eviscerate","Expertise","Poisoned Stab+1"],"picked":"SKIP","floor":19.0},{"not_picked":["Distraction","Reflex"],"picked":"Footwork+1","floor":20.0},{"not_picked":["Slice","Dagger Throw+1"],"picked":"Escape Plan","floor":21.0},{"not_picked":["Sucker Punch+1","Setup"],"picked":"Slice","floor":22.0},{"not_picked":["Dagger Spray","Predator+1","Concentrate"],"picked":"SKIP","floor":24.0},{"not_picked":["Riddle With Holes","Crippling Poison"],"picked":"Endless Agony","floor":27.0},{"not_picked":["Flechettes+1","Underhanded Strike+1","Outmaneuver"],"picked":"SKIP","floor":31.0},{"not_picked":["Adrenaline","Doppelganger"],"picked":"Phantasmal Killer","floor":33.0},{"not_picked":["Noxious Fumes+1","Prepared+1"],"picked":"Dodge and Roll","floor":35.0},{"not_picked":["Backstab+1","Flying Knee+1"],"picked":"Distraction+1","floor":38},{"not_picked":["Eviscerate","Flechettes"],"picked":"Endless Agony","floor":44},{"not_picked":["Deflect","Bane+1"],"picked":"Footwork+1","floor":46}],"player_experience":232890,"relics_obtained":[{"floor":7.0,"key":"Du-Vu Doll"},{"floor":9.0,"key":"Shuriken"},{"floor":10.0,"key":"Letter Opener"},{"floor":27.0,"key":"Meat on the Bone"},{"floor":31.0,"key":"Smiling Mask"},{"floor":43,"key":"Juzu Bracelet"},{"floor":44,"key":"PreservedInsect"}],"event_choices":[{"damage_healed":0.0,"max_hp_gain":0.0,"max_hp_loss":0.0,"gold_gain":75.0,"event_name":"FaceTrader","player_choice":"Touch","floor":2.0,"gold_loss":0.0,"damage_taken":7.0},{"cards_removed":["Strike_G"],"damage_healed":0.0,"max_hp_gain":0.0,"max_hp_loss":0.0,"gold_gain":0.0,"event_name":"Golden Wing","player_choice":"Card Removal","floor":5.0,"gold_loss":0.0,"damage_taken":7.0},{"damage_healed":0.0,"max_hp_gain":5.0,"max_hp_loss":0.0,"gold_gain":0.0,"event_name":"Big Fish","player_choice":"Donut","floor":12.0,"gold_loss":0.0,"damage_taken":0.0},{"damage_healed":0.0,"max_hp_gain":0.0,"max_hp_loss":0.0,"gold_gain":0.0,"event_name":"Match and Keep!","player_choice":"1 cards matched","floor":14.0,"gold_loss":0.0,"damage_taken":0.0,"cards_obtained":["Neutralize"]},{"damage_healed":0.0,"max_hp_gain":0.0,"max_hp_loss":0.0,"gold_gain":0.0,"event_name":"Vampires","player_choice":"Ignored","floor":30.0,"gold_loss":0.0,"damage_taken":0.0},{"damage_healed":0.0,"max_hp_gain":0.0,"max_hp_loss":0.0,"gold_gain":0.0,"event_name":"Tomb of Lord Red Mask","player_choice":"Ignored","floor":36.0,"gold_loss":0.0,"damage_taken":0.0},{"cards_removed":["Slice"],"damage_healed":0,"gold_gain":0,"player_choice":"Removed Attack","damage_taken":0,"max_hp_gain":0,"max_hp_loss":0,"event_name":"Falling","floor":39,"gold_loss":0},{"damage_healed":0,"gold_gain":0,"player_choice":"Ignored","damage_taken":0,"max_hp_gain":0,"max_hp_loss":0,"event_name":"Mysterious Sphere","floor":41,"gold_loss":0},{"damage_healed":0,"gold_gain":0,"player_choice":"Upgrade","damage_taken":0,"relics_obtained":["Mark of the Bloom"],"max_hp_gain":0,"max_hp_loss":0,"event_name":"MindBloom","floor":48,"gold_loss":0,"cards_upgraded":["Defend_G","Defend_G","Defend_G","Defend_G","Defend_G","Survivor","PiercingWail","PiercingWail","Escape Plan","Endless Agony","Deflect","Dodge and Roll","Endless Agony"]}],"is_beta":false,"boss_relics":[{"not_picked":["Tiny House","Fusion Hammer"],"picked":"WristBlade"},{"not_picked":["Orrery","Calling Bell"],"picked":"Empty Cage"}],"items_purged_floors":[29,37],"is_endless":false,"potions_floor_spawned":[16,19,21,22,24,33,38,44],"ascension_level":9}