{"path_per_floor":["M","M","M","M","?","R","M","E","T","M","R","M","R","M","R","B",null,"M","$","M","M","$","R","E","R","T","M","M","$","?","?","R","B",null,"M","?","M","T","M","R","$","R","T","M","M","?","$","M","R"],"character_chosen":"THE_SILENT","items_purchased":["Well Laid Plans","Bane","Ancient Tea Set","Mercury Hourglass","Secret Technique","Prepared"],"gold_per_floor":[119,138,149,167,167,167,180,208,208,224,224,244,244,261,261,364,394,414,296,307,321,178,178,212,212,239,259,270,18,18,18,18,113,113,131,131,146,222,239,239,17,17,68,78,90,90,40,57,57],"floor_reached":50,"campfire_rested":3,"playtime":4806,"current_hp_per_floor":[70,70,70,68,68,68,68,61,61,61,61,61,61,61,61,42,75,72,72,72,46,46,75,72,72,72,62,59,59,59,43,75,1,75,64,75,75,75,58,58,58,58,58,39,19,19,19,4,41],"items_purged":["Phantasmal Killer"],"gold":57,"play_id":"d0391a59-9450-4fcd-a04f-adaf0845828f","is_prod":false,"is_daily":false,"is_ascension_mode":false,"campfire_upgraded":7,"path_taken":["M","M","M","?","?","R","M","E","T","M","R","M","R","M","R","BOSS","M","$","M","?","$","R","E","R","T","M","M","$","?","?","R","BOSS","M","?","?","?","?","R","?","R","T","M","M","?","$","M","R","BOSS"],"build_version":"2018-01-25-PROD3","purchased_purges":1,"victory":false,"master_deck":["Defend_G","Defend_G","Defend_G","Defend_G","Defend_G","Strike_G","Strike_G","Strike_G","Strike_G","Strike_G","Survivor","Neutralize","Dagger Spray","Crippling Poison+1","Deadly Poison+1","Prepared","Noxious Fumes+1","Noxious Fumes+1","Catalyst+1","Deflect","Burst+1","Backflip","Well Laid Plans","Bane","Dodge and Roll+1","Deadly Poison+1","Deadly Poison","Escape Plan","Bouncing Flask","Bouncing Flask","Deadly Poison","Secret Technique+1","Prepared","Deadly Poison","Swift Strike","Escape Plan","Blur"],"max_hp_per_floor":[70,70,70,70,70,70,70,70,70,70,70,70,70,70,70,70,75,75,75,75,75,75,75,75,75,75,75,75,75,75,75,75,75,75,75,75,75,75,75,75,75,75,75,75,75,75,75,75,75],"relics":["Ring of the Snake","Regal Pillow","Snake Skull","Tough Bandages","Thread and Needle","Tiny House","Ancient Tea Set","Blood Vial","Omamori","Mercury Hourglass","Nilry\u0027s Codex","Lizard Tail","Smiling Mask","Prayer Wheel"],"card_choices":[{"not_picked":["Underhanded Strike","Terror"],"picked":"Dagger Spray"},{"not_picked":["PiercingWail","Blade Dance"],"picked":"Crippling Poison"},{"not_picked":["Sucker Punch","Flying Knee"],"picked":"Deadly Poison"},{"not_picked":["Choke","Underhanded Strike"],"picked":"Prepared"},{"not_picked":["Heel Hook","Deadly Poison"],"picked":"Noxious Fumes"},{"not_picked":["Sucker Punch","Die Die Die"],"picked":"Noxious Fumes"},{"not_picked":["Dagger Throw","Underhanded Strike"],"picked":"Catalyst"},{"not_picked":["Finisher","Sucker Punch"],"picked":"Deflect"},{"not_picked":["Unload","A Thousand Cuts"],"picked":"Burst"},{"not_picked":["PiercingWail","Quick Slash"],"picked":"Backflip"},{"not_picked":["Outmaneuver","Reflex"],"picked":"Dodge and Roll"},{"not_picked":["Endless Agony","Caltrops"],"picked":"Deadly Poison"},{"not_picked":["Leg Sweep","Poisoned Stab"],"picked":"Deadly Poison"},{"not_picked":["Predator","Outmaneuver"],"picked":"Escape Plan"},{"not_picked":["Backstab","Deflect"],"picked":"Bouncing Flask"},{"not_picked":["Poisoned Stab","Quick Slash"],"picked":"Deadly Poison"},{"not_picked":["Malaise","Calculated Gamble"],"picked":"Deadly Poison"},{"not_picked":["Underhanded Strike","Dodge and Roll"],"picked":"Blur"}],"player_experience":36306,"potions_floor_usage":[8,14,18,24,27,28,33,33,35,39,48],"damage_taken":[{"damage":0,"enemies":"Blue Slaver","floor":1,"turns":7},{"damage":0,"enemies":"2 Louse","floor":2,"turns":4},{"damage":0,"enemies":"Small Slimes","floor":3,"turns":2},{"damage":2,"enemies":"3 Louse","floor":4,"turns":3},{"damage":0,"enemies":"Large Slime","floor":7,"turns":5},{"damage":7,"enemies":"Gremlin Nob","floor":8,"turns":4},{"damage":0,"enemies":"Looter","floor":10,"turns":4},{"damage":0,"enemies":"2 Fungi Beasts","floor":12,"turns":5},{"damage":0,"enemies":"Gremlin Gang","floor":14,"turns":4},{"damage":19,"enemies":"Slime Boss","floor":16,"turns":9},{"damage":3,"enemies":"3 Byrds","floor":18,"turns":6},{"damage":0,"enemies":"Spheric Guardian","floor":20,"turns":4},{"damage":26,"enemies":"3 Cultists","floor":21,"turns":6},{"damage":3,"enemies":"Book of Stabbing","floor":24,"turns":4},{"damage":12,"enemies":"Slaver and Parasite","floor":27,"turns":4},{"damage":5,"enemies":"Centurion and Healer","floor":28,"turns":8},{"damage":74,"enemies":"Collector","floor":33,"turns":7},{"damage":11,"enemies":"3 Darklings","floor":35,"turns":4},{"damage":0,"enemies":"3 Shapes","floor":37,"turns":4},{"damage":17,"enemies":"Sphere and 2 Shapes","floor":39,"turns":5},{"damage":21,"enemies":"Maw","floor":44,"turns":6},{"damage":22,"enemies":"3 Darklings","floor":45,"turns":7},{"damage":17,"enemies":"Sphere and 2 Shapes","floor":48,"turns":7},{"damage":95,"enemies":"Donu and Deca","floor":50,"turns":7}],"event_choices":[{"event_name":"Wheel of Change","player_choice":"Relic","floor":5,"damage_taken":0},{"event_name":"The Library","player_choice":"Read","floor":30,"damage_taken":0},{"event_name":"Cursed Tome","player_choice":"Obtained Book","floor":31,"damage_taken":0},{"event_name":"Winding Halls","player_choice":"Writhe","floor":36,"damage_taken":0},{"event_name":"Match and Keep!","player_choice":"3 cards matched","floor":46,"damage_taken":0}],"boss_relics":[{"not_picked":["Ectoplasm","Snecko Eye"],"picked":"Tiny House"},{"not_picked":["Velvet Choker","Eternal Feather"],"picked":"Lizard Tail"}],"potions_floor_spawned":[3,7,8,14,16,24,27,28,33,37,44,45,48],"seed_played":"6129165671013607898","killed_by":"Donu and Deca","ascension_level":0,"is_trial":false}