{"gold_per_floor":[116,116,216,239,38,38,79,79,159,178,199,219,233,247,247,376,376,399,399,420,444,139,164,56,56],"floor_reached":25,"playtime":1260,"items_purged":["Injury"],"score":255,"play_id":"133ac0f7-14c9-45c9-8b68-f5b707769d16","local_time":"20181110010458","is_ascension_mode":true,"campfire_choices":[{"data":"Perfected Strike","floor":6,"key":"SMITH"},{"data":"Wild Strike","floor":8,"key":"SMITH"},{"data":"Bash","floor":15,"key":"SMITH"}],"neow_cost":"NONE","seed_source_timestamp":201800561096900,"circlet_count":0,"master_deck":["Strike_R+1","Strike_R+1","Strike_R+1","Strike_R+1","Strike_R+1","Defend_R+1","Defend_R+1","Defend_R+1","Defend_R+1","Bash+1","Perfected Strike+1","Flame Barrier","Wild Strike+1","Headbutt","Pommel Strike+1","Headbutt","Feed+1","Flex","Twin Strike+1","Inflame"],"relics":["Burning Blood","NeowsBlessing","Golden Idol","Oddly Smooth Stone","Blood Vial","Matryoshka","Black Star","Vajra","Whetstone"],"potions_floor_usage":[16,16,16,20,21],"damage_taken":[{"damage":0,"enemies":"2 Louse","floor":1,"turns":2},{"damage":0,"enemies":"Cultist","floor":4,"turns":1},{"damage":0,"enemies":"Gremlin Nob","floor":7,"turns":1},{"damage":12,"enemies":"Jaw Worm","floor":10,"turns":2},{"damage":16,"enemies":"3 Louse","floor":11,"turns":4},{"damage":9,"enemies":"2 Fungi Beasts","floor":12,"turns":3},{"damage":12,"enemies":"Large Slime","floor":13,"turns":3},{"damage":0,"enemies":"Exordium Wildlife","floor":14,"turns":2},{"damage":49,"enemies":"The Guardian","floor":16,"turns":9},{"damage":38,"enemies":"3 Byrds","floor":18,"turns":6},{"damage":12,"enemies":"Chosen","floor":20,"turns":4},{"damage":5,"enemies":"Snecko","floor":21,"turns":4},{"damage":22,"enemies":"Centurion and Healer","floor":23,"turns":9},{"damage":43,"enemies":"Slavers","floor":25,"turns":3}],"seed_played":"-157780255595133251","potions_obtained":[{"floor":4,"key":"Block Potion"},{"floor":7,"key":"SteroidPotion"},{"floor":10,"key":"PowerPotion"},{"floor":18,"key":"SkillPotion"},{"floor":20,"key":"LiquidBronze"}],"is_trial":false,"path_per_floor":["M","?","?","M","$","R","E","R","T","M","M","M","M","M","R","B",null,"M","?","M","M","$","M","$","E"],"character_chosen":"IRONCLAD","items_purchased":["Oddly Smooth Stone","Wild Strike","Vajra","Whetstone","Inflame"],"campfire_rested":0,"item_purchase_floors":[5,5,22,22,24],"current_hp_per_floor":[80,80,80,80,80,80,80,80,80,74,66,65,61,69,69,28,80,51,51,47,50,50,40,40,0],"gold":56,"neow_bonus":"THREE_ENEMY_KILL","is_prod":false,"is_daily":false,"chose_seed":false,"campfire_upgraded":3,"win_rate":0,"timestamp":1541829898,"path_taken":["M","?","?","?","?","R","E","R","T","M","M","M","M","M","R","BOSS","M","?","M","M","$","M","$","E"],"build_version":"2018-11-08","purchased_purges":1,"victory":false,"max_hp_per_floor":[80,80,80,80,80,80,80,80,80,80,80,80,80,80,80,80,80,83,83,83,83,83,87,87,87],"card_choices":[{"not_picked":["Clash","Sword Boomerang"],"picked":"Perfected Strike","floor":1},{"not_picked":["Heavy Blade","Havoc"],"picked":"Flame Barrier","floor":4},{"not_picked":["Body Slam","Perfected Strike","Sever Soul"],"picked":"SKIP","floor":7},{"not_picked":["Havoc","Sword Boomerang","Warcry"],"picked":"SKIP","floor":10},{"not_picked":["Fire Breathing","Heavy Blade"],"picked":"Headbutt","floor":11},{"not_picked":["Armaments","Juggernaut"],"picked":"Pommel Strike","floor":12},{"not_picked":["True Grit","Power Through"],"picked":"Headbutt","floor":13},{"not_picked":["Perfected Strike","Power Through","Entrench"],"picked":"SKIP","floor":14},{"not_picked":["Impervious","Dark Embrace"],"picked":"Feed","floor":16},{"not_picked":["Battle Trance","Iron Wave","Second Wind"],"picked":"SKIP","floor":18},{"not_picked":["Sword Boomerang+1","Juggernaut"],"picked":"Flex","floor":20},{"not_picked":["Dual Wield","Carnage"],"picked":"Twin Strike+1","floor":21},{"not_picked":["Cleave","Corruption","True Grit"],"picked":"SKIP","floor":23}],"player_experience":279643,"relics_obtained":[{"floor":7,"key":"Blood Vial"},{"floor":9,"key":"Matryoshka"}],"event_choices":[{"damage_healed":0,"gold_gain":0,"player_choice":"Take Wound","damage_taken":0,"relics_obtained":["Golden Idol"],"max_hp_gain":0,"max_hp_loss":0,"event_name":"Golden Idol","floor":2,"gold_loss":0,"cards_obtained":["Injury"]},{"damage_healed":0,"gold_gain":100,"player_choice":"Pray","damage_taken":0,"max_hp_gain":0,"max_hp_loss":0,"event_name":"Golden Shrine","floor":3,"gold_loss":0},{"damage_healed":0,"gold_gain":0,"player_choice":"Simplicity","damage_taken":0,"max_hp_gain":0,"max_hp_loss":0,"event_name":"Back to Basics","floor":19,"gold_loss":0,"cards_upgraded":["Strike_R","Strike_R","Strike_R","Strike_R","Strike_R","Defend_R","Defend_R","Defend_R","Defend_R"]}],"is_beta":true,"boss_relics":[{"not_picked":["Cursed Key","Runic Dome"],"picked":"Black Star"}],"items_purged_floors":[24],"is_endless":false,"potions_floor_spawned":[4,7,10,12,13,18,20],"killed_by":"Slavers","ascension_level":2}