{"gold_per_floor":[116,131,150,168,188,188,218,218,218,218,218,218,247,261,261,358,358,373,63,75,95,109,109,137,137,137,155,166,166,166,182,182,278,278,291,311,0,0,0,35,35,35],"floor_reached":42,"playtime":1901,"items_purged":[],"score":579,"play_id":"a3633011-e1f3-4215-9952-d84280f30472","local_time":"20181221233356","is_ascension_mode":true,"campfire_choices":[{"data":"Beam Cell","floor":6.0,"key":"SMITH"},{"floor":8.0,"key":"REST"},{"floor":12.0,"key":"REST"},{"data":"Gash","floor":15.0,"key":"SMITH"},{"data":"Seek","floor":23.0,"key":"SMITH"},{"floor":29.0,"key":"REST"},{"floor":32.0,"key":"REST"},{"floor":41,"key":"REST"}],"neow_cost":"NONE","seed_source_timestamp":6480313066600,"circlet_count":0,"master_deck":["Strike_B","Strike_B","Strike_B","Strike_B","Defend_B","Defend_B","Defend_B","Defend_B+1","Zap","Dualcast","Steam","Beam Cell+1","Gash","Gash+1","Auto Shields","Sweeping Beam","Turbo","Chill","Rebound","Rebound","Thunder Strike","Gash+1","Seek+1","Hello World","Leap+1","Glacier","Sunder","Undo","Leap+1","Streamline","Coolheaded+1","Echo Form","All For One","Rebound+1","Gash+1","Chrysalis","Stack+1"],"special_seed":0,"relics":["Cracked Core","Dream Catcher","Pantograph","Thread and Needle","Shuriken","Sozu","PreservedInsect","War Paint","Nloth\u0027s Gift","Pear","Cursed Key","Red Mask","Sundial"],"potions_floor_usage":[],"damage_taken":[{"damage":9.0,"enemies":"Small Slimes","floor":1.0,"turns":3.0},{"damage":2.0,"enemies":"Jaw Worm","floor":2.0,"turns":3.0},{"damage":10.0,"enemies":"2 Louse","floor":3.0,"turns":2.0},{"damage":3.0,"enemies":"Red Slaver","floor":4.0,"turns":2.0},{"damage":6.0,"enemies":"Looter","floor":5.0,"turns":3.0},{"damage":24.0,"enemies":"Gremlin Nob","floor":7.0,"turns":4.0},{"damage":6.0,"enemies":"Lagavulin","floor":13.0,"turns":6.0},{"damage":0.0,"enemies":"Exordium Thugs","floor":14.0,"turns":4.0},{"damage":28.0,"enemies":"The Guardian","floor":16.0,"turns":12.0},{"damage":3.0,"enemies":"3 Byrds","floor":18.0,"turns":6.0},{"damage":8.0,"enemies":"Chosen","floor":20.0,"turns":4.0},{"damage":6.0,"enemies":"Centurion and Healer","floor":21.0,"turns":6.0},{"damage":7.0,"enemies":"Cultist and Chosen","floor":22.0,"turns":5.0},{"damage":21.0,"enemies":"Gremlin Leader","floor":24.0,"turns":10.0},{"damage":17.0,"enemies":"Snecko","floor":27.0,"turns":6.0},{"damage":2.0,"enemies":"Shelled Parasite and Fungi","floor":28.0,"turns":5.0},{"damage":26.0,"enemies":"Snake Plant","floor":31.0,"turns":4.0},{"damage":55.0,"enemies":"Automaton","floor":33.0,"turns":13.0},{"damage":14.0,"enemies":"3 Darklings","floor":35.0,"turns":7.0},{"damage":18.0,"enemies":"3 Shapes","floor":36.0,"turns":5.0},{"damage":42,"enemies":"Nemesis","floor":40,"turns":9},{"damage":36,"enemies":"Transient","floor":42,"turns":5}],"seed_played":"3594773375247666613","potions_obtained":[{"floor":1.0,"key":"Energy Potion"},{"floor":13.0,"key":"Block Potion"}],"is_trial":false,"path_per_floor":["M","M","M","M","M","R","E","R","T","?","?","R","E","M","R","B",null,"M","$","M","M","M","R","E","?","T","M","M","R","?","M","R","B",null,"M","M","?","?","?","E","R","M"],"character_chosen":"DEFECT","items_purchased":["Seek","PreservedInsect"],"campfire_rested":5,"item_purchase_floors":[19,19],"current_hp_per_floor":[66,64,54,51,45,45,21,43,43,10,35,57,51,51,51,47,75,72,72,64,58,51,51,30,30,40,23,21,46,46,20,45,15,85,71,53,53,53,53,11,36,0],"gold":35,"neow_bonus":"RANDOM_COMMON_RELIC","is_prod":false,"is_daily":false,"chose_seed":false,"campfire_upgraded":3,"win_rate":0,"timestamp":1545453236,"path_taken":["M","M","M","M","M","R","E","R","T","?","?","R","E","M","R","BOSS","M","$","M","M","M","R","E","?","T","?","M","R","?","M","R","BOSS","M","M","?","?","?","E","R","M"],"build_version":"2018-12-20","purchased_purges":0,"victory":false,"max_hp_per_floor":[75,75,75,75,75,75,75,75,75,75,75,75,75,75,75,75,75,75,75,75,75,75,75,75,75,85,85,85,85,85,85,85,85,85,85,85,85,85,85,85,85,85],"card_choices":[{"not_picked":["Hello World","Turbo"],"picked":"Steam","floor":1.0},{"not_picked":["Compile Driver","Hologram"],"picked":"Beam Cell","floor":2.0},{"not_picked":["Ball Lightning","Sweeping Beam"],"picked":"Gash","floor":3.0},{"not_picked":["Cold Snap","Thunder Strike"],"picked":"Gash","floor":4.0},{"not_picked":["Chaos","Reprogram"],"picked":"Auto Shields","floor":5.0},{"not_picked":["Hologram","Barrage"],"picked":"Sweeping Beam","floor":7.0},{"not_picked":["Hello World","Steam Power"],"picked":"Turbo","floor":8.0},{"not_picked":["Recycle","Reprogram"],"picked":"Chill","floor":12.0},{"not_picked":["Stack","Compile Driver"],"picked":"Rebound","floor":13.0},{"not_picked":["Genetic Algorithm","Turbo"],"picked":"Rebound","floor":14.0},{"not_picked":["Reboot","Fission"],"picked":"Thunder Strike","floor":16.0},{"not_picked":["Cold Snap","Undo"],"picked":"Gash+1","floor":18.0},{"not_picked":["Reinforced Body","Gash"],"picked":"Hello World","floor":20.0},{"not_picked":["BootSequence","Recycle"],"picked":"Leap","floor":21.0},{"not_picked":["Cold Snap","Conserve Battery+1"],"picked":"Glacier","floor":22.0},{"not_picked":["Aggregate","Hologram"],"picked":"Sunder","floor":24.0},{"not_picked":["Barrage+1","Beam Cell+1"],"picked":"Undo","floor":27.0},{"not_picked":["Melter","Steam"],"picked":"Leap+1","floor":28.0},{"not_picked":["Beam Cell","Undo"],"picked":"Streamline","floor":29.0},{"not_picked":["Leap","Ball Lightning"],"picked":"Coolheaded+1","floor":31.0},{"not_picked":["Hologram","Chaos+1"],"picked":"Echo Form","floor":32.0},{"not_picked":["Multi-Cast","Hyperbeam"],"picked":"All For One","floor":33.0},{"not_picked":["Barrage+1","Reinforced Body+1"],"picked":"Rebound+1","floor":35.0},{"not_picked":["Rip and Tear","Consume+1"],"picked":"Gash+1","floor":36.0},{"not_picked":["Enlightenment","Discovery"],"picked":"Chrysalis","floor":39.0},{"not_picked":["Sweeping Beam","Rebound"],"picked":"Stack+1","floor":40}],"player_experience":310769,"relics_obtained":[{"floor":7.0,"key":"Pantograph"},{"floor":9.0,"key":"Thread and Needle"},{"floor":13.0,"key":"Torii"},{"floor":24.0,"key":"War Paint"},{"floor":26.0,"key":"Pear"},{"floor":40,"key":"Sundial"}],"event_choices":[{"damage_healed":0.0,"max_hp_gain":0.0,"max_hp_loss":0.0,"gold_gain":0.0,"event_name":"Scrap Ooze","player_choice":"Success","floor":10.0,"gold_loss":0.0,"damage_taken":33.0,"relics_obtained":["Shuriken"]},{"damage_healed":25.0,"max_hp_gain":0.0,"max_hp_loss":0.0,"gold_gain":0.0,"event_name":"Big Fish","player_choice":"Banana","floor":11.0,"gold_loss":0.0,"damage_taken":0.0},{"damage_healed":0.0,"max_hp_gain":0.0,"max_hp_loss":0.0,"gold_gain":0.0,"event_name":"N\u0027loth","player_choice":"Traded Relic","floor":25.0,"relics_lost":["Torii"],"gold_loss":0.0,"damage_taken":0.0,"relics_obtained":["Nloth\u0027s Gift"]},{"damage_healed":0.0,"max_hp_gain":0.0,"max_hp_loss":0.0,"gold_gain":0.0,"event_name":"The Woman in Blue","player_choice":"Bought 0 Potions","floor":30.0,"gold_loss":0.0,"damage_taken":0.0},{"damage_healed":0.0,"max_hp_gain":0.0,"max_hp_loss":0.0,"gold_gain":0.0,"event_name":"Tomb of Lord Red Mask","player_choice":"Paid","floor":37.0,"gold_loss":311.0,"damage_taken":0.0,"relics_obtained":["Red Mask"]},{"damage_healed":0.0,"max_hp_gain":0.0,"max_hp_loss":0.0,"gold_gain":0.0,"event_name":"Mysterious Sphere","player_choice":"Ignored","floor":38.0,"gold_loss":0.0,"damage_taken":0.0},{"damage_healed":0.0,"max_hp_gain":0.0,"max_hp_loss":0.0,"gold_gain":0.0,"event_name":"SensoryStone","player_choice":"Memory 1","floor":39.0,"gold_loss":0.0,"damage_taken":0.0}],"is_beta":false,"boss_relics":[{"not_picked":["Busted Crown","Black Star"],"picked":"Sozu"},{"not_picked":["Coffee Dripper","Runic Pyramid"],"picked":"Cursed Key"}],"items_purged_floors":[],"is_endless":false,"potions_floor_spawned":[1,13,24,27,28,31,35],"killed_by":"Transient","ascension_level":3}