{"gold_per_floor":[111,111,26,26,26,26,64,82,82,97,132,146,71,95,95,188,188,173,198,198,198],"floor_reached":21,"playtime":980,"items_purged":["Strike_G"],"score":428,"play_id":"8844a5a4-d1c3-477b-861f-0a10a1ad6aab","local_time":"20190420211448","is_ascension_mode":true,"campfire_choices":[{"data":"Strike_G","floor":6,"key":"SMITH"},{"data":"Deadly Poison","floor":15,"key":"SMITH"}],"neow_cost":"NONE","seed_source_timestamp":207182173241504,"circlet_count":0,"master_deck":["AscendersBane","Defend_G","Defend_G","Defend_G","Defend_G","Defend_G","Strike_G","Strike_G+1","Survivor","Neutralize+1","Crippling Poison+1","Escape Plan","Deadly Poison+1","Backflip","Dash","Quick Slash","Dodge and Roll","Backflip","Backflip","Acrobatics","Dodge and Roll","Outmaneuver","Calculated Gamble"],"relics":["Ring of the Snake","NeowsBlessing","Golden Idol","Incense Burner","Gremlin Horn","Prayer Wheel","Velvet Choker"],"potions_floor_usage":[16,21],"damage_taken":[{"damage":0,"enemies":"2 Louse","floor":1,"turns":2},{"damage":0,"enemies":"Gremlin Nob","floor":7,"turns":1},{"damage":0,"enemies":"Small Slimes","floor":8,"turns":1},{"damage":0,"enemies":"Cultist","floor":10,"turns":4},{"damage":8,"enemies":"Lagavulin","floor":11,"turns":9},{"damage":1,"enemies":"Blue Slaver","floor":12,"turns":5},{"damage":9,"enemies":"Large Slime","floor":14,"turns":7},{"damage":40,"enemies":"Hexaghost","floor":16,"turns":12},{"damage":7,"enemies":"2 Thieves","floor":18,"turns":4},{"damage":14,"enemies":"Shell Parasite","floor":19,"turns":6},{"damage":29,"enemies":"Snecko","floor":21,"turns":7}],"seed_played":"-1285156542758194252","potions_obtained":[{"floor":1,"key":"EssenceOfSteel"},{"floor":7,"key":"SteroidPotion"},{"floor":19,"key":"LiquidBronze"}],"is_trial":false,"path_per_floor":["?","?","?","M","?"],"character_chosen":"THE_SILENT","items_purchased":["Crippling Poison"],"campfire_rested":0,"item_purchase_floors":[3],"current_hp_per_floor":[59,59,59,59,59,59,59,59,59,59,51,50,50,41,41,1,45,38,24,24,0],"gold":198,"neow_bonus":"THREE_ENEMY_KILL","is_prod":false,"is_daily":false,"chose_seed":false,"campfire_upgraded":2,"win_rate":0,"timestamp":1555784088,"path_taken":["M","?","$","?","?","R","E","M","T","M","E","M","$","M","R","BOSS","M","?","?","M"],"build_version":"2019-01-23","purchased_purges":1,"victory":false,"max_hp_per_floor":[66,60,60,60,60,60,60,60,60,60,60,60,60,60,60,60,60,60,60,60,60],"card_choices":[{"not_picked":["Choke","Outmaneuver","Sucker Punch"],"picked":"SKIP","floor":1},{"not_picked":["Heel Hook","Deflect"],"picked":"Escape Plan","floor":7},{"not_picked":["Sucker Punch","Cloak And Dagger"],"picked":"Deadly Poison","floor":8},{"not_picked":["Acrobatics","Bouncing Flask"],"picked":"Backflip","floor":10},{"not_picked":["Outmaneuver","Bane"],"picked":"Dash","floor":11},{"not_picked":["Deflect","Bane"],"picked":"Quick Slash","floor":12},{"not_picked":["Accuracy","Flechettes","Bane"],"picked":"SKIP","floor":12},{"not_picked":["Eviscerate","All Out Attack"],"picked":"Dodge and Roll","floor":14},{"not_picked":["Backstab","Infinite Blades"],"picked":"Backflip","floor":14},{"not_picked":["Deflect","Poisoned Stab"],"picked":"Backflip","floor":18},{"not_picked":["Deflect","Backstab"],"picked":"Acrobatics","floor":18},{"not_picked":["Acrobatics","Dagger Spray"],"picked":"Dodge and Roll","floor":19},{"not_picked":["Bane","Poisoned Stab","Bouncing Flask"],"picked":"SKIP","floor":19}],"player_experience":1774614,"relics_obtained":[{"floor":7,"key":"Incense Burner"},{"floor":9,"key":"Gremlin Horn"},{"floor":11,"key":"Prayer Wheel"}],"event_choices":[{"damage_healed":0,"gold_gain":0,"player_choice":"Lose Max HP","damage_taken":0,"relics_obtained":["Golden Idol"],"max_hp_gain":0,"max_hp_loss":6,"event_name":"Golden Idol","floor":2,"gold_loss":0},{"damage_healed":0,"gold_gain":0,"player_choice":"Grow","damage_taken":0,"max_hp_gain":0,"max_hp_loss":0,"event_name":"Living Wall","floor":4,"gold_loss":0,"cards_upgraded":["Crippling Poison"]},{"damage_healed":0,"gold_gain":0,"player_choice":"Forge","damage_taken":0,"max_hp_gain":0,"max_hp_loss":0,"event_name":"Accursed Blacksmith","floor":5,"gold_loss":0,"cards_upgraded":["Neutralize"]},{"damage_healed":0,"gold_gain":0,"cards_transformed":["Strike_G","Strike_G"],"player_choice":"Became Test Subject","damage_taken":0,"max_hp_gain":0,"max_hp_loss":0,"event_name":"Drug Dealer","floor":20,"gold_loss":0,"cards_obtained":["Outmaneuver","Calculated Gamble"]}],"is_beta":false,"boss_relics":[{"not_picked":["Sozu","Fusion Hammer"],"picked":"Velvet Choker"}],"items_purged_floors":[13],"is_endless":false,"potions_floor_spawned":[1,7,14,19],"killed_by":"Snecko","ascension_level":20}