{"gold_per_floor":[110,125,125,143,113,113,127,3,28,28,56,56,68,100,100,205,205,224,5,18,32,32,57,75,75,102,112,112,27,27,27,27,129,129,145,145,95,109,109],"floor_reached":39,"playtime":5224,"items_purged":["Defend_G","Strike_G"],"score":482,"play_id":"7f829ba8-db05-43a8-89ce-0364eba30785","local_time":"20190301202809","is_ascension_mode":true,"campfire_choices":[{"data":"PiercingWail","floor":6,"key":"SMITH"},{"data":"Noxious Fumes","floor":10,"key":"SMITH"},{"floor":15,"key":"REST"},{"floor":25,"key":"REST"},{"floor":28,"key":"REST"},{"data":"Catalyst","floor":30,"key":"SMITH"},{"floor":32,"key":"REST"}],"neow_cost":"NONE","seed_source_timestamp":271800542227044,"circlet_count":0,"master_deck":["Defend_G","Defend_G","Defend_G","Defend_G","Strike_G","Strike_G","Strike_G","Survivor","Neutralize","Blur","Sucker Punch","Blur","PiercingWail+1","Backflip","Quick Slash","Noxious Fumes+1","Outmaneuver","Adrenaline","Poisoned Stab","Bane","Catalyst+1","Burst","Footwork+1","PiercingWail","Deadly Poison","Envenom","Dagger Throw","Well Laid Plans","Bouncing Flask","Acrobatics","Quick Slash","After Image","Dodge and Roll+1","Quick Slash"],"relics":["Ring of the Serpent","Ancient Tea Set","Pen Nib","Dream Catcher","Orichalcum","WingedGreaves","Potion Belt","Vajra","Eternal Feather","Smiling Mask"],"potions_floor_usage":[16,38],"damage_taken":[{"damage":1,"enemies":"Cultist","floor":1,"turns":5},{"damage":0,"enemies":"2 Louse","floor":2,"turns":3},{"damage":0,"enemies":"Small Slimes","floor":4,"turns":5},{"damage":0,"enemies":"Looter","floor":5,"turns":4},{"damage":0,"enemies":"Blue Slaver","floor":7,"turns":7},{"damage":0,"enemies":"3 Sentries","floor":11,"turns":7},{"damage":9,"enemies":"Exordium Thugs","floor":13,"turns":6},{"damage":24,"enemies":"Gremlin Nob","floor":14,"turns":5},{"damage":29,"enemies":"Slime Boss","floor":16,"turns":11},{"damage":22,"enemies":"Spheric Guardian","floor":18,"turns":6},{"damage":13,"enemies":"Chosen","floor":20,"turns":7},{"damage":0,"enemies":"Centurion and Healer","floor":21,"turns":7},{"damage":16,"enemies":"Book of Stabbing","floor":23,"turns":7},{"damage":10,"enemies":"Snake Plant","floor":24,"turns":6},{"damage":6,"enemies":"Snecko","floor":27,"turns":8},{"damage":13,"enemies":"Champ","floor":33,"turns":6},{"damage":4,"enemies":"3 Shapes","floor":35,"turns":5},{"damage":31,"enemies":"3 Darklings","floor":38,"turns":7},{"damage":43,"enemies":"Sphere and 2 Shapes","floor":39,"turns":3}],"seed_played":"5347669716148693510","potions_obtained":[{"floor":1,"key":"Dexterity Potion"},{"floor":7,"key":"FairyPotion"},{"floor":11,"key":"Regen Potion"},{"floor":13,"key":"EssenceOfSteel"},{"floor":20,"key":"Ancient Potion"},{"floor":33,"key":"Energy Potion"},{"floor":35,"key":"Energy Potion"}],"is_trial":false,"path_per_floor":["M","?","?","$","?","?","?","M"],"character_chosen":"THE_SILENT","items_purchased":["Noxious Fumes","Outmaneuver","Orichalcum"],"campfire_rested":4,"item_purchase_floors":[8,8,19],"current_hp_per_floor":[69,69,69,69,69,69,69,69,69,69,69,69,60,36,57,28,70,48,48,35,35,35,19,9,30,30,24,45,45,45,32,54,41,75,71,71,71,40,0],"gold":109,"neow_bonus":"THREE_CARDS","is_prod":false,"is_daily":false,"chose_seed":false,"campfire_upgraded":3,"win_rate":0,"timestamp":1551472089,"path_taken":["M","?","?","M","M","R","M","$","T","R","E","?","M","E","R","BOSS","M","$","M","M","?","E","M","R","T","M","R","?","R","?","R","BOSS","M","?","$","M","?"],"build_version":"2019-01-23","purchased_purges":2,"victory":false,"max_hp_per_floor":[70,70,70,70,70,70,70,70,70,70,70,70,70,70,70,70,70,70,70,70,70,70,70,70,70,70,70,70,70,70,75,75,75,75,75,75,75,75,75],"card_choices":[{"not_picked":["PiercingWail","Footwork"],"picked":"Blur","floor":0},{"not_picked":["Flechettes","Underhanded Strike"],"picked":"Sucker Punch","floor":1},{"not_picked":["Underhanded Strike","Reflex"],"picked":"Blur","floor":2},{"not_picked":["Choke","Leg Sweep"],"picked":"PiercingWail","floor":4},{"not_picked":["Outmaneuver","Quick Slash"],"picked":"Backflip","floor":5},{"not_picked":["Endless Agony","Leg Sweep"],"picked":"Quick Slash","floor":7},{"not_picked":["Noxious Fumes","Riddle With Holes"],"picked":"Adrenaline","floor":11},{"not_picked":["Flechettes","Bane"],"picked":"Poisoned Stab","floor":13},{"not_picked":["Dagger Throw","Riddle With Holes"],"picked":"Bane","floor":14},{"not_picked":["Quick Slash","Well Laid Plans"],"picked":"Catalyst","floor":15},{"not_picked":["Tools of the Trade","Glass Knife"],"picked":"Burst","floor":16},{"not_picked":["Riddle With Holes","Predator"],"picked":"Footwork+1","floor":18},{"not_picked":["Predator+1","Cloak And Dagger+1"],"picked":"PiercingWail","floor":20},{"not_picked":["Flying Knee","Riddle With Holes"],"picked":"Deadly Poison","floor":21},{"not_picked":["Predator+1","Heel Hook"],"picked":"Envenom","floor":23},{"not_picked":["Footwork+1","Acrobatics"],"picked":"Dagger Throw","floor":24},{"not_picked":["Backflip","PiercingWail+1"],"picked":"Well Laid Plans","floor":25},{"not_picked":["Backflip+1","Slice+1"],"picked":"Bouncing Flask","floor":27},{"not_picked":["Dash+1","Reflex+1"],"picked":"Acrobatics","floor":28},{"not_picked":["Flying Knee","Skewer+1"],"picked":"Quick Slash","floor":32},{"not_picked":["Envenom","Die Die Die"],"picked":"After Image","floor":33},{"not_picked":["Choke","Outmaneuver"],"picked":"Dodge and Roll+1","floor":35},{"not_picked":["Underhanded Strike+1","Caltrops+1"],"picked":"Quick Slash","floor":38}],"player_experience":50696,"relics_obtained":[{"floor":9,"key":"Ancient Tea Set"},{"floor":11,"key":"Pen Nib"},{"floor":14,"key":"Dream Catcher"},{"floor":23,"key":"WingedGreaves"},{"floor":26,"key":"Potion Belt"},{"floor":36,"key":"Smiling Mask"}],"event_choices":[{"cards_removed":["Strike_G"],"damage_healed":0,"gold_gain":0,"player_choice":"Forget","damage_taken":0,"max_hp_gain":0,"max_hp_loss":0,"event_name":"Living Wall","floor":3,"gold_loss":0},{"damage_healed":0,"gold_gain":0,"player_choice":"Bought 0 Potions","damage_taken":0,"max_hp_gain":0,"max_hp_loss":0,"event_name":"The Woman in Blue","floor":12,"gold_loss":0},{"damage_healed":0,"gold_gain":0,"player_choice":"Obtained Relic","damage_taken":0,"relics_obtained":["Vajra"],"max_hp_gain":0,"max_hp_loss":0,"event_name":"Addict","floor":29,"gold_loss":85},{"damage_healed":0,"gold_gain":0,"player_choice":"Shed Blood","damage_taken":18,"max_hp_gain":5,"max_hp_loss":0,"event_name":"Forgotten Altar","floor":31,"gold_loss":0},{"damage_healed":0,"gold_gain":0,"player_choice":"Relic","damage_taken":0,"max_hp_gain":0,"max_hp_loss":0,"event_name":"Wheel of Change","floor":36,"gold_loss":0}],"is_beta":false,"boss_relics":[{"not_picked":["Busted Crown","Runic Pyramid"],"picked":"Ring of the Serpent"},{"not_picked":["Fusion Hammer","Snecko Eye"],"picked":"Eternal Feather"}],"items_purged_floors":[19,37],"is_endless":false,"potions_floor_spawned":[1,7,11,13,20,24,33,35],"killed_by":"Sphere and 2 Shapes","ascension_level":1}