{"gold_per_floor":[109,74,74,91,91,121,121,151,175,175,207,227,227,246,246,319,319,319,319,13,13,13,13,13,13,13,13,13,13,13,13,13,13,13,13,13,13,13,13,13,13,13,13,13],"floor_reached":44,"playtime":1792,"items_purged":["Strike_B"],"score":1174,"play_id":"d2b2188c-557b-49e8-8d00-56f151f22f42","local_time":"20190414173709","is_ascension_mode":true,"campfire_choices":[{"data":"Consume","floor":7.0,"key":"SMITH"},{"floor":10.0,"key":"REST"},{"data":"Defragment","floor":15.0,"key":"SMITH"},{"floor":27.0,"key":"REST"},{"data":"Rainbow","floor":29.0,"key":"SMITH"},{"floor":32.0,"key":"REST"},{"floor":41.0,"key":"REST"}],"neow_cost":"NONE","seed_source_timestamp":3496067996148,"circlet_count":0,"master_deck":["AscendersBane","Strike_B","Strike_B","Defend_B","Defend_B","Defend_B","Defend_B","Zap+1","Dualcast+1","Leap","Consume+1","Ball Lightning","Core Surge","Defragment+1","White Noise+1","Rainbow+1","Leap","Genetic Algorithm","Coolheaded","Lockon+1","All For One+1","White Noise+1","Genetic Algorithm+1","Self Repair","Meteor Strike+1"],"special_seed":0,"relics":["Cracked Core","NeowsBlessing","Oddly Smooth Stone","Pocketwatch","Lantern","Mummified Hand","Ectoplasm","War Paint","Mango","Pen Nib","Molten Egg 2","Toxic Egg 2","Fusion Hammer","Omamori"],"potions_floor_usage":[],"damage_taken":[{"damage":0.0,"enemies":"2 Louse","floor":1.0,"turns":1.0},{"damage":0.0,"enemies":"Small Slimes","floor":4.0,"turns":1.0},{"damage":0.0,"enemies":"3 Sentries","floor":6.0,"turns":1.0},{"damage":58.0,"enemies":"Gremlin Nob","floor":8.0,"turns":5.0},{"damage":5.0,"enemies":"Lagavulin","floor":11.0,"turns":5.0},{"damage":6.0,"enemies":"Jaw Worm","floor":12.0,"turns":2.0},{"damage":1.0,"enemies":"Blue Slaver","floor":14.0,"turns":2.0},{"damage":0.0,"enemies":"Hexaghost","floor":16.0,"turns":9.0},{"damage":0.0,"enemies":"3 Byrds","floor":18.0,"turns":4.0},{"damage":0.0,"enemies":"Spheric Guardian","floor":21.0,"turns":3.0},{"damage":45.0,"enemies":"Book of Stabbing","floor":23.0,"turns":6.0},{"damage":6.0,"enemies":"Snake Plant","floor":24.0,"turns":4.0},{"damage":15.0,"enemies":"Slavers","floor":25.0,"turns":3.0},{"damage":3.0,"enemies":"Centurion and Healer","floor":28.0,"turns":6.0},{"damage":11.0,"enemies":"Book of Stabbing","floor":30.0,"turns":5.0},{"damage":5.0,"enemies":"3 Cultists","floor":31.0,"turns":6.0},{"damage":48.0,"enemies":"Collector","floor":33.0,"turns":8.0},{"damage":14.0,"enemies":"3 Darklings","floor":35.0,"turns":7.0},{"damage":0.0,"enemies":"3 Shapes","floor":37.0,"turns":5.0},{"damage":43.0,"enemies":"Nemesis","floor":40.0,"turns":5.0},{"damage":63,"enemies":"Giant Head","floor":44,"turns":5}],"seed_played":"-3459560570467393495","potions_obtained":[{"floor":6.0,"key":"Dexterity Potion"},{"floor":8.0,"key":"EssenceOfSteel"},{"floor":11.0,"key":"EssenceOfSteel"},{"floor":16.0,"key":"Regen Potion"},{"floor":23.0,"key":"Explosive Potion"},{"floor":31.0,"key":"FocusPotion"},{"floor":37.0,"key":"PowerPotion"}],"is_trial":false,"path_per_floor":["M","?","?","M","?","E","R","E","T","R","E","M","?","M","R","B",null,"M","?","$","M","?","E","M","E","T","R","M","R","E","M","R","B",null,"M","$","M","?","$","E","R","$","T","E"],"character_chosen":"DEFECT","items_purchased":["War Paint","Leap"],"campfire_rested":4,"item_purchase_floors":[20,20],"current_hp_per_floor":[64,71,71,71,64,64,64,6,6,27,22,16,16,15,15,15,57,57,57,57,57,57,41,35,20,20,45,42,42,31,26,51,3,65,51,51,51,51,51,8,33,33,33,0],"gold":13,"neow_bonus":"THREE_ENEMY_KILL","is_prod":false,"is_daily":false,"chose_seed":false,"campfire_upgraded":3,"win_rate":0,"timestamp":1555256229,"path_taken":["M","?","?","M","?","E","R","E","T","R","E","M","?","M","R","BOSS","M","?","$","M","?","E","?","E","T","R","M","R","E","M","R","BOSS","M","?","M","?","$","E","R","?","T","E"],"build_version":"2019-04-04","purchased_purges":1,"victory":false,"max_hp_per_floor":[71,71,71,71,71,71,71,71,71,71,71,71,71,71,71,71,71,71,71,71,71,71,85,85,85,85,85,85,85,85,85,85,85,85,85,85,85,85,85,85,85,85,85,85],"card_choices":[{"not_picked":["Gash","Blizzard"],"picked":"Leap","floor":1.0},{"not_picked":["Force Field","Rip and Tear"],"picked":"Consume","floor":4.0},{"not_picked":["Consume","Leap"],"picked":"Cold Snap","floor":6.0},{"not_picked":["Sunder","Skim"],"picked":"Ball Lightning","floor":8.0},{"not_picked":["Stack","Gash"],"picked":"Core Surge","floor":11.0},{"not_picked":["Sweeping Beam","Leap"],"picked":"Defragment","floor":12.0},{"not_picked":["Steam","FTL"],"picked":"White Noise","floor":14.0},{"not_picked":["Amplify","Machine Learning"],"picked":"Rainbow","floor":16.0},{"not_picked":["Sweeping Beam","Rebound","Ball Lightning"],"picked":"SKIP","floor":18.0},{"not_picked":["Aggregate","Conserve Battery"],"picked":"Genetic Algorithm","floor":21.0},{"not_picked":["Consume","Leap"],"picked":"Coolheaded","floor":23.0},{"not_picked":["Scrape","Turbo","Gash+1"],"picked":"SKIP","floor":24.0},{"not_picked":["Scrape","Turbo","Gash+1"],"picked":"SKIP","floor":24.0},{"not_picked":["Sweeping Beam","Stack"],"picked":"Lockon+1","floor":25.0},{"not_picked":["Reinforced Body","Heatsinks"],"picked":"All For One+1","floor":28.0},{"not_picked":["Rebound+1","Storm","Sweeping Beam+1"],"picked":"SKIP","floor":30.0},{"not_picked":["Chill+1","Force Field+1"],"picked":"White Noise+1","floor":31.0},{"not_picked":["FTL+1","Barrage+1"],"picked":"Genetic Algorithm+1","floor":35.0},{"not_picked":["Compile Driver+1","Redo+1"],"picked":"Self Repair","floor":37.0},{"not_picked":["Ball Lightning+1","Self Repair+1"],"picked":"Meteor Strike+1","floor":40.0}],"player_experience":1130592,"relics_obtained":[{"floor":6.0,"key":"Oddly Smooth Stone"},{"floor":8.0,"key":"Pocketwatch"},{"floor":9.0,"key":"Lantern"},{"floor":11.0,"key":"Mummified Hand"},{"floor":23.0,"key":"Mango"},{"floor":25.0,"key":"Pen Nib"},{"floor":26.0,"key":"Molten Egg 2"},{"floor":30.0,"key":"Toxic Egg 2"},{"floor":40.0,"key":"Omamori"}],"event_choices":[{"damage_healed":17.0,"max_hp_gain":0.0,"max_hp_loss":0.0,"gold_gain":0.0,"event_name":"The Cleric","player_choice":"Healed","floor":2.0,"gold_loss":35.0,"damage_taken":0.0},{"damage_healed":0.0,"max_hp_gain":0.0,"max_hp_loss":0.0,"gold_gain":0.0,"event_name":"Living Wall","player_choice":"Grow","floor":3.0,"gold_loss":0.0,"damage_taken":0.0,"cards_upgraded":["Zap"]},{"cards_removed":["Strike_B"],"damage_healed":0.0,"max_hp_gain":0.0,"max_hp_loss":0.0,"gold_gain":0.0,"event_name":"Golden Wing","player_choice":"Card Removal","floor":5.0,"gold_loss":0.0,"damage_taken":7.0},{"damage_healed":0.0,"max_hp_gain":0.0,"max_hp_loss":0.0,"gold_gain":0.0,"event_name":"Shining Light","player_choice":"Ignored","floor":13.0,"gold_loss":0.0,"damage_taken":0.0},{"damage_healed":0.0,"max_hp_gain":0.0,"max_hp_loss":0.0,"gold_gain":0.0,"event_name":"Ghosts","player_choice":"Ignored","floor":19.0,"gold_loss":0.0,"damage_taken":0.0},{"damage_healed":0.0,"max_hp_gain":0.0,"max_hp_loss":0.0,"gold_gain":0.0,"event_name":"Beggar","player_choice":"Ignored","floor":22.0,"gold_loss":0.0,"damage_taken":0.0},{"cards_removed":["Cold Snap"],"damage_healed":0.0,"max_hp_gain":0.0,"max_hp_loss":0.0,"gold_gain":0.0,"event_name":"Falling","player_choice":"Removed Attack","floor":38.0,"gold_loss":0.0,"damage_taken":0.0}],"is_beta":true,"boss_relics":[{"not_picked":["Eternal Feather","Lizard Tail"],"picked":"Ectoplasm"},{"not_picked":["White Beast Statue","Cursed Key"],"picked":"Fusion Hammer"}],"items_purged_floors":[20],"is_endless":false,"potions_floor_spawned":[6,8,11,16,23,31,33,37],"killed_by":"Giant Head","ascension_level":20}