{"gold_per_floor":[10,10,25,35,50,83,101,101,128,78,3,14,49,49,49,49],"floor_reached":16,"playtime":695,"items_purged":["Strike_G"],"score":112,"play_id":"eb4de525-5ab5-4cf2-b50e-91430b7c73c7","local_time":"20190127010614","is_ascension_mode":false,"campfire_choices":[{"data":"Neutralize","floor":8,"key":"SMITH"},{"floor":15,"key":"REST"}],"neow_cost":"NO_GOLD","seed_source_timestamp":41794825350356,"circlet_count":0,"master_deck":["Defend_G","Defend_G","Defend_G","Defend_G","Defend_G","Strike_G","Strike_G","Strike_G","Survivor","Neutralize+1","Dodge and Roll","Leg Sweep","Skewer","Flying Knee","Outmaneuver","Eviscerate","Outmaneuver"],"relics":["Ring of the Snake","Calipers","Blood Vial","Anchor","Boot","Bag of Marbles"],"potions_floor_usage":[16],"damage_taken":[{"damage":0,"enemies":"Small Slimes","floor":1,"turns":3},{"damage":4,"enemies":"Jaw Worm","floor":3,"turns":7},{"damage":3,"enemies":"2 Louse","floor":4,"turns":4},{"damage":1,"enemies":"Blue Slaver","floor":5,"turns":5},{"damage":13,"enemies":"Gremlin Nob","floor":6,"turns":5},{"damage":16,"enemies":"3 Louse","floor":7,"turns":6},{"damage":0,"enemies":"2 Fungi Beasts","floor":12,"turns":4},{"damage":29,"enemies":"3 Sentries","floor":13,"turns":12},{"damage":40,"enemies":"Slime Boss","floor":16,"turns":7}],"seed_played":"6369294838178575840","potions_obtained":[{"floor":3,"key":"Energy Potion"},{"floor":5,"key":"SpeedPotion"},{"floor":6,"key":"Explosive Potion"},{"floor":12,"key":"Block Potion"}],"is_trial":false,"path_per_floor":["?","?","M","?"],"character_chosen":"THE_SILENT","items_purchased":[],"campfire_rested":1,"item_purchase_floors":[],"current_hp_per_floor":[70,67,65,64,65,54,40,40,40,40,40,42,15,15,36,0],"gold":49,"neow_bonus":"ONE_RARE_RELIC","is_prod":false,"is_daily":false,"chose_seed":false,"campfire_upgraded":1,"win_rate":0.0,"timestamp":1548579974,"path_taken":["M","?","M","M","M","E","M","R","T","?","$","?","E","?","R","BOSS"],"build_version":"2019-01-23","purchased_purges":1,"victory":false,"max_hp_per_floor":[70,70,70,70,70,70,70,70,70,70,70,70,70,70,70,70],"card_choices":[{"not_picked":["Blur","Quick Slash"],"picked":"Dodge and Roll","floor":1},{"not_picked":["Deflect","Quick Slash"],"picked":"Leg Sweep","floor":3},{"not_picked":["Dagger Spray","Outmaneuver"],"picked":"Skewer","floor":4},{"not_picked":["Dagger Spray","Bullet Time"],"picked":"Flying Knee","floor":5},{"not_picked":["Choke","All Out Attack"],"picked":"Outmaneuver","floor":6},{"not_picked":["Tactician","Poisoned Stab"],"picked":"Eviscerate","floor":7},{"not_picked":["Slice","Sucker Punch","Leg Sweep"],"picked":"SKIP","floor":12},{"not_picked":["Slice","Caltrops"],"picked":"Outmaneuver","floor":13}],"player_experience":2964,"relics_obtained":[{"floor":6,"key":"Anchor"},{"floor":9,"key":"Boot"},{"floor":13,"key":"Bag of Marbles"}],"event_choices":[{"damage_healed":0,"gold_gain":0,"player_choice":"Success","damage_taken":3,"relics_obtained":["Blood Vial"],"max_hp_gain":0,"max_hp_loss":0,"event_name":"Scrap Ooze","floor":2,"gold_loss":0},{"cards_removed":["Strike_G"],"damage_healed":0,"gold_gain":0,"player_choice":"Card Removal","damage_taken":0,"max_hp_gain":0,"max_hp_loss":0,"event_name":"The Cleric","floor":10,"gold_loss":50},{"damage_healed":0,"gold_gain":0,"player_choice":"Ignored","damage_taken":0,"max_hp_gain":0,"max_hp_loss":0,"event_name":"Liars Game","floor":14,"gold_loss":0}],"is_beta":false,"boss_relics":[],"items_purged_floors":[11],"is_endless":false,"potions_floor_spawned":[3,5,6,12,13],"killed_by":"Slime Boss","ascension_level":0}