{"gold_per_floor":[112,126,126,146,221,246,260,260],"floor_reached":8,"playtime":274,"items_purged":[],"score":73,"play_id":"d5afd104-2803-4c0e-bfee-1b1aff1d6678","local_time":"20190205184932","is_ascension_mode":true,"campfire_choices":[],"neow_cost":"NONE","seed_source_timestamp":3935777384200,"circlet_count":0,"master_deck":["Strike_B","Strike_B","Strike_B","Strike_B","Defend_B","Defend_B","Defend_B","Defend_B","Zap","Dualcast","Ball Lightning","Streamline","Regret","Ball Lightning","Core Surge","Darkness"],"relics":["Cracked Core","The Courier","Pocketwatch"],"potions_floor_usage":[6],"damage_taken":[{"damage":2,"enemies":"Jaw Worm","floor":1,"turns":3},{"damage":0,"enemies":"Small Slimes","floor":2,"turns":2},{"damage":0,"enemies":"Cultist","floor":4,"turns":3},{"damage":24,"enemies":"Lagavulin","floor":6,"turns":5},{"damage":11,"enemies":"Looter","floor":7,"turns":2},{"damage":40,"enemies":"3 Sentries","floor":8,"turns":4}],"seed_played":"2159951023192819830","potions_obtained":[{"floor":4,"key":"Poison Potion"},{"floor":6,"key":"SmokeBomb"}],"is_trial":false,"path_per_floor":["M","M","?","M","?","E","M","E"],"character_chosen":"DEFECT","items_purchased":[],"campfire_rested":0,"item_purchase_floors":[],"current_hp_per_floor":[80,80,80,80,69,45,34,0],"gold":260,"neow_bonus":"TEN_PERCENT_HP_BONUS","is_prod":false,"is_daily":false,"chose_seed":false,"campfire_upgraded":0,"win_rate":0,"timestamp":1549410572,"path_taken":["M","M","?","M","?","E","?","E"],"build_version":"2019-01-23","purchased_purges":0,"victory":false,"max_hp_per_floor":[82,82,82,82,82,82,82,82],"card_choices":[{"not_picked":["Darkness","Melter"],"picked":"Ball Lightning","floor":1},{"not_picked":["Hologram","Biased Cognition"],"picked":"Streamline","floor":2},{"not_picked":["Rebound","Beam Cell"],"picked":"Ball Lightning","floor":4},{"not_picked":["Recycle","Steam"],"picked":"Core Surge","floor":6},{"not_picked":["Lockon","Stack"],"picked":"Darkness","floor":7}],"player_experience":370836,"relics_obtained":[{"floor":6,"key":"Pocketwatch"}],"event_choices":[{"damage_healed":0,"gold_gain":0,"player_choice":"Box","damage_taken":0,"relics_obtained":["The Courier"],"max_hp_gain":0,"max_hp_loss":0,"event_name":"Big Fish","floor":3,"gold_loss":0,"cards_obtained":["Regret"]},{"damage_healed":0,"gold_gain":75,"player_choice":"Gather Gold","damage_taken":11,"max_hp_gain":0,"max_hp_loss":0,"event_name":"World of Goop","floor":5,"gold_loss":0}],"is_beta":false,"boss_relics":[],"items_purged_floors":[],"is_endless":false,"potions_floor_spawned":[4,6],"killed_by":"3 Sentries","ascension_level":5}