{"gold_per_floor":[109,15,0,12,12,12,40,40,40,94,120,135,170,187,187,259,259,271,55,155,170,184,184],"floor_reached":23,"playtime":1851,"items_purged":["Strike_G"],"score":355,"play_id":"da394ac6-fcf2-43d4-b140-a68a861b649b","local_time":"20190421205441","is_ascension_mode":true,"campfire_choices":[{"data":"Caltrops","floor":6,"key":"SMITH"},{"floor":8,"key":"REST"},{"floor":15,"key":"REST"}],"neow_cost":"NONE","seed_source_timestamp":339648393966713,"circlet_count":0,"master_deck":["AscendersBane","Defend_G","Defend_G","Defend_G","Defend_G","Defend_G","Strike_G","Strike_G","Strike_G","Survivor","Neutralize+1","Quick Slash","Caltrops+1","Poisoned Stab","Cloak And Dagger","Poisoned Stab","Adrenaline","Deadly Poison","Burst","PiercingWail+1","Caltrops","Well Laid Plans"],"relics":["Ring of the Snake","Gremlin Horn","Boot","Blood Vial","Strawberry","Sundial","Cursed Key"],"potions_floor_usage":[16,21,23],"damage_taken":[{"damage":1,"enemies":"Small Slimes","floor":1,"turns":4},{"damage":2,"enemies":"Jaw Worm","floor":4,"turns":4},{"damage":18,"enemies":"3 Sentries","floor":7,"turns":10},{"damage":30,"enemies":"Lagavulin","floor":11,"turns":7},{"damage":0,"enemies":"2 Louse","floor":12,"turns":2},{"damage":24,"enemies":"3 Sentries","floor":13,"turns":10},{"damage":9,"enemies":"Exordium Thugs","floor":14,"turns":5},{"damage":13,"enemies":"Hexaghost","floor":16,"turns":9},{"damage":17,"enemies":"Shell Parasite","floor":18,"turns":6},{"damage":6,"enemies":"Spheric Guardian","floor":21,"turns":5},{"damage":8,"enemies":"Snake Plant","floor":22,"turns":4},{"damage":35,"enemies":"Slavers","floor":23,"turns":3}],"seed_played":"5362743283138972543","potions_obtained":[{"floor":7,"key":"SpeedPotion"},{"floor":14,"key":"EssenceOfSteel"},{"floor":16,"key":"Poison Potion"},{"floor":22,"key":"LiquidBronze"}],"is_trial":false,"path_per_floor":["?","?","T","?","M"],"character_chosen":"THE_SILENT","items_purchased":["Caltrops","Poisoned Stab","Caltrops","GhostInAJar"],"campfire_rested":2,"item_purchase_floors":[2,2,19,19],"current_hp_per_floor":[58,58,58,56,49,49,31,50,50,50,29,31,9,2,23,12,58,43,43,43,39,33,0],"gold":184,"neow_bonus":"UPGRADE_CARD","is_prod":false,"is_daily":false,"chose_seed":false,"campfire_upgraded":1,"win_rate":0,"timestamp":1555876481,"path_taken":["M","$","?","M","?","R","E","R","T","?","E","M","E","M","R","BOSS","M","$","?","?","M","E"],"build_version":"2019-01-23","purchased_purges":1,"victory":false,"max_hp_per_floor":[66,66,66,66,66,66,66,66,66,66,73,73,73,73,73,73,73,73,73,73,73,73,73],"card_choices":[{"not_picked":["PiercingWail","Deadly Poison"],"picked":"Quick Slash","floor":1},{"not_picked":["Deadly Poison","Outmaneuver"],"picked":"Cloak And Dagger","floor":4},{"not_picked":["Heel Hook","Cloak And Dagger","Prepared"],"picked":"SKIP","floor":7},{"not_picked":["Dodge and Roll","Caltrops"],"picked":"Poisoned Stab","floor":11},{"not_picked":["Cloak And Dagger","Slice","Riddle With Holes"],"picked":"SKIP","floor":12},{"not_picked":["Backstab","Prepared"],"picked":"Adrenaline","floor":13},{"not_picked":["Predator","Acrobatics"],"picked":"Deadly Poison","floor":14},{"not_picked":["Grand Finale","Tools of the Trade"],"picked":"Burst","floor":16},{"not_picked":["Infinite Blades","Heel Hook+1"],"picked":"PiercingWail+1","floor":18},{"not_picked":["Cloak And Dagger+1","Bane"],"picked":"Well Laid Plans","floor":21},{"not_picked":["Poisoned Stab","Escape Plan","Bane"],"picked":"SKIP","floor":22}],"player_experience":681391,"relics_obtained":[{"floor":7,"key":"Gremlin Horn"},{"floor":9,"key":"Boot"},{"floor":10,"key":"Blood Vial"},{"floor":11,"key":"Strawberry"},{"floor":13,"key":"Sundial"}],"event_choices":[{"damage_healed":0,"gold_gain":0,"player_choice":"Left Gold","damage_taken":0,"max_hp_gain":0,"max_hp_loss":0,"event_name":"World of Goop","floor":3,"gold_loss":15},{"cards_removed":["Strike_G"],"damage_healed":0,"gold_gain":0,"player_choice":"Card Removal","damage_taken":7,"max_hp_gain":0,"max_hp_loss":0,"event_name":"Golden Wing","floor":5,"gold_loss":0},{"damage_healed":0,"gold_gain":100,"player_choice":"Pray","damage_taken":0,"max_hp_gain":0,"max_hp_loss":0,"event_name":"Golden Shrine","floor":20,"gold_loss":0}],"is_beta":false,"boss_relics":[{"not_picked":["Runic Dome","Black Star"],"picked":"Cursed Key"}],"items_purged_floors":[19],"is_endless":false,"potions_floor_spawned":[7,14,16,22],"killed_by":"Slavers","ascension_level":14}