{"gold_per_floor":[119,119,44,56,56,99,111,135,177,189,220,232,276,301,313,402,414,441,22,22,22,35,35,45,45,45,65,95,111,123,152,152,152],"floor_reached":33,"playtime":1014,"items_purged":["Defend_B"],"score":694,"play_id":"f7b0475d-94f2-4876-91a7-55d53e180b33","local_time":"20190421183212","is_ascension_mode":true,"campfire_choices":[{"data":"Zap","floor":7.0,"key":"SMITH"},{"floor":10.0,"key":"RECALL"},{"data":"Consume","floor":15.0,"key":"SMITH"},{"floor":23,"key":"REST"},{"floor":32,"key":"REST"}],"neow_cost":"NONE","seed_source_timestamp":20102497402916,"circlet_count":0,"master_deck":["AscendersBane","Strike_B","Strike_B","Defend_B","Defend_B","Defend_B","Zap+1","Dualcast","Rip and Tear","Glacier","Gash","Electrodynamics+1","BootSequence","Conserve Battery","Consume+1","Cold Snap","All For One","Defragment+1","Go for the Eyes","Conserve Battery","Writhe","Static Discharge+1","Steam"],"special_seed":0,"relics":["Cracked Core","NeowsBlessing","MawBank","Frozen Egg 2","Tiny Chest","Potion Belt","Busted Crown","Oddly Smooth Stone","OrangePellets","Bottled Tornado","Matryoshka","Lantern","Bronze Scales","Blue Candle"],"potions_floor_usage":[16,16,16,27,28],"damage_taken":[{"damage":0.0,"enemies":"Jaw Worm","floor":1.0,"turns":1.0},{"damage":0.0,"enemies":"Cultist","floor":4.0,"turns":1.0},{"damage":0.0,"enemies":"Gremlin Nob","floor":6.0,"turns":1.0},{"damage":0.0,"enemies":"2 Louse","floor":8.0,"turns":1.0},{"damage":1.0,"enemies":"Exordium Thugs","floor":11.0,"turns":3.0},{"damage":13.0,"enemies":"3 Sentries","floor":13.0,"turns":3.0},{"damage":11.0,"enemies":"2 Fungi Beasts","floor":14.0,"turns":3.0},{"damage":33,"enemies":"Hexaghost","floor":16,"turns":12},{"damage":13,"enemies":"Spheric Guardian","floor":18,"turns":4},{"damage":0,"enemies":"3 Byrds","floor":22,"turns":1},{"damage":8,"enemies":"Sentry and Sphere","floor":24,"turns":4},{"damage":2,"enemies":"Snake Plant","floor":27,"turns":3},{"damage":0,"enemies":"Gremlin Leader","floor":28,"turns":6},{"damage":18,"enemies":"Centurion and Healer","floor":29,"turns":3},{"damage":18,"enemies":"Shelled Parasite and Fungi","floor":30,"turns":4},{"damage":16,"enemies":"Slavers","floor":31,"turns":6},{"damage":1,"enemies":"Champ","floor":33,"turns":1}],"seed_played":"-7882273407243268470","potions_obtained":[{"floor":1.0,"key":"Strength Potion"},{"floor":11.0,"key":"Poison Potion"},{"floor":13.0,"key":"SteroidPotion"},{"floor":22,"key":"Explosive Potion"},{"floor":24,"key":"Block Potion"}],"is_trial":false,"path_per_floor":["M","?","$","M","T","E","R","M","T","R","M","?","E","M","R","B",null,"M","$","T","?","M","R","M","?","T","M","E","M","M","E","R","B"],"character_chosen":"DEFECT","items_purchased":["Oddly Smooth Stone","OrangePellets","Go for the Eyes"],"campfire_rested":2,"item_purchase_floors":[19,19,19],"current_hp_per_floor":[64,64,64,64,64,64,64,64,64,64,63,63,50,39,39,6,55,42,42,42,42,42,63,55,55,55,53,53,35,17,1,22,21],"gold":152,"neow_bonus":"THREE_ENEMY_KILL","is_prod":false,"is_daily":false,"chose_seed":false,"campfire_upgraded":2,"win_rate":0,"timestamp":1555864332,"path_taken":["M","?","?","M","?","E","R","M","T","R","M","?","E","M","R","BOSS","M","$","?","?","?","R","M","?","T","M","E","M","M","E","R","BOSS"],"build_version":"2019-04-20","purchased_purges":1,"victory":false,"max_hp_per_floor":[71,71,71,71,71,71,71,71,71,71,71,71,71,71,71,71,71,71,71,71,71,71,71,71,71,71,71,71,71,71,71,71,71],"card_choices":[{"not_picked":["Reinforced Body","Hologram"],"picked":"Rip and Tear","floor":1.0},{"not_picked":["Rip and Tear","Turbo"],"picked":"Gash","floor":4.0},{"not_picked":["Go for the Eyes","Conserve Battery"],"picked":"Electrodynamics","floor":6.0},{"not_picked":["Rebound","Lockon"],"picked":"BootSequence","floor":8.0},{"not_picked":["Streamline","Turbo"],"picked":"Conserve Battery","floor":11.0},{"not_picked":["Hyperbeam","Scrape"],"picked":"Consume","floor":13.0},{"not_picked":["Redo","FTL"],"picked":"Cold Snap","floor":14.0},{"not_picked":["Thunder Strike","Multi-Cast"],"picked":"All For One","floor":16},{"not_picked":[],"picked":"Defragment+1","floor":18},{"not_picked":[],"picked":"Conserve Battery","floor":22},{"not_picked":["Recycle"],"picked":"SKIP","floor":24},{"not_picked":["Stack"],"picked":"SKIP","floor":27},{"not_picked":["Sunder"],"picked":"SKIP","floor":28},{"not_picked":[],"picked":"Static Discharge+1","floor":29},{"not_picked":["Steam"],"picked":"SKIP","floor":30},{"not_picked":[],"picked":"Steam","floor":30},{"not_picked":["Recycle+1"],"picked":"SKIP","floor":31}],"player_experience":1183748,"relics_obtained":[{"floor":5.0,"key":"MawBank"},{"floor":6.0,"key":"Frozen Egg 2"},{"floor":9.0,"key":"Tiny Chest"},{"floor":13.0,"key":"Potion Belt"},{"floor":20,"key":"Bottled Tornado"},{"floor":26,"key":"Lantern"},{"floor":28,"key":"Bronze Scales"},{"floor":31,"key":"Blue Candle"}],"event_choices":[{"damage_healed":0.0,"max_hp_gain":0.0,"max_hp_loss":0.0,"gold_gain":0.0,"cards_transformed":["Strike_B"],"event_name":"Transmorgrifier","player_choice":"Transformed","floor":2.0,"gold_loss":0.0,"damage_taken":0.0,"cards_obtained":["Glacier"]},{"cards_removed":["Strike_B"],"damage_healed":0.0,"max_hp_gain":0.0,"max_hp_loss":0.0,"gold_gain":0.0,"event_name":"Purifier","player_choice":"Purged","floor":12.0,"gold_loss":0.0,"damage_taken":0.0},{"damage_healed":0,"gold_gain":0,"player_choice":"Ignored","damage_taken":0,"max_hp_gain":0,"max_hp_loss":0,"event_name":"Ghosts","floor":21,"gold_loss":0},{"damage_healed":0,"gold_gain":0,"player_choice":"Opened","damage_taken":0,"relics_obtained":["Matryoshka"],"max_hp_gain":0,"max_hp_loss":0,"event_name":"The Mausoleum","floor":25,"gold_loss":0,"cards_obtained":["Writhe"]}],"is_beta":true,"boss_relics":[{"not_picked":["FrozenCore","Empty Cage"],"picked":"Busted Crown"}],"items_purged_floors":[3],"is_endless":false,"potions_floor_spawned":[1,11,13,22,24],"killed_by":"Champ","ascension_level":20}