{"gold_per_floor":[109,158,169,183,183,210,221,236,236,265,285,285,355,114,114,209,209,209,209,36,36,36,36,36,36,36,36,36,36,6,6,6,6,6,6,6,6,6,6,6,6,6,6,6,6,6,6,6,6,6,6,6,6,6,6],"floor_reached":55,"playtime":4987,"items_purged":[],"score":743,"play_id":"06cfaf25-86aa-43e0-8c7b-f58783ee12a4","local_time":"20190326141457","is_ascension_mode":false,"campfire_choices":[{"data":"Clothesline","floor":12,"key":"SMITH"},{"data":"Feel No Pain","floor":15,"key":"SMITH"},{"data":"Shockwave","floor":24,"key":"SMITH"},{"data":"Flame Barrier","floor":27,"key":"SMITH"},{"floor":29,"key":"RECALL"},{"floor":32,"key":"REST"},{"data":"Demon Form","floor":40,"key":"SMITH"},{"floor":42,"key":"REST"},{"floor":46,"key":"REST"},{"data":"Corruption","floor":49,"key":"SMITH"},{"data":"Spot Weakness","floor":52,"key":"SMITH"}],"neow_cost":"NONE","seed_source_timestamp":545562759856429,"circlet_count":0,"master_deck":["Defend_R+1","Defend_R+1","Defend_R+1","Defend_R+1","Bash","Cleave","Spot Weakness+1","Headbutt","Feel No Pain+1","Corruption+1","Clothesline+1","Shockwave+1","True Grit","Dark Embrace","Feed","Pummel","Flame Barrier+1","Warcry","Metallicize","Necronomicurse","Shrug It Off+1","Warcry+1","Flame Barrier+1","Bite+1","Bite","Bite","Bite","Demon Form+1","Spot Weakness+1"],"relics":["Burning Blood","Strawberry","Dream Catcher","Red Skull","Bottled Tornado","Charon\u0027s Ashes","Ectoplasm","Necronomicon","Pear","Happy Flower","WingedGreaves","Blue Candle","Busted Crown","Whetstone","Paper Frog","Nunchaku"],"potions_floor_usage":[6,10,16,33,41,41,47,55,55],"damage_taken":[{"damage":1,"enemies":"Cultist","floor":1,"turns":3},{"damage":0,"enemies":"Small Slimes","floor":3,"turns":3},{"damage":6,"enemies":"Jaw Worm","floor":4,"turns":3},{"damage":30,"enemies":"Gremlin Nob","floor":6,"turns":4},{"damage":5,"enemies":"Looter","floor":7,"turns":4},{"damage":0,"enemies":"3 Louse","floor":8,"turns":3},{"damage":13,"enemies":"3 Sentries","floor":10,"turns":6},{"damage":13,"enemies":"2 Fungi Beasts","floor":11,"turns":4},{"damage":29,"enemies":"The Guardian","floor":16,"turns":11},{"damage":21,"enemies":"Spheric Guardian","floor":18,"turns":5},{"damage":5,"enemies":"Gremlin Leader","floor":23,"turns":6},{"damage":16,"enemies":"Slavers","floor":25,"turns":4},{"damage":21,"enemies":"Colosseum Slavers","floor":28,"turns":5},{"damage":7,"enemies":"Colosseum Nobs","floor":28,"turns":4},{"damage":4,"enemies":"2 Thieves","floor":30,"turns":2},{"damage":22,"enemies":"Collector","floor":33,"turns":9},{"damage":14,"enemies":"3 Shapes","floor":35,"turns":7},{"damage":0,"enemies":"Orb Walker","floor":36,"turns":3},{"damage":5,"enemies":"Writhing Mass","floor":38,"turns":6},{"damage":56,"enemies":"Reptomancer","floor":41,"turns":7},{"damage":10,"enemies":"Spire Growth","floor":45,"turns":5},{"damage":0,"enemies":"Sphere and 2 Shapes","floor":47,"turns":4},{"damage":0,"enemies":"Maw","floor":48,"turns":6},{"damage":18,"enemies":"Donu and Deca","floor":50,"turns":6},{"damage":51,"enemies":"Shield and Spear","floor":54,"turns":5},{"damage":61,"enemies":"The Heart","floor":55,"turns":3}],"seed_played":"-8215748183832326713","potions_obtained":[{"floor":4,"key":"Poison Potion"},{"floor":6,"key":"Fruit Juice"},{"floor":7,"key":"Explosive Potion"},{"floor":8,"key":"SpeedPotion"},{"floor":16,"key":"Dexterity Potion"},{"floor":33,"key":"Strength Potion"},{"floor":45,"key":"Poison Potion"},{"floor":47,"key":"Strength Potion"}],"is_trial":false,"path_per_floor":["T","?","M","?","?","?","?","?","?","?","M","?","?","M","M"],"character_chosen":"IRONCLAD","items_purchased":["Shockwave","True Grit","Dark Embrace","PowerPotion","Flame Barrier","Warcry","Metallicize"],"campfire_rested":3,"item_purchase_floors":[14,14,14,14,20,20,20],"current_hp_per_floor":[87,87,87,87,87,68,69,75,75,68,61,61,61,61,61,38,92,80,80,80,64,64,75,75,65,65,65,52,52,54,54,75,67,75,75,75,75,75,71,71,31,52,52,52,57,71,71,74,74,73,77,77,77,39,0],"gold":6,"neow_bonus":"RANDOM_COMMON_RELIC","is_prod":false,"is_daily":false,"chose_seed":false,"campfire_upgraded":7,"win_rate":0,"timestamp":1553609697,"path_taken":["M","?","M","M","?","E","M","?","T","E","M","R","?","$","R","BOSS","M","?","$","?","?","E","R","E","T","R","?","R","M","?","R","BOSS","M","M","?","?","?","R","E","R","T","?","?","R","?","M","R","BOSS","R","$","E","BOSS"],"build_version":"2019-01-23","purchased_purges":0,"victory":false,"max_hp_per_floor":[87,87,87,87,87,92,92,92,92,92,92,92,92,92,92,92,92,95,95,95,95,95,105,105,105,105,105,108,108,108,75,75,75,75,75,75,75,75,71,71,71,71,71,71,71,71,71,74,74,77,77,77,77,77,77],"card_choices":[{"not_picked":["Pummel","Clash"],"picked":"Cleave","floor":1},{"not_picked":["Blood for Blood","Battle Trance"],"picked":"Spot Weakness","floor":3},{"not_picked":["Disarm","Havoc"],"picked":"Headbutt","floor":4},{"not_picked":["Fire Breathing","Infernal Blade"],"picked":"Feel No Pain","floor":6},{"not_picked":["Seeing Red","Rupture","Clash"],"picked":"SKIP","floor":7},{"not_picked":["Sentinel","Second Wind"],"picked":"Corruption","floor":8},{"not_picked":["Rampage","Clash"],"picked":"Clothesline","floor":10},{"not_picked":["Clothesline","Sword Boomerang","Bloodletting"],"picked":"SKIP","floor":11},{"not_picked":["Double Tap","Reaper"],"picked":"Feed","floor":16},{"not_picked":["Twin Strike","Seeing Red"],"picked":"Pummel","floor":18},{"not_picked":["Headbutt","Thunderclap+1"],"picked":"Shrug It Off+1","floor":23},{"not_picked":["Burning Pact","Rage","Clash+1"],"picked":"SKIP","floor":25},{"not_picked":["Body Slam+1","Heavy Blade"],"picked":"Warcry+1","floor":28},{"not_picked":["Clothesline","Headbutt"],"picked":"Flame Barrier+1","floor":30},{"not_picked":["Bludgeon","Juggernaut"],"picked":"Demon Form","floor":33},{"not_picked":["Sword Boomerang"],"picked":"SKIP","floor":35},{"not_picked":["Corruption+1"],"picked":"SKIP","floor":36},{"not_picked":[],"picked":"Spot Weakness+1","floor":38},{"not_picked":["Blood for Blood+1"],"picked":"SKIP","floor":41},{"not_picked":["Havoc"],"picked":"SKIP","floor":45},{"not_picked":["Body Slam+1"],"picked":"SKIP","floor":47},{"not_picked":["Body Slam+1"],"picked":"SKIP","floor":48},{"not_picked":["Thunderclap"],"picked":"SKIP","floor":54}],"player_experience":324465,"relics_obtained":[{"floor":2,"key":"Dream Catcher"},{"floor":6,"key":"Red Skull"},{"floor":9,"key":"Bottled Tornado"},{"floor":10,"key":"Charon\u0027s Ashes"},{"floor":21,"key":"Necronomicon"},{"floor":23,"key":"Pear"},{"floor":25,"key":"Happy Flower"},{"floor":28,"key":"WingedGreaves"},{"floor":28,"key":"Blue Candle"},{"floor":41,"key":"Whetstone"},{"floor":43,"key":"Paper Frog"},{"floor":54,"key":"Nunchaku"}],"event_choices":[{"cards_removed":["Strike_R"],"damage_healed":0,"gold_gain":0,"player_choice":"Offered Basic","damage_taken":0,"max_hp_gain":0,"max_hp_loss":0,"event_name":"Bonfire Elementals","floor":5,"gold_loss":0},{"damage_healed":0,"gold_gain":70,"player_choice":"Gained Gold","damage_taken":0,"max_hp_gain":0,"max_hp_loss":0,"event_name":"Golden Wing","floor":13,"gold_loss":0},{"damage_healed":0,"gold_gain":0,"player_choice":"Simplicity","damage_taken":0,"max_hp_gain":0,"max_hp_loss":0,"event_name":"Back to Basics","floor":19,"gold_loss":0,"cards_upgraded":["Strike_R","Strike_R","Strike_R","Strike_R","Defend_R","Defend_R","Defend_R","Defend_R"]},{"damage_healed":0,"gold_gain":0,"player_choice":"Obtained Book","damage_taken":16,"max_hp_gain":0,"max_hp_loss":0,"event_name":"Cursed Tome","floor":21,"gold_loss":0},{"damage_healed":0,"gold_gain":0,"player_choice":"Ignored","damage_taken":0,"max_hp_gain":0,"max_hp_loss":0,"event_name":"Ghosts","floor":22,"gold_loss":0},{"damage_healed":0,"gold_gain":0,"player_choice":"Fight","damage_taken":0,"max_hp_gain":0,"max_hp_loss":0,"event_name":"Colosseum","floor":28,"gold_loss":0},{"damage_healed":0,"gold_gain":0,"player_choice":"Fought Nobs","damage_taken":0,"max_hp_gain":0,"max_hp_loss":0,"event_name":"Colosseum","floor":28,"gold_loss":0},{"damage_healed":0,"gold_gain":0,"player_choice":"Became a vampire","damage_taken":0,"max_hp_gain":0,"max_hp_loss":33,"event_name":"Vampires","floor":31,"gold_loss":0,"cards_obtained":["Bite","Bite","Bite","Bite","Bite"]},{"damage_healed":0,"gold_gain":0,"player_choice":"Ignored","damage_taken":0,"max_hp_gain":0,"max_hp_loss":0,"event_name":"Transmorgrifier","floor":37,"gold_loss":0},{"damage_healed":0,"gold_gain":0,"player_choice":"Max HP","damage_taken":0,"max_hp_gain":0,"max_hp_loss":4,"event_name":"Winding Halls","floor":39,"gold_loss":0},{"cards_removed":["Bite"],"damage_healed":0,"gold_gain":0,"player_choice":"Card Removal","damage_taken":0,"max_hp_gain":0,"max_hp_loss":0,"event_name":"Wheel of Change","floor":44,"gold_loss":0}],"is_beta":false,"boss_relics":[{"not_picked":["Runic Cube","Pandora\u0027s Box"],"picked":"Ectoplasm"},{"not_picked":["Coffee Dripper","Empty Cage"],"picked":"Busted Crown"}],"items_purged_floors":[],"is_endless":false,"potions_floor_spawned":[4,6,7,8,16,28,28,33,35,45,47],"killed_by":"The Heart","ascension_level":0}