{"gold_per_floor":[13,13,28,28,28,28,41,41,112,136,175,21,36,95,95,226,226,239,93,0,24,49,49],"floor_reached":23,"playtime":619,"items_purged":[],"score":284,"play_id":"e3ade966-b5d7-47f4-914f-12ac202a26d1","local_time":"20190320234802","is_ascension_mode":true,"campfire_choices":[{"data":"Zap","floor":6,"key":"SMITH"},{"data":"Redo","floor":8,"key":"SMITH"},{"data":"Dualcast","floor":15,"key":"SMITH"}],"neow_cost":"NO_GOLD","seed_source_timestamp":192196314108800,"circlet_count":0,"master_deck":["AscendersBane","Strike_B","Strike_B","Defend_B","Defend_B","Defend_B","Defend_B","Zap+1","Dualcast+1","Redo+1","Loop","Chaos","All For One","Ball Lightning","Steam","Gash","Go for the Eyes","Barrage","Electrodynamics","Reboot+1","Steam+1","Conserve Battery+1"],"relics":["Cracked Core","Golden Idol","Toxic Egg 2","Thread and Needle","DataDisk","Eternal Feather","Orichalcum","Oddly Smooth Stone"],"potions_floor_usage":[],"damage_taken":[{"damage":12,"enemies":"Jaw Worm","floor":1,"turns":3},{"damage":0,"enemies":"Cultist","floor":3,"turns":2},{"damage":8,"enemies":"Small Slimes","floor":7,"turns":2},{"damage":8,"enemies":"3 Louse","floor":10,"turns":3},{"damage":24,"enemies":"3 Sentries","floor":11,"turns":5},{"damage":0,"enemies":"Exordium Thugs","floor":13,"turns":3},{"damage":8,"enemies":"Hexaghost","floor":16,"turns":8},{"damage":22,"enemies":"2 Thieves","floor":18,"turns":3},{"damage":0,"enemies":"Chosen","floor":21,"turns":3},{"damage":33,"enemies":"Slavers","floor":23,"turns":2}],"seed_played":"-8878172137814073476","potions_obtained":[{"floor":1,"key":"Ancient Potion"},{"floor":3,"key":"Dexterity Potion"},{"floor":7,"key":"Poison Potion"}],"is_trial":false,"path_per_floor":["M","?","M","$","?","R","M","R","T","M","E","$","M","?","R","B",null,"M","$","?","M","T","E"],"character_chosen":"DEFECT","items_purchased":["DataDisk","Orichalcum"],"campfire_rested":0,"item_purchase_floors":[12,19],"current_hp_per_floor":[56,56,56,56,56,56,48,48,48,40,16,16,16,16,16,8,54,32,32,32,32,32,0],"gold":49,"neow_bonus":"TRANSFORM_TWO_CARDS","is_prod":false,"is_daily":false,"chose_seed":false,"campfire_upgraded":3,"win_rate":0,"timestamp":1553140082,"path_taken":["M","?","?","$","?","R","M","R","T","M","E","$","M","?","R","BOSS","M","$","?","M","?","E"],"build_version":"2019-01-23","purchased_purges":0,"victory":false,"max_hp_per_floor":[75,75,75,75,69,69,69,69,69,69,69,69,69,69,69,69,69,69,69,69,69,69,69],"card_choices":[{"not_picked":["Lockon","Glacier"],"picked":"Chaos","floor":1},{"not_picked":["Stack","Force Field"],"picked":"Steam","floor":3},{"not_picked":["Turbo","Sunder"],"picked":"Gash","floor":7},{"not_picked":["Barrage","Doom and Gloom"],"picked":"Go for the Eyes","floor":10},{"not_picked":["Reprogram+1","Rip and Tear"],"picked":"Barrage","floor":11},{"not_picked":["Tempest+1","Skim+1"],"picked":"Electrodynamics","floor":13},{"not_picked":["Electrodynamics","Multi-Cast+1"],"picked":"Reboot+1","floor":16},{"not_picked":["Stack+1","Storm"],"picked":"Steam+1","floor":18},{"not_picked":["Stack+1","Static Discharge+1"],"picked":"Conserve Battery+1","floor":21}],"player_experience":551826,"relics_obtained":[{"floor":9,"key":"Toxic Egg 2"},{"floor":11,"key":"Thread and Needle"},{"floor":22,"key":"Oddly Smooth Stone"}],"event_choices":[{"damage_healed":0,"gold_gain":0,"player_choice":"2 cards matched","damage_taken":0,"max_hp_gain":0,"max_hp_loss":0,"event_name":"Match and Keep!","floor":2,"gold_loss":0,"cards_obtained":["All For One","Ball Lightning"]},{"damage_healed":0,"gold_gain":0,"player_choice":"Lose Max HP","damage_taken":0,"relics_obtained":["Golden Idol"],"max_hp_gain":0,"max_hp_loss":6,"event_name":"Golden Idol","floor":5,"gold_loss":0},{"damage_healed":0,"gold_gain":59,"player_choice":"Gained Gold","damage_taken":0,"max_hp_gain":0,"max_hp_loss":0,"event_name":"Golden Wing","floor":14,"gold_loss":0},{"damage_healed":0,"gold_gain":0,"player_choice":"Paid Fearfully","damage_taken":0,"max_hp_gain":0,"max_hp_loss":0,"event_name":"Masked Bandits","floor":20,"gold_loss":93}],"is_beta":false,"boss_relics":[{"not_picked":["Snecko Eye","Lizard Tail"],"picked":"Eternal Feather"}],"items_purged_floors":[],"is_endless":false,"potions_floor_spawned":[1,3,7,16,21],"killed_by":"Slavers","ascension_level":10}