{"path_per_floor":["M","M","M","?","M","E","R","M","T","M","$","R","?","?","R","B",null,"M","M","?","M","?","R","M","$","T","?"],"character_chosen":"IRONCLAD","items_purchased":["Armaments","Rampage","Mind Blast"],"gold_per_floor":[113,130,140,140,159,184,184,200,200,218,24,24,24,24,24,149,149,168,189,189,212,212,212,237,148,194,194],"floor_reached":28,"campfire_rested":2,"playtime":1860,"current_hp_per_floor":[80,77,76,73,61,13,37,39,39,41,41,41,41,41,65,31,80,55,41,41,39,39,47,30,30,30,30],"items_purged":["Strike_R"],"gold":194,"score":245,"play_id":"f331a7b7-8f8a-4de8-918d-8461a17755fd","is_prod":false,"is_daily":false,"is_ascension_mode":false,"campfire_upgraded":2,"path_taken":["M","M","M","?","?","E","R","M","T","M","?","R","?","?","R","BOSS","M","M","?","M","?","R","M","$","T","?","M"],"build_version":"2018-02-12-PROD1","purchased_purges":1,"victory":false,"master_deck":["Defend_R","Defend_R","Defend_R","Defend_R","Bash+1","Shrug It Off","Headbutt","Shockwave","Searing Blow+2","Blood for Blood","Whirlwind","Armaments","Rampage","Headbutt","Infernal Blade+1","Spot Weakness","Mind Blast","Bite","Bite","Bite","Bite","Bite"],"max_hp_per_floor":[80,80,80,80,80,80,80,80,80,80,80,80,80,80,80,80,80,80,80,80,80,80,80,80,80,80,80],"relics":["Burning Blood","Dream Catcher","Thread and Needle","Golden Idol","Eternal Feather","Spirit Poop","Pen Nib"],"card_choices":[{"not_picked":["Havoc","Twin Strike"],"picked":"Shrug It Off"},{"not_picked":["Wild Strike","Sword Boomerang"],"picked":"Headbutt"},{"not_picked":["Wild Strike","Clash"],"picked":"Shockwave"},{"not_picked":["Wild Strike","Cleave"],"picked":"Searing Blow"},{"not_picked":["Combust","Pommel Strike"],"picked":"Blood for Blood"},{"not_picked":["Perfected Strike","Fire Breathing"],"picked":"Whirlwind"},{"not_picked":["Cleave","Blood for Blood"],"picked":"Headbutt"},{"not_picked":["Fiend Fire","Berserk"],"picked":"Immolate"},{"not_picked":["Rampage","Iron Wave"],"picked":"Infernal Blade"},{"not_picked":["Iron Wave","Evolve"],"picked":"Spot Weakness"}],"player_experience":93170,"potions_floor_usage":[6,16,19,21,24],"damage_taken":[{"damage":6,"enemies":"Cultist","floor":1,"turns":3},{"damage":9,"enemies":"Blue Slaver","floor":2,"turns":5},{"damage":7,"enemies":"2 Louse","floor":3,"turns":3},{"damage":18,"enemies":"Large Slime","floor":5,"turns":10},{"damage":54,"enemies":"Lagavulin","floor":6,"turns":13},{"damage":6,"enemies":"Looter","floor":8,"turns":5},{"damage":6,"enemies":"3 Louse","floor":10,"turns":5},{"damage":42,"enemies":"Slime Boss","floor":16,"turns":13},{"damage":31,"enemies":"Chosen","floor":18,"turns":6},{"damage":22,"enemies":"2 Thieves","floor":19,"turns":4},{"damage":10,"enemies":"Snecko","floor":21,"turns":5},{"damage":25,"enemies":"Cultist and Chosen","floor":24,"turns":7},{"damage":35,"enemies":"Slaver and Parasite","floor":28,"turns":4}],"event_choices":[{"event_name":"Scrap Ooze","player_choice":"success","floor":4,"damage_taken":3},{"event_name":"Liars Game","player_choice":"disagreed","floor":13,"damage_taken":0},{"event_name":"Golden Idol","player_choice":"Take Wound","floor":14,"damage_taken":0},{"event_name":"Bonfire Elementals","player_choice":"CURSE","floor":20,"damage_taken":0},{"event_name":"Purifier","player_choice":"One Purge","floor":22,"damage_taken":0},{"event_name":"Vampires","player_choice":"Became a vampire (Vial)","floor":27,"damage_taken":0}],"boss_relics":[{"not_picked":["Tiny House","Runic Cube"],"picked":"Eternal Feather"}],"potions_floor_spawned":[5,6,8,19,21],"seed_played":"2712105216121692088","killed_by":"Slaver and Parasite","ascension_level":0,"is_trial":false}