{"gold_per_floor":[119,119,133,145,24,24,86,105,105,122,150,183,211,223,223,326,326,336,261,27,27,1,1],"floor_reached":23,"playtime":925,"items_purged":[],"score":257,"play_id":"874df847-a5bc-4b74-9e14-04e0da07ccdf","local_time":"20181110134048","is_ascension_mode":true,"campfire_choices":[{"data":"Electrodynamics","floor":6,"key":"SMITH"},{"floor":15,"key":"REST"}],"neow_cost":"NONE","seed_source_timestamp":247489667387400,"circlet_count":0,"master_deck":["Strike_B","Strike_B","Defend_B","Defend_B","Defend_B","Defend_B","Zap","Dualcast","Cold Snap","Melter","Defragment","Electrodynamics+1","Conserve Battery","Loop","Ball Lightning","Cold Snap","Leap","Capacitor","Leap","Echo Form+1","Hello World","Capacitor","Turbo"],"relics":["FrozenCore","NeowsBlessing","Symbiotic Virus","WingedGreaves","Regal Pillow","Molten Egg 2","Juzu Bracelet"],"potions_floor_usage":[11,12,16,16],"damage_taken":[{"damage":0,"enemies":"Cultist","floor":1,"turns":1},{"damage":0,"enemies":"Jaw Worm","floor":3,"turns":1},{"damage":0,"enemies":"Small Slimes","floor":4,"turns":1},{"damage":15,"enemies":"Exordium Thugs","floor":8,"turns":4},{"damage":5,"enemies":"Exordium Wildlife","floor":10,"turns":3},{"damage":0,"enemies":"3 Sentries","floor":11,"turns":3},{"damage":20,"enemies":"Gremlin Nob","floor":12,"turns":4},{"damage":9,"enemies":"3 Sentries","floor":13,"turns":5},{"damage":13,"enemies":"2 Fungi Beasts","floor":14,"turns":3},{"damage":9,"enemies":"Hexaghost","floor":16,"turns":7},{"damage":15,"enemies":"Chosen","floor":18,"turns":5},{"damage":71,"enemies":"Gremlin Leader","floor":23,"turns":7}],"seed_played":"5065469464551715698","potions_obtained":[{"floor":3,"key":"Block Potion"},{"floor":4,"key":"FocusPotion"},{"floor":8,"key":"Ancient Potion"},{"floor":12,"key":"Poison Potion"},{"floor":14,"key":"Fruit Juice"},{"floor":16,"key":"Ancient Potion"}],"is_trial":false,"path_per_floor":["M","?","M","M","$","R","?","M","T","M","E","E","E","M","R","B",null,"M","?","$","?","$","E"],"character_chosen":"DEFECT","items_purchased":["Conserve Battery","Loop","Capacitor","Juzu Bracelet","Turbo"],"campfire_rested":1,"item_purchase_floors":[5,5,20,20,22],"current_hp_per_floor":[75,75,75,75,75,75,75,60,60,55,55,35,26,13,50,46,80,65,65,65,65,65,0],"gold":1,"neow_bonus":"THREE_ENEMY_KILL","is_prod":false,"is_daily":false,"chose_seed":false,"campfire_upgraded":1,"win_rate":0,"timestamp":1541875248,"path_taken":["M","?","?","M","$","R","?","M","T","M","E","E","E","M","R","BOSS","M","?","$","?","$","E"],"build_version":"2018-11-08","purchased_purges":0,"victory":false,"max_hp_per_floor":[75,75,75,75,75,75,75,75,75,75,75,75,75,75,75,80,80,80,80,80,80,80,80],"card_choices":[{"not_picked":["Steam","Fusion"],"picked":"Cold Snap","floor":1},{"not_picked":["Beam Cell","Sweeping Beam"],"picked":"Defragment","floor":3},{"not_picked":["Chaos","Cold Snap"],"picked":"Electrodynamics","floor":4},{"not_picked":["Scrape","Compile Driver"],"picked":"Ball Lightning","floor":8},{"not_picked":["All For One","Rebound"],"picked":"Cold Snap","floor":10},{"not_picked":["Hologram","Sweeping Beam","Beam Cell"],"picked":"SKIP","floor":11},{"not_picked":["Rip and Tear","Blizzard"],"picked":"Leap","floor":12},{"not_picked":["Leap","Genetic Algorithm"],"picked":"Capacitor","floor":13},{"not_picked":["Compile Driver+1","Hologram"],"picked":"Leap","floor":14},{"not_picked":["Fission","Core Surge+1"],"picked":"Echo Form","floor":16},{"not_picked":["Rebound+1","Compile Driver+1"],"picked":"Hello World","floor":18}],"player_experience":285979,"relics_obtained":[{"floor":9,"key":"Symbiotic Virus"},{"floor":11,"key":"WingedGreaves"},{"floor":12,"key":"Regal Pillow"},{"floor":13,"key":"Molten Egg 2"}],"event_choices":[{"damage_healed":0,"gold_gain":0,"cards_transformed":["Strike_B"],"player_choice":"Transformed","damage_taken":0,"max_hp_gain":0,"max_hp_loss":0,"event_name":"Transmorgrifier","floor":2,"gold_loss":0,"cards_obtained":["Melter"]},{"damage_healed":0,"gold_gain":62,"player_choice":"Gained Gold","damage_taken":0,"max_hp_gain":0,"max_hp_loss":0,"event_name":"Golden Wing","floor":7,"gold_loss":0},{"cards_removed":["Strike_B"],"damage_healed":0,"gold_gain":0,"player_choice":"Gave Gold","damage_taken":0,"max_hp_gain":0,"max_hp_loss":0,"event_name":"Beggar","floor":19,"gold_loss":75},{"damage_healed":0,"gold_gain":0,"player_choice":"Upgraded","damage_taken":0,"max_hp_gain":0,"max_hp_loss":0,"event_name":"Upgrade Shrine","floor":21,"gold_loss":0,"cards_upgraded":["Echo Form"]}],"is_beta":true,"boss_relics":[{"not_picked":["Nuclear Battery","Sozu"],"picked":"FrozenCore"}],"items_purged_floors":[],"is_endless":false,"potions_floor_spawned":[3,4,8,12,14,16],"killed_by":"Gremlin Leader","ascension_level":2}