{"gold_per_floor":[111,42,52,65,82,82,94,94,94,94,120,131,161,161,161,285,285,299,259,274,309,309,347,29,29,29,29,29,29,62,81,81,200,200,224,240,260,275,293,337,357,357,357,400,622,635,760,760,760,760],"floor_reached":51,"playtime":2511,"items_purged":[],"score":957,"play_id":"cdc06f61-7147-4191-93c3-f7029308d3ef","local_time":"20190425142419","is_ascension_mode":false,"campfire_choices":[{"data":"Flex","floor":6.0,"key":"SMITH"},{"data":"Clothesline","floor":8.0,"key":"SMITH"},{"data":"Bash","floor":10.0,"key":"SMITH"},{"data":"Inflame","floor":15.0,"key":"SMITH"},{"data":"Shockwave","floor":25.0,"key":"SMITH"},{"data":"Armaments","floor":27.0,"key":"SMITH"},{"floor":32.0,"key":"REST"},{"data":"Heavy Blade","floor":42,"key":"SMITH"},{"data":"True Grit","floor":49,"key":"SMITH"}],"neow_cost":"NONE","seed_source_timestamp":1134497986629000,"circlet_count":0,"master_deck":["Strike_R+1","Strike_R+1","Strike_R+1","Strike_R+1","Defend_R+1","Defend_R+1","Defend_R+1","Defend_R+1","Bash+1","Cleave","Spot Weakness","Clothesline+1","Flex+1","Twin Strike","True Grit+1","Inflame+1","Headbutt","Feed+1","Heavy Blade+1","Shrug It Off+1","Shrug It Off","Shockwave+1","Armaments+1","Power Through","Shrug It Off","Exhume","Twin Strike+1","Inflame+1","Sword Boomerang+1","Power Through+1","Exhume","Pommel Strike+1","Shrug It Off+1","True Grit+1","Decay"],"special_seed":0,"relics":["Burning Blood","Anchor","Potion Belt","Mummified Hand","Golden Idol","Snecko Eye","Red Mask","Art of War","OrangePellets","Dodecahedron","Ornamental Fan","Regal Pillow","Cursed Key","Oddly Smooth Stone","Dream Catcher","Calipers","FossilizedHelix"],"potions_floor_usage":[50,50,50],"damage_taken":[{"damage":7.0,"enemies":"Small Slimes","floor":1.0,"turns":6.0},{"damage":0.0,"enemies":"2 Louse","floor":3.0,"turns":2.0},{"damage":0.0,"enemies":"Cultist","floor":4.0,"turns":4.0},{"damage":0.0,"enemies":"Large Slime","floor":5.0,"turns":6.0},{"damage":0.0,"enemies":"3 Louse","floor":7.0,"turns":2.0},{"damage":16.0,"enemies":"Lagavulin","floor":11.0,"turns":5.0},{"damage":7.0,"enemies":"Blue Slaver","floor":12.0,"turns":3.0},{"damage":11.0,"enemies":"Gremlin Nob","floor":13.0,"turns":4.0},{"damage":36.0,"enemies":"Hexaghost","floor":16.0,"turns":6.0},{"damage":5.0,"enemies":"3 Byrds","floor":18.0,"turns":5.0},{"damage":22.0,"enemies":"Spheric Guardian","floor":20.0,"turns":4.0},{"damage":27.0,"enemies":"Masked Bandits","floor":21.0,"turns":4.0},{"damage":0.0,"enemies":"Book of Stabbing","floor":23.0,"turns":4.0},{"damage":7.0,"enemies":"Gremlin Leader","floor":30.0,"turns":8.0},{"damage":1.0,"enemies":"Centurion and Healer","floor":31.0,"turns":3.0},{"damage":24.0,"enemies":"Collector","floor":33.0,"turns":11.0},{"damage":0.0,"enemies":"3 Darklings","floor":35.0,"turns":4.0},{"damage":0.0,"enemies":"Orb Walker","floor":36.0,"turns":3.0},{"damage":29.0,"enemies":"Maw","floor":37.0,"turns":7.0},{"damage":6.0,"enemies":"Writhing Mass","floor":38.0,"turns":5.0},{"damage":17.0,"enemies":"Jaw Worm Horde","floor":39.0,"turns":5.0},{"damage":0.0,"enemies":"Reptomancer","floor":40.0,"turns":5.0},{"damage":0.0,"enemies":"Spire Growth","floor":41.0,"turns":3.0},{"damage":5,"enemies":"Nemesis","floor":44,"turns":5},{"damage":0,"enemies":"3 Darklings","floor":46,"turns":3},{"damage":1,"enemies":"Mind Bloom Boss Battle","floor":47,"turns":5},{"damage":13,"enemies":"Donu and Deca","floor":50,"turns":8}],"seed_played":"6913096069050284449","potions_obtained":[{"floor":4.0,"key":"LiquidBronze"},{"floor":7.0,"key":"SpeedPotion"},{"floor":13.0,"key":"Dexterity Potion"},{"floor":31.0,"key":"SkillPotion"},{"floor":39.0,"key":"Fruit Juice"},{"floor":40.0,"key":"AttackPotion"},{"floor":44,"key":"FairyPotion"},{"floor":46,"key":"FearPotion"},{"floor":47,"key":"Fire Potion"}],"is_trial":false,"path_per_floor":["M","$","M","M","M","R","M","R","T","R","E","M","E","?","R","B",null,"M","?","M","?","?","E","$","R","T","R","T","?","E","M","R","B",null,"M","M","M","M","M","E","M","R","T","E","?","M","?","T","R","B",null],"character_chosen":"IRONCLAD","items_purchased":["Spot Weakness","Shockwave","OrangePellets","Armaments"],"campfire_rested":1,"item_purchase_floors":[2,24,24,24],"current_hp_per_floor":[79,79,80,80,80,80,80,80,80,80,70,69,64,44,44,14,80,83,83,67,50,50,56,56,56,56,56,56,56,55,64,91,73,91,95,99,76,76,69,80,90,90,90,95,95,105,110,110,110,107],"gold":760,"neow_bonus":"REMOVE_CARD","is_prod":false,"is_daily":false,"chose_seed":false,"campfire_upgraded":8,"win_rate":1,"timestamp":1556227459,"path_taken":["M","$","M","M","M","R","M","R","T","R","E","M","E","?","R","BOSS","M","?","?","?","?","E","$","R","T","R","?","?","E","?","R","BOSS","M","M","M","M","M","E","M","R","T","E","?","M","?","?","R","BOSS"],"build_version":"2019-01-23","purchased_purges":0,"victory":true,"max_hp_per_floor":[80,80,80,80,80,80,80,80,80,80,80,80,80,80,80,80,80,83,83,83,87,87,87,87,87,87,87,87,87,87,91,91,91,91,95,99,99,99,103,108,112,112,112,116,116,120,120,120,120,124],"card_choices":[{"not_picked":["Flex","Havoc"],"picked":"Cleave","floor":1.0},{"not_picked":["Pommel Strike","Shrug It Off"],"picked":"Clothesline","floor":3.0},{"not_picked":["Sword Boomerang","Second Wind"],"picked":"Flex","floor":4.0},{"not_picked":["Clothesline","Pummel"],"picked":"Twin Strike","floor":5.0},{"not_picked":["Flex","Pommel Strike","Berserk"],"picked":"SKIP","floor":7.0},{"not_picked":["Clothesline","Pommel Strike"],"picked":"True Grit","floor":11.0},{"not_picked":["Infernal Blade","Clothesline"],"picked":"Inflame","floor":12.0},{"not_picked":["Seeing Red","Anger"],"picked":"Headbutt","floor":13.0},{"not_picked":["Berserk","Barricade"],"picked":"Feed","floor":16.0},{"not_picked":["Sentinel","Clash"],"picked":"Heavy Blade","floor":18.0},{"not_picked":["Clash+1","Searing Blow","Twin Strike"],"picked":"SKIP","floor":20.0},{"not_picked":["Body Slam+1","Bloodletting"],"picked":"Shrug It Off+1","floor":21.0},{"not_picked":["Pummel","Rampage"],"picked":"Shrug It Off","floor":23.0},{"not_picked":["Rage","Thunderclap"],"picked":"Power Through","floor":30.0},{"not_picked":["Iron Wave","Reckless Charge"],"picked":"Shrug It Off","floor":31.0},{"not_picked":["Juggernaut","Double Tap"],"picked":"Exhume","floor":33.0},{"not_picked":["Body Slam","Carnage"],"picked":"Twin Strike+1","floor":35.0},{"not_picked":["Armaments","Anger","Clothesline"],"picked":"SKIP","floor":36.0},{"not_picked":["Barricade","Entrench"],"picked":"Inflame+1","floor":37.0},{"not_picked":["Perfected Strike","Anger+1"],"picked":"Sword Boomerang+1","floor":38.0},{"not_picked":["Thunderclap+1","Headbutt"],"picked":"Power Through+1","floor":39.0},{"not_picked":["Combust","Dropkick"],"picked":"Exhume","floor":40.0},{"not_picked":["Wild Strike+1","Perfected Strike"],"picked":"Pommel Strike+1","floor":41.0},{"not_picked":["Dropkick","Seeing Red","Clash"],"picked":"SKIP","floor":44},{"not_picked":["Cleave+1","Clothesline+1"],"picked":"Shrug It Off+1","floor":46},{"not_picked":["Rampage+1","Shrug It Off"],"picked":"True Grit+1","floor":47}],"player_experience":584200,"relics_obtained":[{"floor":9.0,"key":"Anchor"},{"floor":11.0,"key":"Potion Belt"},{"floor":13.0,"key":"Mummified Hand"},{"floor":21.0,"key":"Red Mask"},{"floor":23.0,"key":"Art of War"},{"floor":26.0,"key":"Dodecahedron"},{"floor":28.0,"key":"Ornamental Fan"},{"floor":30.0,"key":"Regal Pillow"},{"floor":40.0,"key":"Oddly Smooth Stone"},{"floor":44,"key":"Dream Catcher"},{"floor":47,"key":"Calipers"},{"floor":48,"key":"FossilizedHelix"}],"event_choices":[{"damage_healed":0.0,"max_hp_gain":0.0,"max_hp_loss":0.0,"gold_gain":0.0,"event_name":"Golden Idol","player_choice":"Take Damage","floor":14.0,"gold_loss":0.0,"damage_taken":20.0,"relics_obtained":["Golden Idol"]},{"damage_healed":0.0,"max_hp_gain":0.0,"max_hp_loss":0.0,"gold_gain":0.0,"event_name":"Designer","player_choice":"Upgraded Two","floor":19.0,"gold_loss":40.0,"damage_taken":0.0,"cards_upgraded":["Defend_R","Feed"]},{"damage_healed":0.0,"max_hp_gain":0.0,"max_hp_loss":0.0,"gold_gain":0.0,"event_name":"Masked Bandits","player_choice":"Fought Bandits","floor":21.0,"gold_loss":0.0,"damage_taken":0.0},{"damage_healed":0.0,"max_hp_gain":0.0,"max_hp_loss":0.0,"gold_gain":0.0,"event_name":"Back to Basics","player_choice":"Simplicity","floor":22.0,"gold_loss":0.0,"damage_taken":0.0,"cards_upgraded":["Strike_R","Strike_R","Strike_R","Strike_R","Defend_R","Defend_R","Defend_R"]},{"damage_healed":0.0,"max_hp_gain":0.0,"max_hp_loss":0.0,"gold_gain":0.0,"event_name":"Beggar","player_choice":"Ignored","floor":29.0,"gold_loss":0.0,"damage_taken":0.0},{"damage_healed":0,"gold_gain":222,"player_choice":"Wore Mask","damage_taken":0,"max_hp_gain":0,"max_hp_loss":0,"event_name":"Tomb of Lord Red Mask","floor":45,"gold_loss":0},{"damage_healed":0,"gold_gain":0,"player_choice":"Fight","damage_taken":0,"max_hp_gain":0,"max_hp_loss":0,"event_name":"MindBloom","floor":47,"gold_loss":0}],"is_beta":false,"boss_relics":[{"not_picked":["Black Star","Calling Bell"],"picked":"Snecko Eye"},{"not_picked":["Coffee Dripper","Fusion Hammer"],"picked":"Cursed Key"}],"items_purged_floors":[],"is_endless":false,"potions_floor_spawned":[4,7,13,31,39,40,44,46,47],"ascension_level":0}