{"gold_per_floor":[117,117,135,135,135,135,150,170,195,228,228,296,327,352,352,475,475,498,14,14,34,59,59,59],"floor_reached":24,"playtime":956,"items_purged":["Strike_R"],"score":313,"play_id":"2f6aa9ae-9591-45ea-8588-ac4f7439d860","local_time":"20190302012132","is_ascension_mode":true,"campfire_choices":[{"data":"Armaments","floor":6,"key":"SMITH"},{"floor":15,"key":"REST"},{"data":"Combust","floor":23,"key":"SMITH"}],"neow_cost":"NONE","seed_source_timestamp":646454071809200,"circlet_count":0,"master_deck":["Defend_R","Defend_R","Defend_R","Defend_R","Bash","Combust+1","Heavy Blade","Armaments+1","Thunderclap","Shockwave","Reaper","Bite","Bite","Bite","Bite","Bite"],"relics":["Burning Blood","Golden Idol","Omamori","Red Skull","Bronze Scales","Black Star","Art of War","ClockworkSouvenir"],"potions_floor_usage":[10,16,16,21],"damage_taken":[{"damage":6,"enemies":"2 Louse","floor":1,"turns":3},{"damage":16,"enemies":"Jaw Worm","floor":3,"turns":4},{"damage":0,"enemies":"Small Slimes","floor":7,"turns":3},{"damage":6,"enemies":"Looter","floor":8,"turns":4},{"damage":56,"enemies":"3 Sentries","floor":10,"turns":7},{"damage":8,"enemies":"Gremlin Nob","floor":13,"turns":3},{"damage":13,"enemies":"Blue Slaver","floor":14,"turns":2},{"damage":41,"enemies":"Slime Boss","floor":16,"turns":9},{"damage":65,"enemies":"Shell Parasite","floor":18,"turns":8},{"damage":17,"enemies":"Chosen","floor":21,"turns":5},{"damage":30,"enemies":"Centurion and Healer","floor":22,"turns":11},{"damage":74,"enemies":"Gremlin Leader","floor":24,"turns":7}],"seed_played":"4012168798515298402","potions_obtained":[{"floor":3,"key":"Ancient Potion"},{"floor":7,"key":"SkillPotion"},{"floor":10,"key":"Swift Potion"},{"floor":13,"key":"BloodPotion"},{"floor":22,"key":"Poison Potion"}],"is_trial":false,"path_per_floor":["M","?","M","?","?","R","M","M","T","E","?","?","E","M","R","B",null,"M","$","?","M","M","R","E"],"character_chosen":"IRONCLAD","items_purchased":["PowerPotion","Art of War","ClockworkSouvenir"],"campfire_rested":1,"item_purchase_floors":[19,19,19],"current_hp_per_floor":[72,72,62,62,62,62,68,68,68,18,36,36,34,27,49,21,61,12,12,12,19,48,48,0],"gold":59,"neow_bonus":"THREE_CARDS","is_prod":false,"is_daily":false,"chose_seed":false,"campfire_upgraded":2,"win_rate":0,"timestamp":1551507692,"path_taken":["M","?","M","?","?","R","M","M","T","E","?","?","E","M","R","BOSS","M","$","?","M","M","R","E"],"build_version":"2019-01-23","purchased_purges":1,"victory":false,"max_hp_per_floor":[80,80,80,74,74,74,74,74,74,74,74,74,74,74,74,74,74,74,74,51,51,51,51,51],"card_choices":[{"not_picked":["Twin Strike","Iron Wave"],"picked":"Combust","floor":0},{"not_picked":["Warcry","Bloodletting"],"picked":"Heavy Blade","floor":1},{"not_picked":["Combust","Dropkick"],"picked":"Armaments","floor":3},{"not_picked":["Wild Strike","Warcry","Searing Blow"],"picked":"SKIP","floor":7},{"not_picked":["Flex","Clash","Wild Strike"],"picked":"SKIP","floor":8},{"not_picked":["Searing Blow","Sword Boomerang"],"picked":"Thunderclap","floor":10},{"not_picked":["Burning Pact","Clash"],"picked":"Shockwave","floor":13},{"not_picked":["Bludgeon","Power Through","Sentinel"],"picked":"SKIP","floor":14},{"not_picked":["Feed","Brutality"],"picked":"Reaper","floor":16},{"not_picked":["Entrench","Second Wind+1","Wild Strike+1"],"picked":"SKIP","floor":18},{"not_picked":["Flex","Entrench+1","True Grit"],"picked":"SKIP","floor":21},{"not_picked":["Seeing Red","Clothesline","Cleave"],"picked":"SKIP","floor":22}],"player_experience":506180,"relics_obtained":[{"floor":9,"key":"Omamori"},{"floor":10,"key":"Red Skull"},{"floor":13,"key":"Bronze Scales"}],"event_choices":[{"damage_healed":0,"gold_gain":0,"player_choice":"Leave","damage_taken":0,"max_hp_gain":0,"max_hp_loss":0,"event_name":"The Cleric","floor":2,"gold_loss":0},{"damage_healed":0,"gold_gain":0,"player_choice":"Lose Max HP","damage_taken":0,"relics_obtained":["Golden Idol"],"max_hp_gain":0,"max_hp_loss":6,"event_name":"Golden Idol","floor":4,"gold_loss":0},{"damage_healed":0,"gold_gain":0,"player_choice":"Ignored","damage_taken":0,"max_hp_gain":0,"max_hp_loss":0,"event_name":"Liars Game","floor":5,"gold_loss":0},{"damage_healed":18,"gold_gain":0,"player_choice":"Healed and dodged fight","damage_taken":0,"max_hp_gain":0,"max_hp_loss":0,"event_name":"Mushrooms","floor":11,"gold_loss":0,"cards_obtained":["Parasite"]},{"damage_healed":0,"gold_gain":68,"player_choice":"Gained Gold","damage_taken":0,"max_hp_gain":0,"max_hp_loss":0,"event_name":"Golden Wing","floor":12,"gold_loss":0},{"damage_healed":0,"gold_gain":0,"player_choice":"Became a vampire","damage_taken":0,"max_hp_gain":0,"max_hp_loss":23,"event_name":"Vampires","floor":20,"gold_loss":0,"cards_obtained":["Bite","Bite","Bite","Bite","Bite"]}],"is_beta":false,"boss_relics":[{"not_picked":["Philosopher\u0027s Stone","Eternal Feather"],"picked":"Black Star"}],"items_purged_floors":[19],"is_endless":false,"potions_floor_spawned":[3,7,10,13,22],"killed_by":"Gremlin Leader","ascension_level":8}