{"gold_per_floor":[110,75,92,112,122,122,149,168,168,184,184,204,204,217,217,317,317,331,331,345,345],"floor_reached":21,"playtime":701,"items_purged":[],"score":204,"play_id":"66d794e2-6ea3-4e4b-a6ce-648e29e94987","local_time":"20181110001823","is_ascension_mode":true,"campfire_choices":[{"data":"Genetic Algorithm","floor":6,"key":"SMITH"},{"floor":11,"key":"REST"},{"data":"Gash","floor":13,"key":"SMITH"},{"data":"Zap","floor":15,"key":"SMITH"}],"neow_cost":"NONE","seed_source_timestamp":199565734435900,"circlet_count":0,"master_deck":["Strike_B","Strike_B","Strike_B","Strike_B","Defend_B","Defend_B","Defend_B","Defend_B","Zap+1","Dualcast","Storm","Sunder","Gash+1","Genetic Algorithm+1","Tempest","Streamline","Ball Lightning","Melter","Storm","Creative AI","Gash+1","Barrage","Capacitor"],"relics":["Cracked Core","NeowsBlessing","Bottled Lightning","Pear","Snecko Eye"],"potions_floor_usage":[5,7,14,16,20,21],"damage_taken":[{"damage":0,"enemies":"Cultist","floor":1,"turns":1},{"damage":0,"enemies":"Small Slimes","floor":3,"turns":1},{"damage":0,"enemies":"Jaw Worm","floor":4,"turns":1},{"damage":8,"enemies":"Blue Slaver","floor":5,"turns":2},{"damage":27,"enemies":"3 Sentries","floor":7,"turns":6},{"damage":9,"enemies":"Large Slime","floor":8,"turns":4},{"damage":13,"enemies":"Exordium Wildlife","floor":10,"turns":3},{"damage":0,"enemies":"Red Slaver","floor":12,"turns":3},{"damage":9,"enemies":"Exordium Thugs","floor":14,"turns":3},{"damage":30,"enemies":"Slime Boss","floor":16,"turns":9},{"damage":26,"enemies":"Shell Parasite","floor":18,"turns":4},{"damage":24,"enemies":"3 Byrds","floor":20,"turns":4},{"damage":39,"enemies":"Snake Plant","floor":21,"turns":3}],"seed_played":"-5723149111466733986","potions_obtained":[{"floor":1,"key":"Weak Potion"},{"floor":4,"key":"FearPotion"},{"floor":5,"key":"Block Potion"},{"floor":14,"key":"Strength Potion"},{"floor":18,"key":"Strength Potion"},{"floor":20,"key":"PowerPotion"}],"is_trial":false,"path_per_floor":["M","$","M","M","M","R","E","M","T","M","R","M","R","M","R","B",null,"M","?","M","M"],"character_chosen":"DEFECT","items_purchased":["Sunder"],"campfire_rested":1,"item_purchase_floors":[2],"current_hp_per_floor":[75,75,75,75,67,67,40,31,41,28,53,53,53,44,44,14,85,59,59,35,0],"gold":345,"neow_bonus":"THREE_ENEMY_KILL","is_prod":false,"is_daily":false,"chose_seed":false,"campfire_upgraded":3,"win_rate":0,"timestamp":1541827103,"path_taken":["M","?","M","?","?","R","E","M","T","M","R","M","R","M","R","BOSS","M","?","M","?"],"build_version":"2018-11-08","purchased_purges":0,"victory":false,"max_hp_per_floor":[75,75,75,75,75,75,75,75,85,85,85,85,85,85,85,85,85,85,85,85,85],"card_choices":[{"not_picked":["BootSequence","Streamline"],"picked":"Storm","floor":1},{"not_picked":["Glacier","Lockon"],"picked":"Gash","floor":3},{"not_picked":["Double Energy","Static Discharge"],"picked":"Sunder","floor":4},{"not_picked":["Hologram","Compile Driver"],"picked":"Genetic Algorithm","floor":5},{"not_picked":["Cold Snap","Beam Cell"],"picked":"Tempest","floor":7},{"not_picked":["Barrage","Conserve Battery"],"picked":"Streamline","floor":8},{"not_picked":["Chaos","Lockon"],"picked":"Ball Lightning","floor":10},{"not_picked":["Streamline","Redo"],"picked":"Melter","floor":12},{"not_picked":["Heatsinks","Reprogram"],"picked":"Storm","floor":14},{"not_picked":["Core Surge","Meteor Strike"],"picked":"Creative AI","floor":16},{"not_picked":["Aggregate+1","Steam"],"picked":"Gash+1","floor":18},{"not_picked":["Go for the Eyes","Turbo+1"],"picked":"Capacitor","floor":20}],"player_experience":277840,"relics_obtained":[{"floor":7,"key":"Bottled Lightning"},{"floor":9,"key":"Pear"}],"event_choices":[{"damage_healed":0,"gold_gain":0,"cards_transformed":["Sunder"],"player_choice":"Transformed","damage_taken":0,"max_hp_gain":0,"max_hp_loss":0,"event_name":"Transmorgrifier","floor":19,"gold_loss":0,"cards_obtained":["Barrage"]}],"is_beta":true,"boss_relics":[{"not_picked":["Empty Cage","Runic Dome"],"picked":"Snecko Eye"}],"items_purged_floors":[],"is_endless":false,"potions_floor_spawned":[1,4,5,14,18,20],"killed_by":"Snake Plant","ascension_level":2}