{"path_per_floor":["M","?","?","?","M","E","R","$","T","R","?","M","R","?","R","B",null,"M","?","?","M","?","R","?","?","T"],"character_chosen":"IRONCLAD","items_purchased":[],"gold_per_floor":[117,117,117,67,82,107,107,32,56,56,56,75,75,75,75,174,174,189,189,189,199,199,199,199,114,114],"floor_reached":27,"campfire_rested":1,"playtime":689,"current_hp_per_floor":[80,80,64,64,70,70,70,70,70,70,63,69,69,69,69,44,80,57,57,57,51,42,66,56,56,56],"items_purged":["Strike_R"],"gold":114,"score":231,"play_id":"bf18ffb5-665d-4e03-bbe1-bb81c2d289f1","is_prod":false,"is_daily":false,"is_ascension_mode":false,"campfire_upgraded":4,"path_taken":["M","?","?","?","M","E","R","$","T","R","?","M","R","?","R","BOSS","M","?","?","M","?","R","?","?","T","E"],"build_version":"2018-02-15-PROD1","purchased_purges":1,"victory":false,"master_deck":["Defend_R+1","Defend_R+1","Defend_R+1","Defend_R+1","Bash+1","Shrug It Off+1","Cleave+1","Rampage+1","Barricade","Shrug It Off+1","Bite","Bite","Bite","Bite","Bite","Infernal Blade"],"max_hp_per_floor":[80,80,80,80,80,80,80,80,80,80,80,80,80,80,80,80,80,80,80,80,80,80,80,56,56,56],"relics":["Burning Blood","Art of War","Juzu Bracelet","Prayer Wheel","Lizard Tail","War Paint","Bag of Marbles"],"card_choices":[{"not_picked":["Second Wind","Rage"],"picked":"Shrug It Off"},{"not_picked":["Headbutt","Wild Strike"],"picked":"Cleave"},{"not_picked":["Dropkick","Heavy Blade"],"picked":"Rampage"},{"not_picked":["Brutality","Reaper"],"picked":"Barricade"},{"not_picked":["Burning Pact","Sentinel"],"picked":"Shrug It Off"},{"not_picked":["Warcry","Dropkick"],"picked":"Infernal Blade"}],"player_experience":99830,"potions_floor_usage":[6,6,27,27],"damage_taken":[{"damage":2,"enemies":"Small Slimes","floor":1,"turns":6},{"damage":0,"enemies":"Cultist","floor":5,"turns":3},{"damage":6,"enemies":"Gremlin Nob","floor":6,"turns":3},{"damage":0,"enemies":"Jaw Worm","floor":12,"turns":3},{"damage":31,"enemies":"The Guardian","floor":16,"turns":11},{"damage":29,"enemies":"Chosen","floor":18,"turns":6},{"damage":12,"enemies":"Spheric Guardian","floor":21,"turns":8},{"damage":100,"enemies":"Book of Stabbing","floor":27,"turns":12}],"event_choices":[{"event_name":"The Lab","player_choice":"Got Potions","floor":2,"damage_taken":0},{"event_name":"Shining Light","player_choice":"Entered Light","floor":3,"damage_taken":0},{"event_name":"The Cleric","player_choice":"Card Removal","floor":4,"damage_taken":0},{"event_name":"Scrap Ooze","player_choice":"success","floor":11,"damage_taken":7},{"event_name":"Bonfire Elementals","player_choice":"BASIC","floor":14,"damage_taken":0},{"event_name":"Purifier","player_choice":"One Purge","floor":19,"damage_taken":0},{"event_name":"Back to Basics","player_choice":"Simplicity","floor":20,"damage_taken":0},{"event_name":"Cursed Tome","player_choice":"Stopped","floor":22,"damage_taken":0},{"event_name":"Vampires","player_choice":"Became a vampire","floor":24,"damage_taken":0},{"event_name":"Addict","player_choice":"Obtained Relic","floor":25,"damage_taken":0}],"boss_relics":[{"not_picked":["Question Card","Snecko Eye"],"picked":"Lizard Tail"}],"potions_floor_spawned":[1,5,21],"seed_played":"-1549611174155715861","killed_by":"Book of Stabbing","ascension_level":0,"is_trial":false}