{"gold_per_floor":[117,117,117,36,36,36,52,96,96,96,112,37,73,73,73,162,162,177,190,115,15,30,30,73,73,73,106,120,37,37,37],"floor_reached":31,"playtime":1331,"items_purged":["Strike_G","Strike_G"],"score":558,"play_id":"b906465a-e2ac-4f55-a64c-0016dfdd47c0","local_time":"20190420160020","is_ascension_mode":true,"campfire_choices":[{"data":"Poisoned Stab","floor":6,"key":"SMITH"},{"data":"Catalyst","floor":10,"key":"SMITH"},{"data":"Noxious Fumes","floor":15,"key":"SMITH"},{"data":"Leg Sweep","floor":23,"key":"SMITH"},{"floor":25,"key":"REST"},{"floor":30,"key":"REST"}],"neow_cost":"NONE","seed_source_timestamp":187962885284448,"circlet_count":0,"master_deck":["AscendersBane","Defend_G","Defend_G","Defend_G","Defend_G","Defend_G","Strike_G","Strike_G","Survivor","Neutralize","Poisoned Stab+1","Backflip","Well Laid Plans","Leg Sweep+1","Catalyst+1","Noxious Fumes+1","PiercingWail","After Image","Acrobatics","Bouncing Flask","PiercingWail","Corpse Explosion","Footwork"],"relics":["Ring of the Snake","Golden Idol","Bottled Tornado","Letter Opener","Anchor","Sozu","Nunchaku","Omamori","Dream Catcher"],"potions_floor_usage":[13,16,31],"damage_taken":[{"damage":0,"enemies":"2 Louse","floor":1,"turns":3},{"damage":2,"enemies":"Jaw Worm","floor":7,"turns":4},{"damage":39,"enemies":"Gremlin Nob","floor":8,"turns":5},{"damage":0,"enemies":"Small Slimes","floor":11,"turns":4},{"damage":7,"enemies":"3 Sentries","floor":13,"turns":10},{"damage":10,"enemies":"The Guardian","floor":16,"turns":11},{"damage":0,"enemies":"Chosen","floor":18,"turns":6},{"damage":0,"enemies":"2 Thieves","floor":19,"turns":5},{"damage":11,"enemies":"Cultist and Chosen","floor":22,"turns":7},{"damage":34,"enemies":"Slavers","floor":24,"turns":7},{"damage":1,"enemies":"Book of Stabbing","floor":27,"turns":5},{"damage":0,"enemies":"Snecko","floor":28,"turns":4},{"damage":51,"enemies":"Gremlin Leader","floor":31,"turns":4}],"seed_played":"-8531487853867063134","potions_obtained":[{"floor":8,"key":"Weak Potion"},{"floor":11,"key":"Block Potion"},{"floor":13,"key":"PowerPotion"},{"floor":16,"key":"Explosive Potion"}],"is_trial":false,"path_per_floor":["?","?","?","?","?"],"character_chosen":"THE_SILENT","items_purchased":["Well Laid Plans","Footwork"],"campfire_rested":2,"item_purchase_floors":[4,29],"current_hp_per_floor":[59,59,59,59,64,64,62,23,23,23,23,23,16,16,16,6,50,50,50,50,50,39,39,5,24,24,23,23,23,42,0],"gold":37,"neow_bonus":"THREE_CARDS","is_prod":false,"is_daily":false,"chose_seed":false,"campfire_upgraded":4,"win_rate":0,"timestamp":1555765220,"path_taken":["M","?","?","$","?","R","M","E","T","R","M","$","E","?","R","BOSS","M","M","?","$","M","R","E","R","T","E","M","$","R","E"],"build_version":"2019-01-23","purchased_purges":2,"victory":false,"max_hp_per_floor":[66,60,60,60,65,65,65,65,65,65,65,65,65,65,65,65,65,65,65,65,65,65,65,65,65,65,65,65,65,65,65],"card_choices":[{"not_picked":["PiercingWail","Dodge and Roll"],"picked":"Poisoned Stab","floor":0},{"not_picked":["Expertise","Outmaneuver"],"picked":"Backflip","floor":1},{"not_picked":["Blade Dance","All Out Attack"],"picked":"Leg Sweep","floor":7},{"not_picked":["Glass Knife","Setup"],"picked":"Catalyst","floor":8},{"not_picked":["Flying Knee","Underhanded Strike"],"picked":"Noxious Fumes","floor":11},{"not_picked":["Underhanded Strike","Masterful Stab"],"picked":"PiercingWail","floor":13},{"not_picked":["Wraith Form v2","Storm of Steel"],"picked":"After Image","floor":16},{"not_picked":["Slice","All Out Attack"],"picked":"Acrobatics","floor":18},{"not_picked":["Slice+1","Eviscerate","Acrobatics"],"picked":"SKIP","floor":19},{"not_picked":["Infinite Blades","Concentrate","Accuracy"],"picked":"SKIP","floor":22},{"not_picked":["Finisher","Eviscerate"],"picked":"Bouncing Flask","floor":24},{"not_picked":["Dagger Throw","Outmaneuver"],"picked":"PiercingWail","floor":27},{"not_picked":["Endless Agony","Blade Dance"],"picked":"Corpse Explosion","floor":28}],"player_experience":1762925,"relics_obtained":[{"floor":8,"key":"Bottled Tornado"},{"floor":9,"key":"Letter Opener"},{"floor":13,"key":"Anchor"},{"floor":24,"key":"Nunchaku"},{"floor":26,"key":"Omamori"},{"floor":27,"key":"Dream Catcher"}],"event_choices":[{"damage_healed":0,"gold_gain":0,"player_choice":"Lose Max HP","damage_taken":0,"relics_obtained":["Golden Idol"],"max_hp_gain":0,"max_hp_loss":6,"event_name":"Golden Idol","floor":2,"gold_loss":0},{"damage_healed":0,"gold_gain":0,"player_choice":"Leave","damage_taken":0,"max_hp_gain":0,"max_hp_loss":0,"event_name":"The Cleric","floor":3,"gold_loss":0},{"damage_healed":0,"gold_gain":0,"player_choice":"Donut","damage_taken":0,"max_hp_gain":5,"max_hp_loss":0,"event_name":"Big Fish","floor":5,"gold_loss":0},{"damage_healed":0,"gold_gain":0,"player_choice":"Ignored","damage_taken":0,"max_hp_gain":0,"max_hp_loss":0,"event_name":"Liars Game","floor":14,"gold_loss":0},{"cards_removed":["Strike_G"],"damage_healed":0,"gold_gain":0,"player_choice":"Gave Gold","damage_taken":0,"max_hp_gain":0,"max_hp_loss":0,"event_name":"Beggar","floor":20,"gold_loss":75}],"is_beta":false,"boss_relics":[{"not_picked":["Calling Bell","HoveringKite"],"picked":"Sozu"}],"items_purged_floors":[12,21],"is_endless":false,"potions_floor_spawned":[8,11,13,16,22,27],"killed_by":"Gremlin Leader","ascension_level":20}