{"gold_per_floor":[112,131,143,143,163,163,193,213,213,213,213],"floor_reached":11,"playtime":350,"items_purged":[],"score":92,"play_id":"5f46adcd-fa8c-4e11-858e-998559d5ea96","local_time":"20181223180644","is_ascension_mode":true,"campfire_choices":[{"data":"Echo Form","floor":6,"key":"SMITH"}],"neow_cost":"TEN_PERCENT_HP_LOSS","seed_source_timestamp":39292773885100,"circlet_count":0,"master_deck":["Strike_B","Strike_B","Strike_B","Strike_B","Defend_B","Defend_B","Defend_B","Defend_B","Zap","Dualcast","Echo Form+1","Gash","Cold Snap","Rainbow","Jack Of All Trades","Capacitor","Leap","Conserve Battery"],"relics":["Cracked Core","Regal Pillow","Blue Candle"],"potions_floor_usage":[7,10],"damage_taken":[{"damage":5,"enemies":"2 Louse","floor":1,"turns":3},{"damage":1,"enemies":"Cultist","floor":2,"turns":4},{"damage":6,"enemies":"Small Slimes","floor":3,"turns":4},{"damage":9,"enemies":"Looter","floor":5,"turns":3},{"damage":26,"enemies":"3 Sentries","floor":7,"turns":6},{"damage":3,"enemies":"Blue Slaver","floor":8,"turns":4},{"damage":15,"enemies":"Lots of Slimes","floor":10,"turns":2},{"damage":3,"enemies":"3 Louse","floor":11,"turns":1}],"seed_played":"-2678675524594445105","potions_obtained":[{"floor":1,"key":"Strength Potion"},{"floor":3,"key":"SmokeBomb"}],"is_trial":false,"path_per_floor":["M","M","M","?","M","R","E","M","T","M","M"],"character_chosen":"DEFECT","items_purchased":[],"campfire_rested":0,"item_purchase_floors":[],"current_hp_per_floor":[63,62,56,56,47,47,21,18,18,3,0],"gold":213,"neow_bonus":"THREE_RARE_CARDS","is_prod":false,"is_daily":false,"chose_seed":false,"campfire_upgraded":1,"win_rate":0,"timestamp":1545606404,"path_taken":["M","M","M","?","?","R","E","M","T","M","M"],"build_version":"2018-12-20","purchased_purges":0,"victory":false,"max_hp_per_floor":[68,68,68,68,68,68,68,68,68,68,68],"card_choices":[{"not_picked":["Meteor Strike","Amplify"],"picked":"Echo Form","floor":0},{"not_picked":["Compile Driver","Steam Power"],"picked":"Gash","floor":1},{"not_picked":["Compile Driver","Barrage","Go for the Eyes"],"picked":"SKIP","floor":2},{"not_picked":["Compile Driver","Steam"],"picked":"Cold Snap","floor":3},{"not_picked":["Conserve Battery","Fusion"],"picked":"Capacitor","floor":5},{"not_picked":["Sweeping Beam","Multi-Cast"],"picked":"Leap","floor":7},{"not_picked":["Scrape","Leap"],"picked":"Conserve Battery","floor":8}],"player_experience":327106,"relics_obtained":[{"floor":7,"key":"Regal Pillow"},{"floor":9,"key":"Blue Candle"}],"event_choices":[{"damage_healed":0,"gold_gain":0,"player_choice":"2 cards matched","damage_taken":0,"max_hp_gain":0,"max_hp_loss":0,"event_name":"Match and Keep!","floor":4,"gold_loss":0,"cards_obtained":["Rainbow","Jack Of All Trades"]}],"is_beta":false,"boss_relics":[],"items_purged_floors":[],"is_endless":false,"potions_floor_spawned":[1,3],"killed_by":"3 Louse","ascension_level":4}