{"gold_per_floor":[119,7,24,38,38,64,64,64,138,138,152,165,165,196,196,271,271,289,289,305,4,20,20,38,63,63,74,74,85,85,101,101,101],"floor_reached":33,"playtime":2149,"items_purged":["Strike_G"],"score":558,"play_id":"262fbba4-7038-40c5-9381-36e5b62ee717","local_time":"20190422112822","is_ascension_mode":true,"campfire_choices":[{"data":"Noxious Fumes","floor":7.0,"key":"SMITH"},{"data":"Neutralize","floor":10.0,"key":"SMITH"},{"floor":13.0,"key":"REST"},{"data":"Well Laid Plans","floor":15.0,"key":"SMITH"},{"data":"A Thousand Cuts","floor":23.0,"key":"SMITH"},{"floor":32,"key":"REST"}],"neow_cost":"NONE","seed_source_timestamp":343611509910389,"circlet_count":0,"master_deck":["AscendersBane","Defend_G","Defend_G","Defend_G","Defend_G","Defend_G","Strike_G","Strike_G","Strike_G","Survivor","Neutralize+1","Noxious Fumes+1","Well Laid Plans+1","Deflect","PiercingWail","Dagger Throw","Deadly Poison","Cloak And Dagger","Calculated Gamble","A Thousand Cuts+1","Backflip","Blur","Footwork","Catalyst","Backflip","Well Laid Plans+1","Acrobatics","Wraith Form v2","Dash"],"special_seed":0,"relics":["Ring of the Snake","Bronze Scales","Letter Opener","Cursed Key","Juzu Bracelet"],"potions_floor_usage":[30],"damage_taken":[{"damage":2.0,"enemies":"2 Louse","floor":1.0,"turns":3.0},{"damage":3.0,"enemies":"Small Slimes","floor":3.0,"turns":5.0},{"damage":0.0,"enemies":"Cultist","floor":4.0,"turns":5.0},{"damage":50.0,"enemies":"Gremlin Nob","floor":6.0,"turns":6.0},{"damage":0.0,"enemies":"Lots of Slimes","floor":11.0,"turns":2.0},{"damage":1.0,"enemies":"2 Fungi Beasts","floor":12.0,"turns":3.0},{"damage":6.0,"enemies":"Lagavulin","floor":14.0,"turns":8.0},{"damage":7.0,"enemies":"Hexaghost","floor":16.0,"turns":10.0},{"damage":0.0,"enemies":"Chosen","floor":18.0,"turns":5.0},{"damage":9.0,"enemies":"2 Thieves","floor":20.0,"turns":4.0},{"damage":0.0,"enemies":"3 Cultists","floor":22.0,"turns":4.0},{"damage":12.0,"enemies":"Snecko","floor":24.0,"turns":6.0},{"damage":29.0,"enemies":"Slavers","floor":25.0,"turns":3.0},{"damage":0.0,"enemies":"Chosen and Byrds","floor":27.0,"turns":6.0},{"damage":14.0,"enemies":"Snake Plant","floor":29.0,"turns":5.0},{"damage":1,"enemies":"Colosseum Slavers","floor":30,"turns":5},{"damage":7,"enemies":"Centurion and Healer","floor":31,"turns":6},{"damage":45,"enemies":"Champ","floor":33,"turns":13}],"seed_played":"2865346027036594522","potions_obtained":[{"floor":1.0,"key":"SkillPotion"},{"floor":11.0,"key":"FearPotion"},{"floor":14.0,"key":"Dexterity Potion"},{"floor":16.0,"key":"Energy Potion"},{"floor":18.0,"key":"Dexterity Potion"},{"floor":19.0,"key":"Fruit Juice"},{"floor":19.0,"key":"Swift Potion"},{"floor":22.0,"key":"Ancient Potion"},{"floor":27.0,"key":"Poison Potion"}],"is_trial":false,"path_per_floor":["?","?","?","M","?","?"],"character_chosen":"THE_SILENT","items_purchased":["Well Laid Plans","Deflect","Footwork","Catalyst","Backflip"],"campfire_rested":2,"item_purchase_floors":[2,2,21,21,21],"current_hp_per_floor":[63,63,60,60,60,10,10,10,10,10,10,9,30,24,24,17,58,58,63,54,54,54,54,42,13,13,13,28,14,13,6,29,0],"gold":101,"neow_bonus":"TEN_PERCENT_HP_BONUS","is_prod":false,"is_daily":false,"chose_seed":false,"campfire_upgraded":4,"win_rate":0,"timestamp":1555921702,"path_taken":["M","$","M","M","?","E","R","?","T","R","M","M","R","E","R","BOSS","M","?","?","$","M","R","M","E","T","M","?","M","?","M","R","BOSS"],"build_version":"2019-01-23","purchased_purges":1,"victory":false,"max_hp_per_floor":[72,72,72,72,72,72,72,72,72,72,72,72,72,72,72,72,72,72,77,77,77,77,77,77,77,77,77,77,77,77,77,77,77],"card_choices":[{"not_picked":["Dagger Spray","Backflip"],"picked":"Noxious Fumes","floor":1.0},{"not_picked":["Cloak And Dagger","Bane"],"picked":"PiercingWail","floor":3.0},{"not_picked":["Sucker Punch","Choke"],"picked":"Dagger Throw","floor":4.0},{"not_picked":["Dagger Spray","Choke"],"picked":"Deadly Poison","floor":6.0},{"not_picked":["Setup","Quick Slash"],"picked":"Cloak And Dagger","floor":11.0},{"not_picked":["All Out Attack","Dodge and Roll"],"picked":"Calculated Gamble","floor":12.0},{"not_picked":["Dagger Spray","Bouncing Flask","Riddle With Holes"],"picked":"SKIP","floor":14.0},{"not_picked":["Envenom","Phantasmal Killer"],"picked":"A Thousand Cuts","floor":16.0},{"not_picked":["Dagger Throw","Deflect+1"],"picked":"Backflip","floor":18.0},{"not_picked":["Slice","Outmaneuver"],"picked":"Blur","floor":20.0},{"not_picked":["Quick Slash","Dagger Throw"],"picked":"Well Laid Plans+1","floor":22.0},{"not_picked":["All Out Attack","Deflect"],"picked":"Acrobatics","floor":24.0},{"not_picked":["Flying Knee","Heel Hook"],"picked":"Wraith Form v2","floor":25.0},{"not_picked":["Poisoned Stab","Terror","Bane"],"picked":"SKIP","floor":27.0},{"not_picked":["Dagger Spray","Quick Slash","Endless Agony"],"picked":"SKIP","floor":29.0},{"not_picked":["Acrobatics","Outmaneuver"],"picked":"Dash","floor":31}],"player_experience":1791665,"relics_obtained":[{"floor":6.0,"key":"Bronze Scales"},{"floor":9.0,"key":"Letter Opener"},{"floor":25.0,"key":"Juzu Bracelet"}],"event_choices":[{"damage_healed":0.0,"max_hp_gain":0.0,"max_hp_loss":0.0,"gold_gain":0.0,"event_name":"Liars Game","player_choice":"Ignored","floor":5.0,"gold_loss":0.0,"damage_taken":0.0},{"cards_removed":["Strike_G"],"damage_healed":0.0,"max_hp_gain":0.0,"max_hp_loss":0.0,"gold_gain":0.0,"event_name":"Bonfire Elementals","player_choice":"Offered Basic","floor":8.0,"gold_loss":0.0,"damage_taken":0.0},{"damage_healed":0.0,"max_hp_gain":0.0,"max_hp_loss":0.0,"gold_gain":0.0,"event_name":"Lab","player_choice":"Got Potions","floor":19.0,"gold_loss":0.0,"damage_taken":0.0},{"damage_healed":15.0,"max_hp_gain":0.0,"max_hp_loss":0.0,"gold_gain":0.0,"event_name":"The Library","player_choice":"Heal","floor":28.0,"gold_loss":0.0,"damage_taken":0.0},{"damage_healed":0,"gold_gain":0,"player_choice":"Fight","damage_taken":0,"max_hp_gain":0,"max_hp_loss":0,"event_name":"Colosseum","floor":30,"gold_loss":0},{"damage_healed":0,"gold_gain":0,"player_choice":"Fled From Nobs","damage_taken":0,"max_hp_gain":0,"max_hp_loss":0,"event_name":"Colosseum","floor":30,"gold_loss":0}],"is_beta":false,"boss_relics":[{"not_picked":["WristBlade","Astrolabe"],"picked":"Cursed Key"}],"items_purged_floors":[21],"is_endless":false,"potions_floor_spawned":[1,11,14,16,18,22,27,29],"killed_by":"Champ","ascension_level":20}