{"path_per_floor":["M","?","M","?","M","E","?","M","T","R","M","M","$","M","R","B",null,"M","?","?","T","$","E","R","?","T","M","M","M"],"character_chosen":"IRONCLAD","items_purchased":["Rampage","Regal Pillow","Armaments"],"gold_per_floor":[112,82,92,167,183,213,213,224,281,281,293,307,83,101,101,199,199,199,199,199,199,153,153,153,153,153,93,93,93],"floor_reached":30,"campfire_rested":3,"playtime":2107,"current_hp_per_floor":[80,80,80,69,70,55,55,46,46,70,65,58,58,57,80,20,80,67,52,85,85,85,33,73,73,73,56,44,24],"items_purged":[],"gold":93,"play_id":"cc091785-047c-4bc9-b9c1-f8883499cbd5","is_prod":false,"is_daily":false,"is_ascension_mode":false,"campfire_upgraded":0,"path_taken":["M","?","M","?","?","E","?","M","T","R","M","M","$","M","R","BOSS","M","?","?","?","$","E","R","?","T","M","?","M","E"],"build_version":"2018-01-25-PROD3","purchased_purges":0,"victory":false,"master_deck":["Strike_R","Strike_R","Strike_R","Strike_R","Strike_R","Defend_R","Defend_R","Defend_R","Defend_R","Bash","Perfected Strike","Armaments","Combust","Double Tap","Double Tap","Seeing Red","Shrug It Off","Uppercut","Rampage","Dual Wield","Barricade","Body Slam","Armaments","Bludgeon","Thunderclap","Iron Wave","Armaments"],"max_hp_per_floor":[80,80,80,80,80,80,80,80,80,80,80,80,80,80,80,80,80,80,85,85,85,85,85,85,85,85,85,85,85],"relics":["Burning Blood","Frozen Eye","Tiny Chest","Regal Pillow","Ectoplasm","Gremlin Horn","Paper Frog","Girya"],"card_choices":[{"not_picked":["Armaments","Warcry"],"picked":"Perfected Strike"},{"not_picked":["Sever Soul","Dual Wield"],"picked":"Armaments"},{"not_picked":["Shrug It Off","Thunderclap"],"picked":"Combust"},{"not_picked":["Feel No Pain","Twin Strike"],"picked":"Double Tap"},{"not_picked":["Hemokinesis","Body Slam"],"picked":"Double Tap"},{"not_picked":["Battle Trance","True Grit"],"picked":"Seeing Red"},{"not_picked":["True Grit","Clash"],"picked":"Shrug It Off"},{"not_picked":["True Grit","Clash"],"picked":"Uppercut"},{"not_picked":["Body Slam","True Grit"],"picked":"Dual Wield"},{"not_picked":["Dark Embrace","Offering"],"picked":"Barricade"},{"not_picked":["True Grit","Iron Wave"],"picked":"Body Slam"},{"not_picked":["Sword Boomerang","Combust"],"picked":"Bludgeon"},{"not_picked":["Cleave","Clothesline"],"picked":"Thunderclap"},{"not_picked":["Pommel Strike","Cleave"],"picked":"Iron Wave"},{"not_picked":["Iron Wave","Corruption"],"picked":"Armaments"}],"player_experience":16156,"potions_floor_usage":[6,6,6,16,16,23,30,30,30],"damage_taken":[{"damage":1,"enemies":"Cultist","floor":1,"turns":3},{"damage":6,"enemies":"Blue Slaver","floor":3,"turns":5},{"damage":5,"enemies":"Small Slimes","floor":5,"turns":3},{"damage":27,"enemies":"Gremlin Nob","floor":6,"turns":4},{"damage":15,"enemies":"Looter","floor":8,"turns":4},{"damage":11,"enemies":"Exordium Wildlife","floor":11,"turns":3},{"damage":13,"enemies":"Red Slaver","floor":12,"turns":3},{"damage":7,"enemies":"Looter","floor":14,"turns":3},{"damage":66,"enemies":"Slime Boss","floor":16,"turns":12},{"damage":19,"enemies":"Chosen","floor":18,"turns":5},{"damage":58,"enemies":"Book of Stabbing","floor":23,"turns":6},{"damage":23,"enemies":"2 Thieves","floor":27,"turns":4},{"damage":18,"enemies":"Snecko","floor":28,"turns":4},{"damage":26,"enemies":"3 Cultists","floor":29,"turns":5},{"damage":50,"enemies":"Slavers","floor":30,"turns":4}],"event_choices":[{"event_name":"The Woman in Blue","player_choice":"Bought 2 Potions","floor":2,"damage_taken":0},{"event_name":"World of Goop","player_choice":"Gather Gold","floor":4,"damage_taken":0},{"event_name":"Liars Game","player_choice":"disagreed","floor":7,"damage_taken":0},{"event_name":"Forgotten Altar","player_choice":"Shed Blood","floor":19,"damage_taken":0},{"event_name":"Wheel of Change","player_choice":"Full Heal","floor":20,"damage_taken":0},{"event_name":"Beggar","player_choice":"Ignored","floor":25,"damage_taken":0}],"boss_relics":[{"not_picked":["Cursed Key","Runic Cube"],"picked":"Ectoplasm"}],"potions_floor_spawned":[1,3,11,14,16,23,28,29],"seed_played":"-4628412667500847924","killed_by":"Slavers","ascension_level":0,"is_trial":false}