{"gold_per_floor":[110,39,39,55,69,100,100,117,117,128,144,172,192,209,209,305,305,320,337,337,337],"floor_reached":21,"playtime":2168,"items_purged":[],"score":312,"play_id":"78ec1cee-e09e-43de-9338-254a3f6691b4","local_time":"20190410163947","is_ascension_mode":true,"campfire_choices":[{"floor":7,"key":"REST"},{"floor":15,"key":"REST"}],"neow_cost":"NONE","seed_source_timestamp":64853729494130,"circlet_count":0,"master_deck":["AscendersBane","Defend_G","Defend_G","Defend_G","Defend_G","Defend_G","Strike_G","Strike_G","Strike_G","Survivor","Neutralize+1","Predator","Deflect","Noxious Fumes","Backstab","Deadly Poison","Poisoned Stab","Cloak And Dagger","Deadly Poison","Sucker Punch","Well Laid Plans","A Thousand Cuts","Blur","Deadly Poison","Storm of Steel"],"relics":["Ring of the Snake","Torii","Bottled Lightning","Singing Bowl","Cursed Key"],"potions_floor_usage":[6,12],"damage_taken":[{"damage":0,"enemies":"Cultist","floor":1,"turns":3},{"damage":3,"enemies":"Jaw Worm","floor":4,"turns":4},{"damage":3,"enemies":"Small Slimes","floor":5,"turns":3},{"damage":28,"enemies":"Gremlin Nob","floor":6,"turns":5},{"damage":1,"enemies":"Red Slaver","floor":8,"turns":5},{"damage":1,"enemies":"Gremlin Gang","floor":10,"turns":5},{"damage":13,"enemies":"Large Slime","floor":11,"turns":5},{"damage":23,"enemies":"3 Sentries","floor":12,"turns":9},{"damage":0,"enemies":"Blue Slaver","floor":13,"turns":3},{"damage":0,"enemies":"3 Louse","floor":14,"turns":3},{"damage":10,"enemies":"The Guardian","floor":16,"turns":9},{"damage":10,"enemies":"Shell Parasite","floor":18,"turns":5},{"damage":30,"enemies":"3 Byrds","floor":19,"turns":5},{"damage":26,"enemies":"Shelled Parasite and Fungi","floor":21,"turns":4}],"seed_played":"-2229621939007807194","potions_obtained":[{"floor":5,"key":"Swift Potion"},{"floor":8,"key":"SteroidPotion"},{"floor":11,"key":"GamblersBrew"},{"floor":12,"key":"PowerPotion"}],"is_trial":false,"path_per_floor":["?","M","?"],"character_chosen":"THE_SILENT","items_purchased":["Noxious Fumes"],"campfire_rested":2,"item_purchase_floors":[2],"current_hp_per_floor":[63,63,63,60,57,29,50,49,49,48,35,14,16,16,38,28,63,55,25,25,0],"gold":337,"neow_bonus":"THREE_CARDS","is_prod":false,"is_daily":false,"chose_seed":false,"campfire_upgraded":0,"win_rate":0,"timestamp":1554910787,"path_taken":["M","$","?","M","M","E","R","?","T","M","M","E","M","M","R","BOSS","M","M","?","M"],"build_version":"2019-01-23","purchased_purges":0,"victory":false,"max_hp_per_floor":[70,70,70,70,70,70,70,70,70,70,70,72,74,74,74,74,74,76,76,76,76],"card_choices":[{"not_picked":["Blade Dance","Acrobatics"],"picked":"Predator","floor":0},{"not_picked":["Outmaneuver","Prepared"],"picked":"Deflect","floor":1},{"not_picked":["Heel Hook","Tactician"],"picked":"Backstab","floor":4},{"not_picked":["Backstab","Dagger Throw"],"picked":"Deadly Poison","floor":5},{"not_picked":["Prepared","Deflect"],"picked":"Poisoned Stab","floor":6},{"not_picked":["Slice","Blur"],"picked":"Cloak And Dagger","floor":8},{"not_picked":["Bane","Unload"],"picked":"Deadly Poison","floor":10},{"not_picked":["Concentrate","Slice"],"picked":"Sucker Punch","floor":11},{"not_picked":["Prepared","Poisoned Stab","Expertise"],"picked":"Singing Bowl","floor":12},{"not_picked":["Distraction","Flying Knee","Dagger Spray"],"picked":"Singing Bowl","floor":13},{"not_picked":["Dodge and Roll","Poisoned Stab"],"picked":"Well Laid Plans","floor":14},{"not_picked":["Storm of Steel","Glass Knife"],"picked":"A Thousand Cuts","floor":16},{"not_picked":["Blade Dance","Acrobatics","Deflect"],"picked":"Singing Bowl","floor":18},{"not_picked":["Cloak And Dagger","Flechettes"],"picked":"Blur","floor":19}],"player_experience":539442,"relics_obtained":[{"floor":6,"key":"Torii"},{"floor":9,"key":"Bottled Lightning"},{"floor":12,"key":"Singing Bowl"}],"event_choices":[{"damage_healed":0,"gold_gain":0,"player_choice":"Upgraded","damage_taken":0,"max_hp_gain":0,"max_hp_loss":0,"event_name":"Upgrade Shrine","floor":3,"gold_loss":0,"cards_upgraded":["Neutralize"]},{"damage_healed":0,"gold_gain":0,"cards_transformed":["Strike_G","Strike_G"],"player_choice":"Became Test Subject","damage_taken":0,"max_hp_gain":0,"max_hp_loss":0,"event_name":"Drug Dealer","floor":20,"gold_loss":0,"cards_obtained":["Deadly Poison","Storm of Steel"]}],"is_beta":false,"boss_relics":[{"not_picked":["Astrolabe","Lizard Tail"],"picked":"Cursed Key"}],"items_purged_floors":[],"is_endless":false,"potions_floor_spawned":[5,8,11,12,14],"killed_by":"Shelled Parasite and Fungi","ascension_level":12}