{"gold_per_floor":[112,112,128,128,145,179,179,179,179,179,195,209,209,224,224,328,328,343,225,244,244,121,146,146,156,156,156,187,187],"floor_reached":29,"playtime":3903,"items_purged":["Strike_G","Strike_G"],"score":316,"play_id":"6eb2a7e4-1b68-4100-91ce-cf242418e1ae","local_time":"20190212190444","is_ascension_mode":true,"campfire_choices":[{"floor":7.0,"key":"REST"},{"data":"Cloak And Dagger","floor":10.0,"key":"SMITH"},{"data":"Infinite Blades","floor":13.0,"key":"SMITH"},{"data":"Well Laid Plans","floor":15.0,"key":"SMITH"},{"floor":24.0,"key":"REST"}],"neow_cost":"TEN_PERCENT_HP_LOSS","seed_source_timestamp":3069433202500,"circlet_count":0,"master_deck":["Defend_G","Defend_G","Defend_G","Defend_G","Defend_G","Strike_G","Strike_G","Strike_G","Survivor","Neutralize","Venomology+1","Quick Slash","Neutralize","Cloak And Dagger+1","Dramatic Entrance","Dagger Spray","Flechettes","Blade Dance","Backflip","Infinite Blades+1","Well Laid Plans+1","Doppelganger","Caltrops+1","Accuracy","Finisher","Cloak And Dagger","Blade Dance"],"special_seed":0,"relics":["Ring of the Snake","Letter Opener","Gremlin Horn","Smiling Mask","Runic Dome","Bottled Lightning","Ninja Scroll","Kunai"],"potions_floor_usage":[29,29],"damage_taken":[{"damage":11.0,"enemies":"Jaw Worm","floor":1.0,"turns":8.0},{"damage":0.0,"enemies":"Cultist","floor":3.0,"turns":3.0},{"damage":0.0,"enemies":"Small Slimes","floor":5.0,"turns":3.0},{"damage":10.0,"enemies":"3 Sentries","floor":6.0,"turns":6.0},{"damage":0.0,"enemies":"2 Fungi Beasts","floor":11.0,"turns":2.0},{"damage":0.0,"enemies":"Gremlin Gang","floor":12.0,"turns":3.0},{"damage":3.0,"enemies":"Blue Slaver","floor":14.0,"turns":3.0},{"damage":40.0,"enemies":"The Guardian","floor":16.0,"turns":13.0},{"damage":0.0,"enemies":"3 Byrds","floor":18.0,"turns":4.0},{"damage":14.0,"enemies":"Spheric Guardian","floor":20.0,"turns":4.0},{"damage":17.0,"enemies":"Book of Stabbing","floor":23.0,"turns":5.0},{"damage":9.0,"enemies":"Chosen and Byrds","floor":25.0,"turns":5.0},{"damage":15.0,"enemies":"Slavers","floor":28.0,"turns":4.0},{"damage":25,"enemies":"Snake Plant","floor":29,"turns":3}],"seed_played":"1883202515300649251","potions_obtained":[{"floor":3.0,"key":"Ancient Potion"},{"floor":5.0,"key":"Regen Potion"},{"floor":6.0,"key":"SkillPotion"},{"floor":11.0,"key":"EntropicBrew"},{"floor":23.0,"key":"Fire Potion"},{"floor":25.0,"key":"FearPotion"},{"floor":28.0,"key":"FearPotion"}],"is_trial":false,"path_per_floor":["M","?","M","?","M","E","R","?","T","R","M","M","R","M","R","B",null,"M","$","M","?","$","E","R","M","T","?","E","M"],"character_chosen":"THE_SILENT","items_purchased":["Accuracy","Finisher"],"campfire_rested":2,"item_purchase_floors":[19,22],"current_hp_per_floor":[52,52,52,34,34,24,42,42,42,42,42,42,42,39,39,14,63,63,63,49,43,43,26,44,35,35,35,20,0],"gold":187,"neow_bonus":"THREE_RARE_CARDS","is_prod":false,"is_daily":false,"chose_seed":false,"campfire_upgraded":3,"win_rate":0,"timestamp":1550016284,"path_taken":["M","?","?","?","M","E","R","?","T","R","M","M","R","?","R","BOSS","M","$","M","?","$","E","R","?","T","?","E","M"],"build_version":"2019-01-23","purchased_purges":2,"victory":false,"max_hp_per_floor":[63,63,63,63,63,63,63,63,63,63,63,63,63,63,63,63,63,63,63,63,63,63,63,63,63,63,63,63,63],"card_choices":[{"not_picked":["Envenom","Grand Finale"],"picked":"Venomology","floor":0.0},{"not_picked":["Reflex","Concentrate"],"picked":"Quick Slash","floor":1.0},{"not_picked":["PiercingWail","Calculated Gamble"],"picked":"Dagger Spray","floor":3.0},{"not_picked":["Bane","Deflect"],"picked":"Flechettes","floor":5.0},{"not_picked":["Masterful Stab","Quick Slash"],"picked":"Blade Dance","floor":6.0},{"not_picked":["Tactician","Skewer"],"picked":"Backflip","floor":11.0},{"not_picked":["PiercingWail","Flying Knee"],"picked":"Infinite Blades","floor":12.0},{"not_picked":["Underhanded Strike","Poisoned Stab"],"picked":"Well Laid Plans","floor":14.0},{"not_picked":["Glass Knife","Wraith Form v2"],"picked":"Doppelganger","floor":16.0},{"not_picked":["Endless Agony","Heel Hook"],"picked":"Caltrops+1","floor":18.0},{"not_picked":["Outmaneuver","Noxious Fumes+1","Slice"],"picked":"SKIP","floor":20.0},{"not_picked":["Endless Agony","Skewer","Wraith Form v2"],"picked":"SKIP","floor":23.0},{"not_picked":["Crippling Poison+1","Riddle With Holes"],"picked":"Cloak And Dagger","floor":25.0},{"not_picked":["Setup","Underhanded Strike+1"],"picked":"Blade Dance","floor":28.0}],"player_experience":447383,"relics_obtained":[{"floor":6.0,"key":"Gremlin Horn"},{"floor":9.0,"key":"Smiling Mask"},{"floor":23.0,"key":"Bottled Lightning"},{"floor":26.0,"key":"Ninja Scroll"},{"floor":28.0,"key":"Kunai"}],"event_choices":[{"damage_healed":0.0,"max_hp_gain":0.0,"max_hp_loss":0.0,"gold_gain":0.0,"event_name":"Match and Keep!","player_choice":"3 cards matched","floor":2.0,"gold_loss":0.0,"damage_taken":0.0,"cards_obtained":["Neutralize","Cloak And Dagger","Dramatic Entrance"]},{"damage_healed":0.0,"max_hp_gain":0.0,"max_hp_loss":0.0,"gold_gain":0.0,"event_name":"Scrap Ooze","player_choice":"Success","floor":4.0,"gold_loss":0.0,"damage_taken":18.0,"relics_obtained":["Letter Opener"]},{"damage_healed":0.0,"max_hp_gain":0.0,"max_hp_loss":0.0,"gold_gain":0.0,"event_name":"Upgrade Shrine","player_choice":"Upgraded","floor":8.0,"gold_loss":0.0,"damage_taken":0.0,"cards_upgraded":["Venomology"]},{"damage_healed":0.0,"max_hp_gain":0.0,"max_hp_loss":0.0,"gold_gain":0.0,"event_name":"Knowing Skull","player_choice":"","floor":21.0,"potions_obtained":[],"gold_loss":0.0,"damage_taken":6.0,"cards_obtained":[]},{"damage_healed":0.0,"max_hp_gain":0.0,"max_hp_loss":0.0,"gold_gain":0.0,"event_name":"The Woman in Blue","player_choice":"Bought 0 Potions","floor":27.0,"gold_loss":0.0,"damage_taken":0.0}],"is_beta":false,"boss_relics":[{"not_picked":["Philosopher\u0027s Stone","Sozu"],"picked":"Runic Dome"}],"items_purged_floors":[19,22],"is_endless":false,"potions_floor_spawned":[3,5,6,11,14,23,25,28],"killed_by":"Snake Plant","ascension_level":4}