{"path_per_floor":["M","M","M","?","?","R","E","M","T","?","M","T","E","?","R","B",null,"M","?","$","?","M","R","M","R","T","M","M","$","M"],"character_chosen":"THE_SILENT","items_purchased":["Strange Spoon","Juzu Bracelet"],"gold_per_floor":[112,126,145,145,145,145,172,187,187,242,259,314,346,346,346,443,443,458,373,94,94,106,106,124,124,124,135,155,2,22],"floor_reached":31,"campfire_rested":4,"playtime":3098,"current_hp_per_floor":[70,68,68,50,36,57,41,41,41,41,37,37,35,35,56,55,70,66,66,66,49,15,29,27,41,41,42,31,31,40],"items_purged":["Strike_G"],"gold":22,"play_id":"af9fa200-bc4e-4d39-865b-4c0fb1346fea","is_prod":false,"is_daily":false,"is_ascension_mode":false,"campfire_upgraded":0,"path_taken":["M","M","M","?","?","R","E","M","T","?","M","?","E","?","R","BOSS","M","?","$","?","M","R","M","R","T","M","M","$","M","E"],"build_version":"2018-02-01-PROD3","purchased_purges":1,"victory":false,"master_deck":["Defend_G","Defend_G","Defend_G","Defend_G+1","Defend_G","Survivor","Neutralize+1","Prepared","Glass Knife","Footwork","Backflip","Dagger Throw","Backflip","Wraith Form","Bullet Time","Distraction","Phantasmal Killer","Footwork","Bite","Bite","Bite","Bite","Bite"],"max_hp_per_floor":[70,70,70,70,70,70,70,70,70,70,70,70,70,70,70,70,70,70,70,70,49,49,49,49,49,49,49,49,49,49],"relics":["Ring of the Snake","Paper Crane","Vajra","Peace Pipe","Pen Nib","Anchor","Sundial","Sozu","Matryoshka","Strange Spoon","Toolbox","Snake Skull","Juzu Bracelet"],"card_choices":[{"not_picked":["Deflect","Well Laid Plans"],"picked":"Prepared"},{"not_picked":["Prepared","Bane"],"picked":"Glass Knife"},{"not_picked":["Flying Knee","Cloak And Dagger"],"picked":"Footwork"},{"not_picked":["Deflect","Dagger Throw"],"picked":"Backflip"},{"not_picked":["Dodge and Roll","Malaise"],"picked":"Dagger Throw"},{"not_picked":["Sucker Punch","PiercingWail"],"picked":"Backflip"},{"not_picked":["Deflect","Burst"],"picked":"Wraith Form"},{"not_picked":["Envenom","Tactician"],"picked":"Phantasmal Killer"},{"not_picked":["Escape Plan","Deflect"],"picked":"Footwork"}],"player_experience":72870,"potions_floor_usage":[10,16],"damage_taken":[{"damage":0,"enemies":"Cultist","floor":1,"turns":4},{"damage":2,"enemies":"Small Slimes","floor":2,"turns":5},{"damage":0,"enemies":"2 Louse","floor":3,"turns":2},{"damage":16,"enemies":"3 Sentries","floor":7,"turns":11},{"damage":0,"enemies":"Red Slaver","floor":8,"turns":4},{"damage":0,"enemies":"Gremlin Nob","floor":10,"turns":5},{"damage":4,"enemies":"Large Slime","floor":11,"turns":7},{"damage":2,"enemies":"Lagavulin","floor":13,"turns":8},{"damage":1,"enemies":"The Guardian","floor":16,"turns":13},{"damage":4,"enemies":"3 Byrds","floor":18,"turns":5},{"damage":46,"enemies":"Chosen","floor":22,"turns":9},{"damage":28,"enemies":"Slaver and Parasite","floor":24,"turns":10},{"damage":9,"enemies":"Snecko","floor":27,"turns":6},{"damage":24,"enemies":"Cultist and Chosen","floor":28,"turns":7},{"damage":3,"enemies":"Centurion and Healer","floor":30,"turns":8},{"damage":68,"enemies":"Gremlin Leader","floor":31,"turns":10}],"event_choices":[{"event_name":"Scrap Ooze","player_choice":"success","floor":4,"damage_taken":18},{"event_name":"Shining Light","player_choice":"Entered Light","floor":5,"damage_taken":0},{"event_name":"Dead Adventurer","player_choice":"Searched \u00272\u0027 times","floor":10,"damage_taken":0},{"event_name":"Match and Keep!","player_choice":"2 cards matched","floor":14,"damage_taken":0},{"event_name":"Addict","player_choice":"Obtained Relic","floor":19,"damage_taken":0},{"event_name":"Vampires","player_choice":"Became a vampire","floor":21,"damage_taken":0}],"boss_relics":[{"not_picked":["Tiny House","Velvet Choker"],"picked":"Sozu"}],"potions_floor_spawned":[7,10,13,16,22,28,30],"seed_played":"-8746776285565490841","killed_by":"Gremlin Leader","ascension_level":0,"is_trial":false}