{"gold_per_floor":[110,110,110,128,147,147,177,177,177,202,2,16,16,50,50,125,125,136,155,155,175,195,220,220,251,251,283,333,333,343,370,370,442,442,457,470,484,494,509,509,543,554,581,611,611,611,34,50,50,50,50,50,50,19,47,47],"floor_reached":56,"playtime":4655,"items_purged":["Strike_G","Strike_G+1"],"score":2039,"play_id":"943720a2-d075-4748-a3ca-e5bfef271c40","local_time":"20190421181823","is_ascension_mode":true,"campfire_choices":[{"data":"Crippling Poison","floor":6,"key":"SMITH"},{"floor":8,"key":"REST"},{"data":"Noxious Fumes","floor":13,"key":"SMITH"},{"data":"Wraith Form v2","floor":15,"key":"SMITH"},{"data":"Corpse Explosion","floor":24,"key":"SMITH"},{"data":"Footwork","floor":29,"key":"SMITH"},{"data":"Adrenaline","floor":32,"key":"SMITH"},{"data":"Burst","floor":40,"key":"SMITH"},{"data":"Wraith Form v2","floor":46,"key":"SMITH"},{"floor":49,"key":"RECALL"},{"floor":53,"key":"REST"}],"neow_cost":"NONE","seed_source_timestamp":279323739836482,"circlet_count":0,"master_deck":["AscendersBane","Defend_G","Defend_G","Defend_G","Defend_G","Defend_G","Strike_G+1","Survivor","Neutralize","PiercingWail","PiercingWail","Crippling Poison+1","Wraith Form v2+1","Dagger Throw","Noxious Fumes+1","Deadly Poison","Well Laid Plans","Cloak And Dagger","Corpse Explosion+1","Footwork+1","Deflect+1","Adrenaline+1","Calculated Gamble","PiercingWail","Dodge and Roll","Burst+1","Escape Plan","Bullet Time","Wraith Form v2+1","Storm of Steel","Calculated Gamble"],"relics":["Ring of the Serpent","Bag of Marbles","StoneCalendar","Meat on the Bone","Centennial Puzzle","Blood Vial","The Courier","Singing Bowl","Lantern","Orichalcum","Smiling Mask","Runic Pyramid","Mercury Hourglass","Snake Skull","Bronze Scales","Mummified Hand","Bottled Tornado"],"potions_floor_usage":[7,7,16,23,38,41,51,55],"damage_taken":[{"damage":2,"enemies":"Small Slimes","floor":1,"turns":6},{"damage":0,"enemies":"Jaw Worm","floor":4,"turns":4},{"damage":0,"enemies":"2 Louse","floor":5,"turns":3},{"damage":19,"enemies":"Gremlin Nob","floor":7,"turns":4},{"damage":23,"enemies":"3 Sentries","floor":10,"turns":7},{"damage":0,"enemies":"Red Slaver","floor":12,"turns":6},{"damage":30,"enemies":"Gremlin Nob","floor":14,"turns":5},{"damage":10,"enemies":"Hexaghost","floor":16,"turns":8},{"damage":4,"enemies":"2 Thieves","floor":18,"turns":5},{"damage":3,"enemies":"Chosen","floor":19,"turns":7},{"damage":5,"enemies":"Snake Plant","floor":21,"turns":5},{"damage":3,"enemies":"3 Cultists","floor":22,"turns":4},{"damage":21,"enemies":"Book of Stabbing","floor":23,"turns":8},{"damage":16,"enemies":"Slavers","floor":25,"turns":5},{"damage":4,"enemies":"Gremlin Leader","floor":27,"turns":6},{"damage":0,"enemies":"Sentry and Sphere","floor":30,"turns":4},{"damage":13,"enemies":"Book of Stabbing","floor":31,"turns":7},{"damage":21,"enemies":"Collector","floor":33,"turns":10},{"damage":4,"enemies":"Orb Walker","floor":35,"turns":4},{"damage":0,"enemies":"3 Shapes","floor":36,"turns":5},{"damage":0,"enemies":"Sphere and 2 Shapes","floor":37,"turns":4},{"damage":23,"enemies":"Transient","floor":38,"turns":6},{"damage":0,"enemies":"4 Shapes","floor":39,"turns":5},{"damage":4,"enemies":"Nemesis","floor":41,"turns":10},{"damage":0,"enemies":"3 Darklings","floor":42,"turns":4},{"damage":5,"enemies":"Reptomancer","floor":44,"turns":7},{"damage":0,"enemies":"Jaw Worm Horde","floor":48,"turns":3},{"damage":18,"enemies":"Donu and Deca","floor":50,"turns":7},{"damage":35,"enemies":"Awakened One","floor":51,"turns":19},{"damage":4,"enemies":"Shield and Spear","floor":55,"turns":6},{"damage":83,"enemies":"The Heart","floor":56,"turns":12}],"seed_played":"-7172809748189815684","potions_obtained":[{"floor":4,"key":"Energy Potion"},{"floor":5,"key":"LiquidBronze"},{"floor":7,"key":"Weak Potion"},{"floor":14,"key":"Fire Potion"},{"floor":18,"key":"SkillPotion"},{"floor":22,"key":"Fruit Juice"},{"floor":23,"key":"SteroidPotion"},{"floor":36,"key":"GamblersBrew"},{"floor":37,"key":"GhostInAJar"},{"floor":48,"key":"GamblersBrew"}],"is_trial":false,"path_per_floor":["?","?","?","M","M","?","?","$"],"character_chosen":"THE_SILENT","items_purchased":["Noxious Fumes","Deadly Poison","Snake Skull","Bronze Scales","Mummified Hand","GhostInAJar","Calculated Gamble"],"campfire_rested":2,"item_purchase_floors":[11,11,47,47,47,47,54],"current_hp_per_floor":[57,37,30,30,30,30,11,30,30,19,19,31,31,13,13,17,54,52,51,51,48,47,45,45,43,43,41,41,41,43,44,44,37,63,63,67,69,50,52,52,50,54,54,53,53,53,53,57,57,53,32,70,83,83,81,0],"gold":47,"neow_bonus":"RANDOM_COMMON_RELIC","is_prod":false,"is_daily":false,"chose_seed":false,"campfire_upgraded":8,"win_rate":0,"timestamp":1555859903,"path_taken":["M","?","?","M","M","R","E","R","T","E","$","M","R","E","R","BOSS","M","M","?","?","?","E","R","E","T","E","?","R","M","E","R","BOSS","M","M","M","M","M","R","E","M","T","E","?","R","?","M","R","BOSS","BOSS","R","$","E","BOSS"],"build_version":"2019-01-23","purchased_purges":2,"victory":false,"max_hp_per_floor":[66,66,66,66,66,66,66,66,66,66,66,66,66,66,66,66,66,66,66,66,66,66,71,71,71,71,71,71,71,71,71,71,71,71,73,75,75,77,77,77,77,79,79,81,81,81,81,83,83,83,83,83,83,83,85,85],"card_choices":[{"not_picked":["Prepared","Flying Knee"],"picked":"PiercingWail","floor":1},{"not_picked":["Riddle With Holes","Blade Dance"],"picked":"PiercingWail","floor":4},{"not_picked":["Escape Plan","Tactician"],"picked":"Crippling Poison","floor":5},{"not_picked":["All Out Attack","Envenom"],"picked":"Wraith Form v2","floor":7},{"not_picked":["Outmaneuver","Deflect"],"picked":"Dagger Throw","floor":10},{"not_picked":["Expertise","Deflect"],"picked":"Well Laid Plans","floor":12},{"not_picked":["Deflect","Bane"],"picked":"Cloak And Dagger","floor":14},{"not_picked":["Envenom","Die Die Die"],"picked":"Corpse Explosion","floor":16},{"not_picked":["Flying Knee","Acrobatics","Dagger Spray"],"picked":"SKIP","floor":18},{"not_picked":["Flying Knee","Cloak And Dagger","Caltrops"],"picked":"SKIP","floor":19},{"not_picked":["Caltrops","Flying Knee","Terror"],"picked":"SKIP","floor":21},{"not_picked":["Prepared","Dodge and Roll"],"picked":"Footwork","floor":22},{"not_picked":["Prepared+1","Cloak And Dagger"],"picked":"Deflect+1","floor":23},{"not_picked":["Outmaneuver","PiercingWail"],"picked":"Adrenaline","floor":25},{"not_picked":["Deadly Poison","Riddle With Holes"],"picked":"Calculated Gamble","floor":27},{"not_picked":["All Out Attack","Riddle With Holes"],"picked":"PiercingWail","floor":30},{"not_picked":["Blur","Flying Knee"],"picked":"Dodge and Roll","floor":31},{"not_picked":["Grand Finale","Die Die Die"],"picked":"Burst","floor":33},{"not_picked":["Slice","Cloak And Dagger","Skewer"],"picked":"Singing Bowl","floor":35},{"not_picked":["Blade Dance","Outmaneuver","Dagger Spray"],"picked":"Singing Bowl","floor":36},{"not_picked":["Endless Agony","Underhanded Strike"],"picked":"Escape Plan","floor":37},{"not_picked":["Bane","Acrobatics+1","Slice+1"],"picked":"Singing Bowl","floor":38},{"not_picked":["PiercingWail+1","Bane"],"picked":"Bullet Time","floor":39},{"not_picked":["Bane+1","Poisoned Stab+1"],"picked":"Wraith Form v2","floor":41},{"not_picked":["Dagger Spray","Backflip","Dodge and Roll"],"picked":"Singing Bowl","floor":42},{"not_picked":["Masterful Stab","Prepared","Bane"],"picked":"Singing Bowl","floor":44},{"not_picked":["Grand Finale","Quick Slash+1","Backstab+1"],"picked":"Singing Bowl","floor":48},{"not_picked":["Terror","Dodge and Roll","Flying Knee"],"picked":"Singing Bowl","floor":55}],"player_experience":1780848,"relics_obtained":[{"floor":7,"key":"StoneCalendar"},{"floor":9,"key":"Meat on the Bone"},{"floor":10,"key":"Centennial Puzzle"},{"floor":14,"key":"Blood Vial"},{"floor":23,"key":"The Courier"},{"floor":25,"key":"Singing Bowl"},{"floor":26,"key":"Lantern"},{"floor":27,"key":"Orichalcum"},{"floor":31,"key":"Smiling Mask"},{"floor":41,"key":"Mercury Hourglass"},{"floor":55,"key":"Bottled Tornado"}],"event_choices":[{"damage_healed":0,"gold_gain":0,"player_choice":"Entered Light","damage_taken":20,"max_hp_gain":0,"max_hp_loss":0,"event_name":"Shining Light","floor":2,"gold_loss":0,"cards_upgraded":["Strike_G","Strike_G"]},{"cards_removed":["Strike_G"],"damage_healed":0,"gold_gain":0,"player_choice":"Card Removal","damage_taken":7,"max_hp_gain":0,"max_hp_loss":0,"event_name":"Golden Wing","floor":3,"gold_loss":0},{"damage_healed":0,"gold_gain":0,"cards_transformed":["Strike_G"],"player_choice":"Transformed","damage_taken":0,"max_hp_gain":0,"max_hp_loss":0,"event_name":"Transmorgrifier","floor":20,"gold_loss":0,"cards_obtained":["Expertise"]},{"damage_healed":0,"gold_gain":50,"player_choice":"Stole From Cult","damage_taken":0,"max_hp_gain":0,"max_hp_loss":0,"event_name":"Nest","floor":28,"gold_loss":0},{"damage_healed":0,"gold_gain":0,"cards_transformed":["Expertise"],"player_choice":"Transformed","damage_taken":0,"max_hp_gain":0,"max_hp_loss":0,"event_name":"Transmorgrifier","floor":45,"gold_loss":0,"cards_obtained":["Storm of Steel"]}],"is_beta":false,"boss_relics":[{"not_picked":["Eternal Feather","Tiny House"],"picked":"Ring of the Serpent"},{"not_picked":["Philosopher\u0027s Stone","Empty Cage"],"picked":"Runic Pyramid"}],"items_purged_floors":[11,47],"is_endless":false,"potions_floor_spawned":[4,5,7,14,18,22,23,27,36,37,48],"killed_by":"The Heart","ascension_level":20}