{"path_per_floor":["M","?","M","M","M","R","$","M","T","?","?","R","M","M","R","B",null,"M","?","M","M","?","R"],"character_chosen":"THE_SILENT","items_purchased":["Apotheosis"],"gold_per_floor":[111,186,197,214,231,231,28,43,43,43,8,8,23,40,40,140,140,154,154,172,187,187,187,187],"floor_reached":24,"campfire_rested":2,"playtime":1394,"current_hp_per_floor":[77,66,61,61,50,50,50,51,51,44,63,63,59,59,77,54,77,75,59,57,22,22,45,0],"items_purged":[],"gold":187,"score":190,"play_id":"117b39b9-42e9-4772-a5ca-7f019c88e1f6","local_time":"20180425211146","is_prod":false,"is_daily":false,"chose_seed":false,"is_ascension_mode":false,"campfire_upgraded":2,"timestamp":1524705106,"path_taken":["M","?","M","M","M","R","?","?","T","?","?","R","M","M","R","BOSS","M","?","M","M","?","R","E"],"build_version":"2018-04-19","seed_source_timestamp":31500133615992,"purchased_purges":0,"victory":false,"master_deck":["Defend_G+1","Defend_G+1","Defend_G+1","Defend_G+1","Defend_G+1","Strike_G+1","Strike_G+1","Strike_G+1","Strike_G+1","Survivor","Neutralize","Flying Knee","Underhanded Strike+1","Flying Knee","Well Laid Plans","Apotheosis+1","Dash","Dagger Throw","Grand Finale","Acrobatics"],"max_hp_per_floor":[77,77,77,77,77,77,77,77,77,77,77,77,77,77,77,77,77,77,77,77,77,77,77,77],"relics":["Ring of the Snake","Juzu Bracelet","Velvet Choker"],"card_choices":[{"not_picked":["Expertise","Flechettes"],"picked":"Flying Knee","floor":1},{"not_picked":["Eviscerate","Flying Knee"],"picked":"Underhanded Strike","floor":3},{"not_picked":["Flechettes","Distraction"],"picked":"Flying Knee","floor":4},{"not_picked":["Slice","Deflect"],"picked":"Well Laid Plans","floor":5},{"not_picked":["Flying Knee","Blade Dance"],"picked":"Dash","floor":8},{"not_picked":["Blade Dance","Corpse Explosion"],"picked":"Dagger Throw","floor":13},{"not_picked":["A Thousand Cuts","Storm of Steel"],"picked":"Grand Finale","floor":16},{"not_picked":["Backflip","Well Laid Plans"],"picked":"Acrobatics","floor":21}],"player_experience":157200,"potions_floor_usage":[8,16,18],"damage_taken":[{"damage":0,"enemies":"Jaw Worm","floor":1,"turns":4},{"damage":5,"enemies":"Small Slimes","floor":3,"turns":4},{"damage":0,"enemies":"2 Louse","floor":4,"turns":3},{"damage":11,"enemies":"Exordium Thugs","floor":5,"turns":6},{"damage":8,"enemies":"Exordium Wildlife","floor":8,"turns":4},{"damage":4,"enemies":"Large Slime","floor":13,"turns":5},{"damage":0,"enemies":"Blue Slaver","floor":14,"turns":3},{"damage":23,"enemies":"Slime Boss","floor":16,"turns":8},{"damage":2,"enemies":"Chosen","floor":18,"turns":5},{"damage":2,"enemies":"3 Byrds","floor":20,"turns":6},{"damage":35,"enemies":"3 Cultists","floor":21,"turns":8},{"damage":51,"enemies":"Gremlin Leader","floor":24,"turns":10}],"event_choices":[{"event_name":"World of Goop","player_choice":"Gather Gold","floor":2,"damage_taken":0},{"event_name":"Golden Wing","player_choice":"Card Removal","floor":10,"damage_taken":0},{"event_name":"The Cleric","player_choice":"Healed","floor":11,"damage_taken":0},{"event_name":"Cursed Tome","player_choice":"Obtained Book","floor":19,"damage_taken":0},{"event_name":"Back to Basics","player_choice":"Simplicity","floor":22,"damage_taken":0}],"boss_relics":[{"not_picked":["White Beast Statue","Pandora\u0027s Box"],"picked":"Velvet Choker"}],"potions_floor_spawned":[3,5,8,18,20],"seed_played":"1514259874068282598","killed_by":"Gremlin Leader","ascension_level":0,"is_trial":false}