{"gold_per_floor":[110,110,121,121,196,219,254,254,335,57,90,90,113,143,143,263,263,279,298,312,312,312,343,86,117,143,143,143,105,105,126,126,255,255,273,606,606,606,246,278,296,308,358,31,45,64,64,64,64,64],"floor_reached":51,"playtime":2208,"items_purged":["Genetic Algorithm"],"score":980,"play_id":"73532442-77a4-479e-aa9a-fd9ab03a3e03","local_time":"20190214135811","is_ascension_mode":true,"campfire_choices":[{"floor":8.0,"key":"REST"},{"floor":12.0,"key":"REST"},{"floor":15.0,"key":"REST"},{"data":"Zap","floor":28.0,"key":"SMITH"},{"data":"Gash","floor":30.0,"key":"SMITH"},{"data":"Redo","floor":32.0,"key":"SMITH"},{"floor":49,"key":"REST"}],"neow_cost":"NONE","seed_source_timestamp":11972869710970,"circlet_count":0,"master_deck":["Zap+1","Dualcast","Sweeping Beam","Redo+1","Go for the Eyes","Melter","Defragment+1","Static Discharge+1","Gash+1","Electrodynamics+1","Steam","BootSequence+1","Conserve Battery","Cold Snap","Gash","Gash","Defragment+1","Echo Form+1","Multi-Cast","Tempest","Skim","Aggregate","Sweeping Beam","Aggregate","Gash+1","Loop+1","Heatsinks+1","Loop+1","Gash+1","White Noise+1"],"special_seed":0,"relics":["Cracked Core","Potion Belt","Mercury Hourglass","Frozen Egg 2","Letter Opener","Tiny Chest","Busted Crown","MutagenicStrength","Strawberry","Lee\u0027s Waffle","Singing Bowl","Orichalcum","Pandora\u0027s Box","Membership Card","Bronze Scales","Lantern","Blood Vial","Meat on the Bone","Molten Egg 2","Shuriken"],"potions_floor_usage":[42,46,50,50],"damage_taken":[{"damage":2.0,"enemies":"Jaw Worm","floor":1.0,"turns":3.0},{"damage":1.0,"enemies":"Cultist","floor":3.0,"turns":3.0},{"damage":0.0,"enemies":"Small Slimes","floor":6.0,"turns":2.0},{"damage":27.0,"enemies":"Lagavulin","floor":7.0,"turns":7.0},{"damage":22.0,"enemies":"Gremlin Nob","floor":11.0,"turns":4.0},{"damage":4.0,"enemies":"2 Fungi Beasts","floor":13.0,"turns":2.0},{"damage":40.0,"enemies":"Hexaghost","floor":16.0,"turns":5.0},{"damage":28.0,"enemies":"Shell Parasite","floor":18.0,"turns":3.0},{"damage":6.0,"enemies":"3 Byrds","floor":19.0,"turns":1.0},{"damage":20.0,"enemies":"Snecko","floor":20.0,"turns":4.0},{"damage":10.0,"enemies":"Gremlin Leader","floor":23.0,"turns":5.0},{"damage":34.0,"enemies":"Book of Stabbing","floor":25.0,"turns":4.0},{"damage":9.0,"enemies":"Shelled Parasite and Fungi","floor":31.0,"turns":4.0},{"damage":33.0,"enemies":"Automaton","floor":33.0,"turns":6.0},{"damage":1.0,"enemies":"3 Shapes","floor":35.0,"turns":3.0},{"damage":49.0,"enemies":"Giant Head","floor":40.0,"turns":7.0},{"damage":7.0,"enemies":"3 Darklings","floor":41.0,"turns":4.0},{"damage":6,"enemies":"Maw","floor":42,"turns":6},{"damage":5,"enemies":"Sphere and 2 Shapes","floor":45,"turns":3},{"damage":24,"enemies":"Writhing Mass","floor":46,"turns":4},{"damage":37,"enemies":"Time Eater","floor":50,"turns":6}],"seed_played":"-3601681451368074200","potions_obtained":[{"floor":7.0,"key":"Ancient Potion"},{"floor":11.0,"key":"Energy Potion"},{"floor":20.0,"key":"SteroidPotion"},{"floor":23.0,"key":"FocusPotion"},{"floor":25.0,"key":"AttackPotion"},{"floor":31.0,"key":"Weak Potion"},{"floor":33.0,"key":"Fruit Juice"},{"floor":40.0,"key":"Fire Potion"},{"floor":45,"key":"Block Potion"},{"floor":46,"key":"Swift Potion"}],"is_trial":false,"path_per_floor":["M","?","M","?","?","M","E","R","T","$","E","R","M","?","R","B",null,"M","M","M","?","?","E","$","E","T","?","R","$","R","M","R","B",null,"M","?","?","?","$","E","M","M","T","$","M","M","T","?","R","B",null],"character_chosen":"DEFECT","items_purchased":["Frozen Egg 2","Defragment+1","Lee\u0027s Waffle","Gash","Defragment+1","Membership Card","Bronze Scales","Loop+1","Meat on the Bone","Molten Egg 2","Loop+1","Gash+1","PowerPotion"],"campfire_rested":4,"item_purchase_floors":[10,10,24,24,29,39,39,39,44,44,44,44,44],"current_hp_per_floor":[80,82,81,61,50,50,23,47,47,47,25,49,45,33,57,17,82,54,48,28,28,28,25,96,62,62,62,62,62,62,55,55,22,98,99,99,99,99,99,55,50,46,46,46,57,47,47,47,78,55],"gold":64,"neow_bonus":"TEN_PERCENT_HP_BONUS","is_prod":false,"is_daily":false,"chose_seed":false,"campfire_upgraded":3,"win_rate":0,"timestamp":1550170691,"path_taken":["M","?","?","?","?","M","E","R","T","?","E","R","M","?","R","BOSS","M","M","M","?","?","E","$","E","T","?","R","?","R","M","R","BOSS","M","?","?","?","$","E","M","M","T","$","?","M","?","?","R","BOSS"],"build_version":"2019-01-23","purchased_purges":1,"victory":true,"max_hp_per_floor":[82,82,82,82,82,82,82,82,82,82,82,82,82,82,82,82,82,82,82,82,82,82,89,96,96,96,96,96,96,96,98,98,98,98,100,100,100,100,100,105,107,109,109,109,111,111,111,105,105,105],"card_choices":[{"not_picked":["Cold Snap","Leap"],"picked":"Sweeping Beam","floor":1.0},{"not_picked":["Steam","Compile Driver"],"picked":"Redo","floor":3.0},{"not_picked":["Streamline","Leap"],"picked":"Go for the Eyes","floor":6.0},{"not_picked":["Hello World","Doom and Gloom"],"picked":"Melter","floor":7.0},{"not_picked":["Fusion","Reprogram"],"picked":"Static Discharge+1","floor":11.0},{"not_picked":["Lockon","Barrage"],"picked":"Gash","floor":13.0},{"not_picked":["Hyperbeam","Biased Cognition+1"],"picked":"Electrodynamics+1","floor":16.0},{"not_picked":[],"picked":"Steam","floor":18.0},{"not_picked":[],"picked":"BootSequence+1","floor":19.0},{"not_picked":[],"picked":"Conserve Battery","floor":20.0},{"not_picked":[],"picked":"Cold Snap","floor":23.0},{"not_picked":[],"picked":"Gash","floor":25.0},{"not_picked":["Stack"],"picked":"Singing Bowl","floor":31.0},{"not_picked":[],"picked":"Echo Form+1","floor":33.0},{"not_picked":["Cold Snap+1"],"picked":"Singing Bowl","floor":35.0},{"not_picked":[],"picked":"Heatsinks+1","floor":40.0},{"not_picked":["Steam"],"picked":"Singing Bowl","floor":41.0},{"not_picked":["Steam Power+1"],"picked":"Singing Bowl","floor":42},{"not_picked":["Fusion"],"picked":"Singing Bowl","floor":45},{"not_picked":[],"picked":"White Noise+1","floor":46}],"player_experience":196406,"relics_obtained":[{"floor":7.0,"key":"Potion Belt"},{"floor":9.0,"key":"Mercury Hourglass"},{"floor":11.0,"key":"Letter Opener"},{"floor":23.0,"key":"Strawberry"},{"floor":25.0,"key":"Singing Bowl"},{"floor":26.0,"key":"Orichalcum"},{"floor":40.0,"key":"Lantern"},{"floor":43,"key":"Blood Vial"},{"floor":47,"key":"Shuriken"}],"event_choices":[{"damage_healed":2.0,"max_hp_gain":0.0,"max_hp_loss":0.0,"gold_gain":0.0,"event_name":"Wheel of Change","player_choice":"Full Heal","floor":2.0,"gold_loss":0.0,"damage_taken":0.0},{"damage_healed":0.0,"max_hp_gain":0.0,"max_hp_loss":0.0,"gold_gain":0.0,"event_name":"Golden Idol","player_choice":"Take Damage","floor":4.0,"gold_loss":0.0,"damage_taken":20.0,"relics_obtained":["Golden Idol"]},{"damage_healed":0.0,"max_hp_gain":0.0,"max_hp_loss":0.0,"gold_gain":75.0,"event_name":"World of Goop","player_choice":"Gather Gold","floor":5.0,"gold_loss":0.0,"damage_taken":11.0},{"damage_healed":0.0,"max_hp_gain":0.0,"max_hp_loss":0.0,"gold_gain":0.0,"event_name":"Scrap Ooze","player_choice":"Success","floor":14.0,"gold_loss":0.0,"damage_taken":12.0,"relics_obtained":["Tiny Chest"]},{"damage_healed":0.0,"max_hp_gain":0.0,"max_hp_loss":0.0,"gold_gain":0.0,"event_name":"Drug Dealer","player_choice":"Inject Mutagens","floor":21.0,"gold_loss":0.0,"damage_taken":0.0,"relics_obtained":["MutagenicStrength"]},{"damage_healed":0.0,"max_hp_gain":0.0,"max_hp_loss":0.0,"gold_gain":0.0,"event_name":"Beggar","player_choice":"Ignored","floor":22.0,"gold_loss":0.0,"damage_taken":0.0},{"damage_healed":0.0,"max_hp_gain":0.0,"max_hp_loss":0.0,"gold_gain":0.0,"event_name":"Ghosts","player_choice":"Ignored","floor":27.0,"gold_loss":0.0,"damage_taken":0.0},{"damage_healed":0.0,"max_hp_gain":0.0,"max_hp_loss":0.0,"gold_gain":333.0,"event_name":"The Moai Head","player_choice":"Gave Idol","floor":36.0,"relics_lost":["Golden Idol"],"gold_loss":0.0,"damage_taken":0.0},{"cards_removed":["Stack"],"damage_healed":0.0,"max_hp_gain":0.0,"max_hp_loss":0.0,"gold_gain":0.0,"event_name":"Falling","player_choice":"Removed Skill","floor":37.0,"gold_loss":0.0,"damage_taken":0.0},{"damage_healed":0.0,"max_hp_gain":0.0,"max_hp_loss":0.0,"gold_gain":0.0,"event_name":"Duplicator","player_choice":"Copied","floor":38.0,"gold_loss":0.0,"damage_taken":0.0,"cards_obtained":["Gash"]},{"damage_healed":0,"gold_gain":0,"player_choice":"Max HP","damage_taken":0,"max_hp_gain":0,"max_hp_loss":6,"event_name":"Winding Halls","floor":48,"gold_loss":0}],"is_beta":false,"boss_relics":[{"not_picked":["Ectoplasm","Runic Pyramid"],"picked":"Busted Crown"},{"not_picked":["Cursed Key","Velvet Choker"],"picked":"Pandora\u0027s Box"}],"items_purged_floors":[39],"is_endless":false,"potions_floor_spawned":[7,11,20,23,25,31,33,40,45,46],"ascension_level":4}