{"gold_per_floor":[109,284,359,371,15,15,45,22,61,100,122,145,157,179,191,302,314,344,128,128,147,147],"floor_reached":22,"playtime":1021,"items_purged":["Doubt"],"score":219,"play_id":"d1ad5755-f24b-411f-bbb8-ed9af0aaf805","local_time":"20190214151145","is_ascension_mode":false,"campfire_choices":[{"data":"Defragment","floor":6,"key":"SMITH"},{"floor":15,"key":"REST"}],"neow_cost":"NONE","seed_source_timestamp":17624298691686,"circlet_count":0,"master_deck":["Strike_B","Strike_B","Strike_B","Strike_B","Defend_B","Defend_B","Defend_B","Defend_B","Zap","Dualcast","White Noise","Defragment+1","Master of Strategy","Poisoned Stab","Discovery","Flying Knee","Jack Of All Trades","Swift Strike","Juggernaut","Twin Strike+1","Clothesline"],"relics":["Cracked Core","PrismaticShard","Omamori","MawBank","Regal Pillow","Strawberry","Fusion Hammer","Ancient Tea Set"],"potions_floor_usage":[10,14,18],"damage_taken":[{"damage":6,"enemies":"Jaw Worm","floor":1,"turns":3},{"damage":7,"enemies":"2 Louse","floor":4,"turns":3},{"damage":42,"enemies":"3 Sentries","floor":7,"turns":8},{"damage":4,"enemies":"Lagavulin","floor":10,"turns":5},{"damage":1,"enemies":"Cultist","floor":11,"turns":3},{"damage":0,"enemies":"2 Fungi Beasts","floor":12,"turns":1},{"damage":16,"enemies":"Exordium Wildlife","floor":14,"turns":3},{"damage":48,"enemies":"The Guardian","floor":16,"turns":10},{"damage":20,"enemies":"3 Byrds","floor":18,"turns":5},{"damage":10,"enemies":"Chosen","floor":21,"turns":4},{"damage":43,"enemies":"3 Cultists","floor":22,"turns":3}],"seed_played":"-1254089809110848760","potions_obtained":[{"floor":4,"key":"FearPotion"},{"floor":7,"key":"Block Potion"},{"floor":11,"key":"Energy Potion"},{"floor":14,"key":"FocusPotion"},{"floor":16,"key":"Explosive Potion"},{"floor":21,"key":"FearPotion"}],"is_trial":false,"path_per_floor":["M","?","?","M","$","R","E","?","T","E","M","M","?","M","R","B",null,"M","$","?","M","M"],"character_chosen":"DEFECT","items_purchased":["PrismaticShard","Omamori","Ancient Tea Set"],"campfire_rested":1,"item_purchase_floors":[5,5,19],"current_hp_per_floor":[76,76,65,58,58,58,16,36,36,39,38,38,38,22,63,15,89,69,69,52,42,0],"gold":147,"neow_bonus":"TEN_PERCENT_HP_BONUS","is_prod":false,"is_daily":false,"chose_seed":false,"campfire_upgraded":1,"win_rate":0,"timestamp":1550175105,"path_taken":["M","?","?","M","$","R","E","?","T","E","M","M","?","M","R","BOSS","M","$","?","M","M"],"build_version":"2019-01-23","purchased_purges":1,"victory":false,"max_hp_per_floor":[82,82,82,82,82,82,82,82,82,89,89,89,89,89,89,89,89,89,89,94,94,94],"card_choices":[{"not_picked":["Steam","Self Repair"],"picked":"White Noise","floor":1},{"not_picked":["Streamline","Fusion"],"picked":"Defragment","floor":4},{"not_picked":["Hemokinesis","The Bomb"],"picked":"Master of Strategy","floor":7},{"not_picked":["Deflect","Blur"],"picked":"Poisoned Stab","floor":10},{"not_picked":["Intimidate","Prepared"],"picked":"Discovery","floor":11},{"not_picked":["Cold Snap","Ball Lightning"],"picked":"Flying Knee","floor":12},{"not_picked":["Redo","Dodge and Roll"],"picked":"Swift Strike","floor":14},{"not_picked":["Fission","Phantasmal Killer"],"picked":"Juggernaut","floor":16},{"not_picked":["Havoc+1","Steam"],"picked":"Twin Strike+1","floor":18},{"not_picked":["Thunder Strike","Leap"],"picked":"Clothesline","floor":21}],"player_experience":201715,"relics_obtained":[{"floor":7,"key":"MawBank"},{"floor":9,"key":"Regal Pillow"},{"floor":10,"key":"Strawberry"}],"event_choices":[{"damage_healed":0,"gold_gain":175,"player_choice":"AGREE","damage_taken":0,"max_hp_gain":0,"max_hp_loss":0,"event_name":"Liars Game","floor":2,"gold_loss":0,"cards_obtained":["Doubt"]},{"damage_healed":0,"gold_gain":75,"player_choice":"Gather Gold","damage_taken":11,"max_hp_gain":0,"max_hp_loss":0,"event_name":"World of Goop","floor":3,"gold_loss":0},{"damage_healed":20,"gold_gain":0,"player_choice":"Healed","damage_taken":0,"max_hp_gain":0,"max_hp_loss":0,"event_name":"The Cleric","floor":8,"gold_loss":35},{"damage_healed":0,"gold_gain":0,"player_choice":"1 cards matched","damage_taken":0,"max_hp_gain":0,"max_hp_loss":0,"event_name":"Match and Keep!","floor":13,"gold_loss":0,"cards_obtained":["Jack Of All Trades"]},{"damage_healed":0,"gold_gain":0,"player_choice":"Shed Blood","damage_taken":22,"max_hp_gain":5,"max_hp_loss":0,"event_name":"Forgotten Altar","floor":20,"gold_loss":0}],"is_beta":false,"boss_relics":[{"not_picked":["Runic Pyramid","Coffee Dripper"],"picked":"Fusion Hammer"}],"items_purged_floors":[19],"is_endless":false,"potions_floor_spawned":[4,7,11,14,16,21],"killed_by":"3 Cultists","ascension_level":0}