{"gold_per_floor":[115,132,63,79,92,92,108,108,108,108,108,127,127,52,52,151,151,170,260,279,279],"floor_reached":21,"playtime":559,"items_purged":["Strike_R"],"score":171,"play_id":"63774408-6fa6-4e8c-a53c-c8fa00312acf","local_time":"20190208012402","is_ascension_mode":false,"campfire_choices":[{"data":"Searing Blow","floor":6,"key":"SMITH"},{"data":"Searing Blow+1","floor":8,"key":"SMITH"},{"data":"Searing Blow+3","floor":15,"key":"SMITH"}],"neow_cost":"TEN_PERCENT_HP_LOSS","seed_source_timestamp":55978228099100,"circlet_count":0,"master_deck":["Strike_R+1","Strike_R","Strike_R","Defend_R","Defend_R+1","Defend_R","Bash","Searing Blow+4"],"relics":["Burning Blood","Incense Burner","Magic Flower","Empty Cage"],"potions_floor_usage":[5,16,20,20],"damage_taken":[{"damage":10,"enemies":"Cultist","floor":1,"turns":4},{"damage":0,"enemies":"2 Louse","floor":2,"turns":2},{"damage":10,"enemies":"Small Slimes","floor":4,"turns":4},{"damage":3,"enemies":"Blue Slaver","floor":5,"turns":3},{"damage":9,"enemies":"Gremlin Gang","floor":7,"turns":5},{"damage":0,"enemies":"3 Louse","floor":12,"turns":4},{"damage":40,"enemies":"The Guardian","floor":16,"turns":10},{"damage":10,"enemies":"Spheric Guardian","floor":18,"turns":3},{"damage":34,"enemies":"3 Byrds","floor":20,"turns":8},{"damage":22,"enemies":"Shelled Parasite and Fungi","floor":21,"turns":4}],"seed_played":"3004807273994453200","potions_obtained":[{"floor":1,"key":"LiquidBronze"},{"floor":7,"key":"Ancient Potion"},{"floor":12,"key":"Block Potion"}],"is_trial":false,"path_per_floor":["M","M","$","M","M","R","M","R","T","?","?","M","?","$","R","B",null,"M","?","M","M"],"character_chosen":"IRONCLAD","items_purchased":["Searing Blow"],"campfire_rested":0,"item_purchase_floors":[3],"current_hp_per_floor":[68,72,72,68,71,71,68,68,68,68,54,63,63,63,63,32,72,71,43,18,0],"gold":279,"neow_bonus":"ONE_RARE_RELIC","is_prod":false,"is_daily":false,"chose_seed":false,"campfire_upgraded":3,"win_rate":0,"timestamp":1549607042,"path_taken":["M","M","?","M","?","R","M","R","T","?","?","M","?","$","R","BOSS","M","?","?","?"],"build_version":"2019-01-23","purchased_purges":1,"victory":false,"max_hp_per_floor":[72,72,72,72,72,72,72,72,72,72,72,72,72,72,72,72,72,72,72,72,72],"card_choices":[{"not_picked":["Wild Strike","Cleave","Intimidate"],"picked":"SKIP","floor":1},{"not_picked":["Seeing Red","True Grit","Intimidate"],"picked":"SKIP","floor":2},{"not_picked":["Wild Strike","Armaments","Sword Boomerang"],"picked":"SKIP","floor":4},{"not_picked":["Whirlwind","Fire Breathing","Blood for Blood"],"picked":"SKIP","floor":5},{"not_picked":["Armaments","Sword Boomerang","Clash"],"picked":"SKIP","floor":7},{"not_picked":["Armaments","Perfected Strike","Wild Strike"],"picked":"SKIP","floor":12},{"not_picked":["Warcry","Havoc","Twin Strike"],"picked":"SKIP","floor":18},{"not_picked":["Dual Wield+1","Blood for Blood","Armaments"],"picked":"SKIP","floor":20}],"player_experience":418591,"relics_obtained":[{"floor":9,"key":"Magic Flower"}],"event_choices":[{"damage_healed":0,"gold_gain":0,"player_choice":"Ignored","damage_taken":0,"max_hp_gain":0,"max_hp_loss":0,"event_name":"Liars Game","floor":10,"gold_loss":0},{"damage_healed":0,"gold_gain":0,"player_choice":"Entered Light","damage_taken":14,"max_hp_gain":0,"max_hp_loss":0,"event_name":"Shining Light","floor":11,"gold_loss":0,"cards_upgraded":["Strike_R","Defend_R"]},{"damage_healed":0,"gold_gain":0,"player_choice":"Grow","damage_taken":0,"max_hp_gain":0,"max_hp_loss":0,"event_name":"Living Wall","floor":13,"gold_loss":0,"cards_upgraded":["Searing Blow"]},{"damage_healed":0,"gold_gain":90,"player_choice":"GOLD POTION POTION ","damage_taken":28,"max_hp_gain":0,"max_hp_loss":0,"event_name":"Knowing Skull","floor":19,"potions_obtained":["SkillPotion","PowerPotion"],"gold_loss":0,"cards_obtained":[]}],"is_beta":false,"boss_relics":[{"not_picked":["Philosopher\u0027s Stone","Coffee Dripper"],"picked":"Empty Cage"}],"items_purged_floors":[14],"is_endless":false,"potions_floor_spawned":[1,7,12],"killed_by":"Shelled Parasite and Fungi","ascension_level":0}