{"gold_per_floor":[113,124,124,140,140,172,172],"floor_reached":7,"playtime":395,"items_purged":[],"score":61,"play_id":"a82f76b3-745c-49e8-815f-341f6b346d59","local_time":"20190205195252","is_ascension_mode":true,"campfire_choices":[],"neow_cost":"NONE","seed_source_timestamp":7614862805900,"circlet_count":0,"master_deck":["Defend_G","Defend_G","Defend_G","Defend_G","Defend_G","Strike_G","Strike_G","Strike_G","Strike_G","Survivor","Neutralize","Dramatic Entrance","Infinite Blades","Backflip","Cloak And Dagger","Caltrops"],"relics":["Ring of the Snake","Oddly Smooth Stone","Letter Opener"],"potions_floor_usage":[6],"damage_taken":[{"damage":0,"enemies":"Jaw Worm","floor":1,"turns":5},{"damage":0,"enemies":"2 Louse","floor":2,"turns":3},{"damage":0,"enemies":"Cultist","floor":4,"turns":4},{"damage":28,"enemies":"Lagavulin","floor":6,"turns":12},{"damage":31,"enemies":"Exordium Thugs","floor":7,"turns":4}],"seed_played":"1649914839449740746","potions_obtained":[{"floor":4,"key":"LiquidBronze"}],"is_trial":false,"path_per_floor":["M","M","?","M","?","E","M"],"character_chosen":"THE_SILENT","items_purchased":[],"campfire_rested":0,"item_purchase_floors":[],"current_hp_per_floor":[70,70,63,63,56,28,0],"gold":172,"neow_bonus":"RANDOM_COLORLESS","is_prod":false,"is_daily":false,"chose_seed":false,"campfire_upgraded":0,"win_rate":0,"timestamp":1549414372,"path_taken":["M","M","?","M","?","E","M"],"build_version":"2019-01-23","purchased_purges":0,"victory":false,"max_hp_per_floor":[70,70,70,70,70,70,70],"card_choices":[{"not_picked":["Prepared","Slice"],"picked":"Infinite Blades","floor":1},{"not_picked":["Quick Slash","Prepared"],"picked":"Backflip","floor":2},{"not_picked":["Endless Agony","Underhanded Strike"],"picked":"Cloak And Dagger","floor":4},{"not_picked":["Calculated Gamble","Flechettes"],"picked":"Caltrops","floor":6}],"player_experience":373320,"relics_obtained":[{"floor":6,"key":"Letter Opener"}],"event_choices":[{"cards_removed":["Strike_G"],"damage_healed":0,"gold_gain":0,"player_choice":"Card Removal","damage_taken":7,"max_hp_gain":0,"max_hp_loss":0,"event_name":"Golden Wing","floor":3,"gold_loss":0},{"damage_healed":0,"gold_gain":0,"player_choice":"Success","damage_taken":7,"relics_obtained":["Oddly Smooth Stone"],"max_hp_gain":0,"max_hp_loss":0,"event_name":"Scrap Ooze","floor":5,"gold_loss":0}],"is_beta":false,"boss_relics":[],"items_purged_floors":[],"is_endless":false,"potions_floor_spawned":[4],"killed_by":"Exordium Thugs","ascension_level":4}