{"gold_per_floor":[368,17,29,29,44,78,78,91,91,126,138,156,168,168,168,289,289,303,8,32,56,80,80],"floor_reached":23,"playtime":1497,"items_purged":[],"score":207,"play_id":"e312fd97-a69d-4de8-8d9f-bbb5b1dff7ab","local_time":"20190303203441","is_ascension_mode":false,"campfire_choices":[{"floor":7,"key":"REST"},{"data":"Barrage","floor":15,"key":"SMITH"}],"neow_cost":"PERCENT_DAMAGE","seed_source_timestamp":192716289742935,"circlet_count":0,"master_deck":["Strike_B","Strike_B","Strike_B","Defend_B","Defend_B","Defend_B","Defend_B","Zap","Dualcast","Capacitor","Coolheaded","Leap","Barrage+1","Conserve Battery","Gash","Go for the Eyes","Gash","Injury","All For One","Barrage","Coolheaded","Go for the Eyes+1","Stack","Glacier+1"],"relics":["Cracked Core","HandDrill","Orichalcum","Darkstone Periapt","Mummified Hand","Art of War","Golden Idol","Black Star","Cables"],"potions_floor_usage":[10,10,21,22,23],"damage_taken":[{"damage":4,"enemies":"2 Louse","floor":1,"turns":2},{"damage":0,"enemies":"Cultist","floor":3,"turns":3},{"damage":5,"enemies":"Jaw Worm","floor":5,"turns":4},{"damage":12,"enemies":"3 Sentries","floor":6,"turns":8},{"damage":3,"enemies":"3 Louse","floor":8,"turns":5},{"damage":16,"enemies":"Gremlin Nob","floor":10,"turns":5},{"damage":4,"enemies":"Exordium Wildlife","floor":11,"turns":5},{"damage":4,"enemies":"Large Slime","floor":12,"turns":5},{"damage":0,"enemies":"2 Fungi Beasts","floor":13,"turns":4},{"damage":10,"enemies":"Hexaghost","floor":16,"turns":10},{"damage":12,"enemies":"Spheric Guardian","floor":18,"turns":4},{"damage":26,"enemies":"3 Byrds","floor":20,"turns":5},{"damage":1,"enemies":"Cultist and Chosen","floor":21,"turns":7},{"damage":16,"enemies":"Snake Plant","floor":22,"turns":5},{"damage":27,"enemies":"Slavers","floor":23,"turns":3}],"seed_played":"7345664381716636496","potions_obtained":[{"floor":1,"key":"Block Potion"},{"floor":3,"key":"SteroidPotion"},{"floor":6,"key":"Block Potion"},{"floor":11,"key":"Weak Potion"},{"floor":16,"key":"Swift Potion"},{"floor":21,"key":"AttackPotion"}],"is_trial":false,"path_per_floor":["M","$","M","?","M","E","R","M","T","E","M","M","M","?","R","B",null,"M","$","M","M","M","E"],"character_chosen":"DEFECT","items_purchased":["HandDrill","Orichalcum","Cables","Coolheaded"],"campfire_rested":1,"item_purchase_floors":[2,2,19,19],"current_hp_per_floor":[50,50,50,50,45,33,55,52,52,36,32,28,28,34,34,24,81,69,69,43,42,26,0],"gold":80,"neow_bonus":"TWO_FIFTY_GOLD","is_prod":false,"is_daily":false,"chose_seed":false,"campfire_upgraded":1,"win_rate":0,"timestamp":1551663281,"path_taken":["M","$","M","?","M","E","R","M","T","E","M","M","?","?","R","BOSS","M","$","M","M","M","E"],"build_version":"2019-01-23","purchased_purges":0,"victory":false,"max_hp_per_floor":[75,75,75,75,75,75,75,75,75,75,75,75,75,81,81,81,81,81,81,81,81,81,81],"card_choices":[{"not_picked":["Storm","Barrage"],"picked":"Capacitor","floor":1},{"not_picked":["Undo","Chaos"],"picked":"Coolheaded","floor":3},{"not_picked":["Reinforced Body","Auto Shields","Reprogram"],"picked":"SKIP","floor":5},{"not_picked":["Auto Shields","Doom and Gloom"],"picked":"Leap","floor":6},{"not_picked":["Cold Snap","Ball Lightning"],"picked":"Barrage","floor":8},{"not_picked":["Reprogram","Force Field"],"picked":"Conserve Battery","floor":10},{"not_picked":["Leap","Rip and Tear"],"picked":"Gash","floor":11},{"not_picked":["Storm","Sweeping Beam"],"picked":"Go for the Eyes","floor":12},{"not_picked":["Rebound","Rip and Tear"],"picked":"Gash","floor":13},{"not_picked":["Core Surge","Creative AI"],"picked":"All For One","floor":16},{"not_picked":["Streamline+1","White Noise"],"picked":"Barrage","floor":18},{"not_picked":["Redo","Leap"],"picked":"Go for the Eyes+1","floor":20},{"not_picked":["Beam Cell","Redo"],"picked":"Stack","floor":21},{"not_picked":["Doom and Gloom","Leap"],"picked":"Glacier+1","floor":22}],"player_experience":244372,"relics_obtained":[{"floor":6,"key":"Darkstone Periapt"},{"floor":9,"key":"Mummified Hand"},{"floor":10,"key":"Art of War"}],"event_choices":[{"cards_removed":["Strike_B"],"damage_healed":0,"gold_gain":0,"player_choice":"Offered Basic","damage_taken":0,"max_hp_gain":0,"max_hp_loss":0,"event_name":"Bonfire Elementals","floor":4,"gold_loss":0},{"damage_healed":0,"gold_gain":0,"player_choice":"Take Wound","damage_taken":0,"relics_obtained":["Golden Idol"],"max_hp_gain":0,"max_hp_loss":0,"event_name":"Golden Idol","floor":14,"gold_loss":0,"cards_obtained":["Injury"]}],"is_beta":false,"boss_relics":[{"not_picked":["Ectoplasm","Runic Pyramid"],"picked":"Black Star"}],"items_purged_floors":[],"is_endless":false,"potions_floor_spawned":[1,3,6,11,16,21],"killed_by":"Slavers","ascension_level":0}