{"gold_per_floor":[117,136,146,162,69,69,101,101,101,119,150,166,197,211,211,310,310,323,336,355,371,371,398,398,428,428,440,474,487,487,499,499,595,595,605,272,282,302,317,344,344,369,369,404,404,181,194,247,247,247],"floor_reached":51,"playtime":2801,"items_purged":["Strike_R","Defend_R"],"score":923,"play_id":"f5f21fee-d281-42aa-88ff-59d4095c07a8","local_time":"20190425115830","is_ascension_mode":false,"campfire_choices":[{"data":"Clothesline","floor":6,"key":"SMITH"},{"data":"Bash","floor":8,"key":"SMITH"},{"data":"Armaments","floor":15,"key":"SMITH"},{"data":"Immolate","floor":24,"key":"SMITH"},{"data":"Disarm","floor":30,"key":"SMITH"},{"data":"Inflame","floor":32,"key":"SMITH"},{"floor":41,"key":"REST"},{"floor":49,"key":"RECALL"}],"neow_cost":"PERCENT_DAMAGE","seed_source_timestamp":1125472908791299,"circlet_count":0,"master_deck":["Strike_R","Strike_R","Strike_R","Strike_R","Defend_R","Defend_R","Defend_R","Bash+1","Clothesline+1","Battle Trance","Iron Wave","Shrug It Off","Spot Weakness","Headbutt","Intimidate","Feel No Pain","True Grit+1","Seeing Red+1","Armaments+1","Sword Boomerang","Immolate+1","Disarm+1","Cleave","Ghostly Armor+1","Shrug It Off","Inflame+1","Headbutt","Headbutt","Metallicize","Spot Weakness+1","Impervious","Corruption+1","PanicButton","Master of Strategy","Headbutt+1","Impervious","Sentinel+1","Evolve+1","Flame Barrier+1","Battle Trance","Shrug It Off","Whirlwind+1"],"relics":["Burning Blood","Magic Flower","Bag of Preparation","Darkstone Periapt","Calipers","War Paint","Mark of Pain","FaceOfCleric","Orichalcum","Regal Pillow","Anchor","Torii","Fusion Hammer","Pen Nib","Art of War","Sundial","Blood Vial","Champion Belt"],"potions_floor_usage":[11,23,23,28,33,44,50,50,50],"damage_taken":[{"damage":1,"enemies":"Cultist","floor":1,"turns":3},{"damage":0,"enemies":"Small Slimes","floor":2,"turns":3},{"damage":1,"enemies":"Jaw Worm","floor":3,"turns":3},{"damage":3,"enemies":"2 Fungi Beasts","floor":4,"turns":4},{"damage":24,"enemies":"Gremlin Nob","floor":7,"turns":5},{"damage":1,"enemies":"Blue Slaver","floor":10,"turns":4},{"damage":7,"enemies":"Lagavulin","floor":11,"turns":7},{"damage":2,"enemies":"Looter","floor":12,"turns":4},{"damage":22,"enemies":"Gremlin Nob","floor":13,"turns":4},{"damage":7,"enemies":"Exordium Thugs","floor":14,"turns":5},{"damage":15,"enemies":"The Guardian","floor":16,"turns":12},{"damage":3,"enemies":"Chosen","floor":18,"turns":4},{"damage":0,"enemies":"3 Byrds","floor":19,"turns":4},{"damage":21,"enemies":"Snake Plant","floor":20,"turns":5},{"damage":12,"enemies":"Centurion and Healer","floor":21,"turns":6},{"damage":10,"enemies":"Book of Stabbing","floor":23,"turns":6},{"damage":0,"enemies":"Gremlin Leader","floor":25,"turns":7},{"damage":8,"enemies":"Shelled Parasite and Fungi","floor":27,"turns":4},{"damage":10,"enemies":"Book of Stabbing","floor":28,"turns":6},{"damage":12,"enemies":"Sentry and Sphere","floor":29,"turns":4},{"damage":0,"enemies":"Snake Plant","floor":31,"turns":4},{"damage":18,"enemies":"Collector","floor":33,"turns":9},{"damage":0,"enemies":"3 Shapes","floor":35,"turns":4},{"damage":0,"enemies":"Orb Walker","floor":37,"turns":3},{"damage":0,"enemies":"3 Darklings","floor":38,"turns":5},{"damage":0,"enemies":"4 Shapes","floor":39,"turns":4},{"damage":25,"enemies":"Reptomancer","floor":40,"turns":6},{"damage":3,"enemies":"Giant Head","floor":42,"turns":7},{"damage":8,"enemies":"Reptomancer","floor":44,"turns":6},{"damage":0,"enemies":"Maw","floor":47,"turns":8},{"damage":1,"enemies":"2 Orb Walkers","floor":48,"turns":4},{"damage":28,"enemies":"Donu and Deca","floor":50,"turns":7}],"seed_played":"6341946100773088776","potions_obtained":[{"floor":7,"key":"PowerPotion"},{"floor":10,"key":"AttackPotion"},{"floor":13,"key":"BloodPotion"},{"floor":14,"key":"Ancient Potion"},{"floor":18,"key":"Block Potion"},{"floor":23,"key":"Block Potion"},{"floor":25,"key":"Fire Potion"},{"floor":29,"key":"PowerPotion"},{"floor":35,"key":"SteroidPotion"}],"is_trial":false,"path_per_floor":["M","M","M","M","$","R","E","R","T","M","E","M","E","M","R","B",null,"M","M","M","M","?","E","R","E","T","M","E","M","R","M","R","B",null,"M","$","M","M","M","E","R","E","T","E","?","$","M","?","R","B",null],"character_chosen":"IRONCLAD","items_purchased":["Spot Weakness","Headbutt","PanicButton","Master of Strategy","Battle Trance","Swift Potion"],"campfire_rested":1,"item_purchase_floors":[5,5,36,36,46,46],"current_hp_per_floor":[64,73,80,80,80,80,65,65,65,73,75,80,67,69,69,63,80,80,80,68,65,65,66,66,77,77,80,81,80,80,86,86,79,87,88,88,89,90,91,77,92,93,93,94,94,94,95,96,96,79],"gold":247,"neow_bonus":"ONE_RARE_RELIC","is_prod":false,"is_daily":false,"chose_seed":false,"campfire_upgraded":6,"win_rate":1,"timestamp":1556218710,"path_taken":["M","M","M","M","$","R","E","R","T","?","E","M","E","M","R","BOSS","M","M","M","M","?","E","R","E","T","M","E","M","R","M","R","BOSS","M","$","M","?","M","E","R","E","T","E","?","$","M","?","R","BOSS"],"build_version":"2019-01-23","purchased_purges":2,"victory":true,"max_hp_per_floor":[80,80,80,80,80,80,80,80,80,80,80,80,80,80,80,80,80,80,80,80,80,80,81,81,82,82,83,84,85,85,86,86,87,87,88,88,89,90,91,92,92,93,93,94,94,94,95,96,96,97],"card_choices":[{"not_picked":["True Grit","Twin Strike"],"picked":"Clothesline","floor":1},{"not_picked":["Armaments","Perfected Strike"],"picked":"Battle Trance","floor":2},{"not_picked":["Anger","Warcry"],"picked":"Iron Wave","floor":3},{"not_picked":["Seeing Red","Barricade"],"picked":"Shrug It Off","floor":4},{"not_picked":["Clothesline","Sword Boomerang"],"picked":"Intimidate","floor":7},{"not_picked":["Sentinel","Clash"],"picked":"Feel No Pain","floor":10},{"not_picked":["Barricade","Sword Boomerang"],"picked":"True Grit","floor":11},{"not_picked":["Combust","Evolve"],"picked":"Seeing Red","floor":12},{"not_picked":["Dropkick","Burning Pact"],"picked":"Armaments","floor":13},{"not_picked":["Thunderclap","Perfected Strike"],"picked":"Sword Boomerang","floor":14},{"not_picked":["Impervious","Reaper"],"picked":"Immolate","floor":16},{"not_picked":["Clash+1","Power Through"],"picked":"Disarm","floor":18},{"not_picked":["Body Slam","Warcry"],"picked":"Cleave","floor":19},{"not_picked":["Thunderclap","Clash+1"],"picked":"Ghostly Armor+1","floor":20},{"not_picked":["True Grit","Body Slam"],"picked":"Shrug It Off","floor":21},{"not_picked":["Immolate","Cleave+1"],"picked":"Inflame","floor":23},{"not_picked":["Armaments+1","Dual Wield+1"],"picked":"Headbutt","floor":25},{"not_picked":["Intimidate","Havoc+1"],"picked":"Headbutt","floor":27},{"not_picked":["Armaments","Clothesline"],"picked":"Metallicize","floor":28},{"not_picked":["Barricade","Flex+1"],"picked":"Spot Weakness+1","floor":29},{"not_picked":["Flex","Blood for Blood+1"],"picked":"Iron Wave+1","floor":31},{"not_picked":["Fiend Fire","Brutality"],"picked":"Impervious","floor":33},{"not_picked":["Dropkick+1","Sword Boomerang"],"picked":"Corruption+1","floor":35},{"not_picked":["Pommel Strike","Wild Strike","Cleave"],"picked":"SKIP","floor":37},{"not_picked":["Heavy Blade","Clash"],"picked":"Headbutt+1","floor":38},{"not_picked":["Thunderclap+1","Combust"],"picked":"Impervious","floor":39},{"not_picked":["Combust","Wild Strike+1"],"picked":"Sentinel+1","floor":40},{"not_picked":["Thunderclap+1","Bloodletting+1"],"picked":"Evolve+1","floor":42},{"not_picked":["Corruption+1","Headbutt"],"picked":"Flame Barrier+1","floor":44},{"not_picked":["Dual Wield+1","Berserk"],"picked":"Shrug It Off","floor":47},{"not_picked":["Shrug It Off","Thunderclap+1"],"picked":"Whirlwind+1","floor":48}],"player_experience":581399,"relics_obtained":[{"floor":7,"key":"Bag of Preparation"},{"floor":9,"key":"Darkstone Periapt"},{"floor":11,"key":"Calipers"},{"floor":13,"key":"War Paint"},{"floor":23,"key":"Orichalcum"},{"floor":25,"key":"Regal Pillow"},{"floor":26,"key":"Anchor"},{"floor":28,"key":"Torii"},{"floor":40,"key":"Pen Nib"},{"floor":42,"key":"Art of War"},{"floor":43,"key":"Sundial"},{"floor":44,"key":"Blood Vial"},{"floor":48,"key":"Champion Belt"}],"event_choices":[{"damage_healed":0,"gold_gain":0,"player_choice":"Trade","damage_taken":0,"relics_obtained":["FaceOfCleric"],"max_hp_gain":0,"max_hp_loss":0,"event_name":"FaceTrader","floor":22,"gold_loss":0},{"cards_removed":["Iron Wave"],"damage_healed":0,"gold_gain":0,"player_choice":"Removed Attack","damage_taken":0,"max_hp_gain":0,"max_hp_loss":0,"event_name":"Falling","floor":45,"gold_loss":0},{"damage_healed":0,"gold_gain":0,"player_choice":"Fight","damage_taken":0,"max_hp_gain":0,"max_hp_loss":0,"event_name":"Mysterious Sphere","floor":48,"gold_loss":0}],"is_beta":false,"boss_relics":[{"not_picked":["Black Blood","Orrery"],"picked":"Mark of Pain"},{"not_picked":["Astrolabe","White Beast Statue"],"picked":"Fusion Hammer"}],"items_purged_floors":[36,46],"is_endless":false,"potions_floor_spawned":[7,10,13,14,18,21,23,25,29,35,38,47,48],"ascension_level":0}