{"gold_per_floor":[119,136,15,15,27,27,54,70,70,104,123,123,135,464,464,569,569,587,512,96,107,107,107,140,140,163,163,163,40,74,74,74,172,172,183,283,303,314,314,346,346,366,366,366,366,52,71,85,85,85],"floor_reached":51,"playtime":5839,"items_purged":["Strike_G","Writhe"],"score":1186,"play_id":"12d448e0-4796-451f-8f34-361cd89df49f","local_time":"20190410183944","is_ascension_mode":true,"campfire_choices":[{"data":"Neutralize","floor":6,"key":"SMITH"},{"floor":12,"key":"REST"},{"data":"Corpse Explosion","floor":15,"key":"SMITH"},{"floor":23,"key":"REST"},{"data":"Crippling Poison","floor":25,"key":"SMITH"},{"data":"Leg Sweep","floor":27,"key":"SMITH"},{"floor":32,"key":"REST"},{"floor":41,"key":"REST"},{"floor":44,"key":"REST"},{"floor":49,"key":"REST"}],"neow_cost":"NONE","seed_source_timestamp":68363291935354,"circlet_count":0,"master_deck":["AscendersBane","Defend_G","Defend_G","Defend_G+1","Defend_G","Defend_G","Strike_G","Strike_G+1","Survivor","Neutralize+1","Dagger Throw","Leg Sweep+1","Dagger Spray","Corpse Explosion+1","Cloak And Dagger","Predator","Slice+1","Flying Knee","Cloak And Dagger","Die Die Die","Backflip","Crippling Poison+1","Deflect+1","Well Laid Plans+1","Deadly Poison","Calculated Gamble","Catalyst","Dodge and Roll+1","Dodge and Roll+1","Caltrops+1","Blur","Cloak And Dagger+1","Prepared+1","Acrobatics+1","Envenom+1","Outmaneuver","Malaise"],"relics":["Ring of the Snake","PreservedInsect","The Specimen","Pantograph","Frozen Egg 2","Old Coin","Orrery","Prayer Wheel","Regal Pillow","War Paint","Dream Catcher","Potion Belt","Enchiridion","Fusion Hammer","Bird Faced Urn","Whetstone","Vajra"],"potions_floor_usage":[7,10,10,16,22,24,30,40,40,50,50,50,50],"damage_taken":[{"damage":0,"enemies":"Small Slimes","floor":1,"turns":4},{"damage":0,"enemies":"Cultist","floor":2,"turns":5},{"damage":3,"enemies":"Jaw Worm","floor":5,"turns":6},{"damage":14,"enemies":"Gremlin Nob","floor":7,"turns":4},{"damage":0,"enemies":"Blue Slaver","floor":8,"turns":6},{"damage":12,"enemies":"3 Sentries","floor":10,"turns":3},{"damage":14,"enemies":"Exordium Wildlife","floor":11,"turns":4},{"damage":1,"enemies":"2 Fungi Beasts","floor":13,"turns":2},{"damage":15,"enemies":"Gremlin Nob","floor":14,"turns":4},{"damage":46,"enemies":"Slime Boss","floor":16,"turns":10},{"damage":0,"enemies":"3 Byrds","floor":18,"turns":3},{"damage":13,"enemies":"2 Thieves","floor":19,"turns":5},{"damage":14,"enemies":"Snecko","floor":21,"turns":6},{"damage":0,"enemies":"Cultist and Chosen","floor":22,"turns":1},{"damage":20,"enemies":"Gremlin Leader","floor":24,"turns":5},{"damage":3,"enemies":"Slavers","floor":30,"turns":2},{"damage":35,"enemies":"Automaton","floor":33,"turns":8},{"damage":0,"enemies":"3 Shapes","floor":35,"turns":3},{"damage":7,"enemies":"Mind Bloom Boss Battle","floor":36,"turns":9},{"damage":0,"enemies":"Orb Walker","floor":37,"turns":5},{"damage":13,"enemies":"Transient","floor":38,"turns":5},{"damage":22,"enemies":"Reptomancer","floor":40,"turns":5},{"damage":34,"enemies":"4 Shapes","floor":42,"turns":3},{"damage":9,"enemies":"3 Darklings","floor":47,"turns":3},{"damage":19,"enemies":"Jaw Worm Horde","floor":48,"turns":2},{"damage":56,"enemies":"Donu and Deca","floor":50,"turns":9}],"seed_played":"-2358502038427408303","potions_obtained":[{"floor":1,"key":"Swift Potion"},{"floor":7,"key":"EntropicBrew"},{"floor":16,"key":"Regen Potion"},{"floor":30,"key":"GhostInAJar"},{"floor":36,"key":"SkillPotion"},{"floor":37,"key":"Regen Potion"},{"floor":40,"key":"Strength Potion"}],"is_trial":false,"path_per_floor":["?","M","?","?","?","?","?"],"character_chosen":"THE_SILENT","items_purchased":["Dagger Spray","Regen Potion","Deadly Poison","Prayer Wheel","GhostInAJar","Weak Potion","Envenom+1","SpeedPotion"],"campfire_rested":6,"item_purchase_floors":[3,3,20,20,29,29,46,46],"current_hp_per_floor":[63,63,63,63,60,60,46,46,46,43,29,50,49,34,34,13,56,56,43,43,29,29,50,45,45,45,45,45,45,42,26,62,35,61,61,63,67,57,57,39,70,38,38,70,70,70,63,46,70,33],"gold":85,"neow_bonus":"RANDOM_COMMON_RELIC","is_prod":false,"is_daily":false,"chose_seed":false,"campfire_upgraded":4,"win_rate":0,"timestamp":1554917984,"path_taken":["M","M","$","?","M","R","E","M","T","E","M","R","M","E","R","BOSS","M","M","$","M","?","R","E","R","T","R","?","$","E","?","R","BOSS","M","?","M","M","?","E","R","M","T","R","?","$","M","M","R","BOSS"],"build_version":"2019-01-23","purchased_purges":2,"victory":true,"max_hp_per_floor":[70,70,70,70,70,70,70,70,70,70,70,70,70,70,70,70,70,70,70,70,70,70,70,70,70,70,70,70,70,70,70,70,70,70,70,70,70,70,70,70,70,70,70,70,70,70,70,70,70,70],"card_choices":[{"not_picked":["Noxious Fumes","Escape Plan"],"picked":"Dagger Throw","floor":1},{"not_picked":["Flechettes","Setup"],"picked":"Leg Sweep","floor":2},{"not_picked":["Prepared","Escape Plan"],"picked":"Cloak And Dagger","floor":5},{"not_picked":["Phantasmal Killer","Slice"],"picked":"Predator","floor":7},{"not_picked":["Predator","Reflex","Bane"],"picked":"SKIP","floor":8},{"not_picked":["Dagger Throw","Deadly Poison"],"picked":"Slice","floor":10},{"not_picked":["Terror","Masterful Stab"],"picked":"Flying Knee","floor":11},{"not_picked":["Slice","Flying Knee"],"picked":"Cloak And Dagger","floor":13},{"not_picked":["Endless Agony","Terror","Cloak And Dagger"],"picked":"SKIP","floor":14},{"not_picked":["Phantasmal Killer","Venomology"],"picked":"Die Die Die","floor":16},{"not_picked":["Predator","Riddle With Holes"],"picked":"Backflip","floor":17},{"not_picked":["Blade Dance","Cloak And Dagger"],"picked":"Crippling Poison","floor":17},{"not_picked":["Sucker Punch","Deadly Poison"],"picked":"Deflect","floor":17},{"not_picked":["Bane","Deadly Poison","Underhanded Strike"],"picked":"SKIP","floor":18},{"not_picked":["Unload","Acrobatics"],"picked":"Well Laid Plans+1","floor":19},{"not_picked":["Dash","Deadly Poison"],"picked":"Calculated Gamble","floor":21},{"not_picked":["Backflip","Outmaneuver"],"picked":"Catalyst","floor":21},{"not_picked":["Masterful Stab","Distraction"],"picked":"Dodge and Roll+1","floor":24},{"not_picked":["Sucker Punch","Outmaneuver","Grand Finale"],"picked":"SKIP","floor":30},{"not_picked":["Underhanded Strike","Dagger Throw"],"picked":"Dodge and Roll+1","floor":32},{"not_picked":["Sucker Punch","Dagger Throw+1","Outmaneuver"],"picked":"SKIP","floor":35},{"not_picked":["Underhanded Strike+1","Endless Agony","Setup"],"picked":"SKIP","floor":35},{"not_picked":["Bane","Backflip"],"picked":"Caltrops+1","floor":36},{"not_picked":["Backflip+1","Underhanded Strike"],"picked":"Blur","floor":37},{"not_picked":["Dagger Spray","Slice"],"picked":"Cloak And Dagger+1","floor":37},{"not_picked":["Terror","Quick Slash","Bane"],"picked":"SKIP","floor":38},{"not_picked":["Backflip+1","Storm of Steel","All Out Attack"],"picked":"SKIP","floor":38},{"not_picked":["Slice+1","Quick Slash"],"picked":"Prepared+1","floor":40},{"not_picked":["Masterful Stab","Riddle With Holes","Deadly Poison"],"picked":"SKIP","floor":42},{"not_picked":["Dodge and Roll","Backstab","Expertise+1"],"picked":"SKIP","floor":42},{"not_picked":["Dagger Throw","Cloak And Dagger"],"picked":"Acrobatics+1","floor":44},{"not_picked":["Prepared","Well Laid Plans+1"],"picked":"Outmaneuver","floor":47},{"not_picked":["Quick Slash","Prepared","Underhanded Strike+1"],"picked":"SKIP","floor":47},{"not_picked":["Dagger Throw","Outmaneuver"],"picked":"Malaise","floor":48},{"not_picked":["Underhanded Strike","Endless Agony","Calculated Gamble"],"picked":"SKIP","floor":48}],"player_experience":542930,"relics_obtained":[{"floor":7,"key":"The Specimen"},{"floor":9,"key":"Pantograph"},{"floor":10,"key":"Frozen Egg 2"},{"floor":14,"key":"Old Coin"},{"floor":24,"key":"Regal Pillow"},{"floor":26,"key":"War Paint"},{"floor":30,"key":"Potion Belt"},{"floor":31,"key":"Enchiridion"},{"floor":36,"key":"Bird Faced Urn"},{"floor":40,"key":"Whetstone"},{"floor":43,"key":"Vajra"}],"event_choices":[{"damage_healed":0,"gold_gain":0,"cards_transformed":["Strike_G"],"player_choice":"Transformed","damage_taken":0,"max_hp_gain":0,"max_hp_loss":0,"event_name":"Transmorgrifier","floor":4,"gold_loss":0,"cards_obtained":["Corpse Explosion"]},{"damage_healed":0,"gold_gain":0,"player_choice":"Opened","damage_taken":0,"relics_obtained":["Dream Catcher"],"max_hp_gain":0,"max_hp_loss":0,"event_name":"The Mausoleum","floor":28,"gold_loss":0,"cards_obtained":["Writhe"]},{"damage_healed":0,"gold_gain":0,"player_choice":"Obtained Book","damage_taken":16,"max_hp_gain":0,"max_hp_loss":0,"event_name":"Cursed Tome","floor":31,"gold_loss":0},{"damage_healed":0,"gold_gain":0,"player_choice":"Fight","damage_taken":0,"max_hp_gain":0,"max_hp_loss":0,"event_name":"MindBloom","floor":36,"gold_loss":0},{"cards_removed":["Strike_G"],"damage_healed":0,"gold_gain":0,"player_choice":"Removed Attack","damage_taken":0,"max_hp_gain":0,"max_hp_loss":0,"event_name":"Falling","floor":39,"gold_loss":0},{"damage_healed":0,"gold_gain":0,"player_choice":"Ignored","damage_taken":0,"max_hp_gain":0,"max_hp_loss":0,"event_name":"Mysterious Sphere","floor":45,"gold_loss":0}],"is_beta":false,"boss_relics":[{"not_picked":["Tiny House","Eternal Feather"],"picked":"Orrery"},{"not_picked":["HoveringKite","Snecko Eye"],"picked":"Fusion Hammer"}],"items_purged_floors":[20,46],"is_endless":false,"potions_floor_spawned":[1,7,8,13,16,21,22,30,36,37,40],"ascension_level":12}