{"gold_per_floor":[111,111,41,116,135,135,150,168,168,186,111,111,124,142,142,244,244,255,255,155,174,199,199,74,74,74,24,35,52,102,120,120,120],"floor_reached":33,"playtime":1398,"items_purged":["Strike_R","Strike_R","Strike_R"],"score":239,"play_id":"c3aafaf0-f04a-4fdb-b51b-2ceaaf4bedc7","local_time":"20190423142114","is_ascension_mode":false,"campfire_choices":[{"data":"Demon Form","floor":6,"key":"SMITH"},{"data":"Cleave","floor":12,"key":"SMITH"},{"data":"Fire Breathing","floor":15,"key":"SMITH"},{"data":"Barricade","floor":23,"key":"SMITH"},{"data":"Metallicize","floor":25,"key":"SMITH"},{"floor":32,"key":"REST"}],"neow_cost":"NONE","seed_source_timestamp":242652809816515,"circlet_count":0,"master_deck":["Strike_R","Strike_R","Defend_R","Defend_R","Defend_R","Bash","Demon Form+1","Cleave+1","Metallicize+1","Warcry","Fire Breathing+1","Pommel Strike","Barricade+1","Shrug It Off","Disarm+1","Shrug It Off","Disarm+1","Disarm"],"relics":["Burning Blood"],"potions_floor_usage":[18,21,29,31,33],"damage_taken":[{"damage":11,"enemies":"Jaw Worm","floor":1,"turns":3},{"damage":4,"enemies":"Cultist","floor":5,"turns":4},{"damage":2,"enemies":"2 Louse","floor":7,"turns":3},{"damage":14,"enemies":"Looter","floor":8,"turns":3},{"damage":11,"enemies":"3 Louse","floor":10,"turns":4},{"damage":6,"enemies":"Blue Slaver","floor":13,"turns":5},{"damage":15,"enemies":"2 Fungi Beasts","floor":14,"turns":3},{"damage":27,"enemies":"Slime Boss","floor":16,"turns":7},{"damage":39,"enemies":"Chosen","floor":18,"turns":7},{"damage":31,"enemies":"Shell Parasite","floor":21,"turns":8},{"damage":0,"enemies":"Snake Plant","floor":28,"turns":8},{"damage":36,"enemies":"Sentry and Sphere","floor":29,"turns":7},{"damage":3,"enemies":"Shelled Parasite and Fungi","floor":31,"turns":9},{"damage":41,"enemies":"Collector","floor":33,"turns":6}],"seed_played":"-7052955318004214413","potions_obtained":[{"floor":5,"key":"Strength Potion"},{"floor":7,"key":"SkillPotion"},{"floor":8,"key":"BloodPotion"},{"floor":21,"key":"SteroidPotion"},{"floor":31,"key":"GamblersBrew"}],"is_trial":false,"path_per_floor":["M","?","$","?","M","R","M","M","T","M","$","R","M","M","R","B",null,"M","?","$","M","T","R","$","R","T","$","M","M","?","M","R","B"],"character_chosen":"IRONCLAD","items_purchased":["Metallicize","Block Potion"],"campfire_rested":1,"item_purchase_floors":[3,27],"current_hp_per_floor":[75,80,80,69,71,71,75,67,67,62,62,62,62,53,53,32,85,52,52,52,35,35,35,35,35,35,35,41,11,11,14,39,0],"gold":120,"neow_bonus":"ONE_RANDOM_RARE_CARD","is_prod":false,"is_daily":false,"chose_seed":false,"campfire_upgraded":5,"win_rate":0,"timestamp":1556043674,"path_taken":["M","?","$","?","M","R","M","M","T","M","$","R","M","M","R","BOSS","M","?","?","?","?","R","$","R","T","?","?","M","?","M","R","BOSS"],"build_version":"2019-01-23","purchased_purges":3,"victory":false,"max_hp_per_floor":[80,85,85,85,85,85,85,85,85,85,85,85,85,85,85,85,85,85,85,85,85,85,85,85,85,85,85,85,85,85,85,85,85],"card_choices":[{"not_picked":["Sword Boomerang","Iron Wave"],"picked":"Cleave","floor":1},{"not_picked":["Corruption","Anger","Clash"],"picked":"SKIP","floor":5},{"not_picked":["Body Slam","Iron Wave","Heavy Blade"],"picked":"SKIP","floor":7},{"not_picked":["Anger","True Grit","Perfected Strike"],"picked":"SKIP","floor":8},{"not_picked":["Twin Strike","Wild Strike"],"picked":"Warcry","floor":10},{"not_picked":["Clash","Havoc"],"picked":"Fire Breathing","floor":13},{"not_picked":["Twin Strike","Bloodletting"],"picked":"Pommel Strike","floor":14},{"not_picked":["Immolate","Offering"],"picked":"Barricade","floor":16},{"not_picked":["Twin Strike+1","Armaments"],"picked":"Shrug It Off","floor":18},{"not_picked":["Uppercut","Rampage"],"picked":"Disarm+1","floor":21},{"not_picked":["True Grit+1","Clothesline"],"picked":"Shrug It Off","floor":28},{"not_picked":["Ghostly Armor","Headbutt+1"],"picked":"Disarm+1","floor":29},{"not_picked":["Seeing Red","Ghostly Armor"],"picked":"Disarm","floor":31}],"player_experience":374445,"relics_obtained":[],"event_choices":[{"damage_healed":0,"gold_gain":0,"player_choice":"Donut","damage_taken":0,"max_hp_gain":5,"max_hp_loss":0,"event_name":"Big Fish","floor":2,"gold_loss":0},{"damage_healed":0,"gold_gain":75,"player_choice":"Gather Gold","damage_taken":11,"max_hp_gain":0,"max_hp_loss":0,"event_name":"World of Goop","floor":4,"gold_loss":0},{"cards_removed":["Defend_R"],"damage_healed":0,"gold_gain":0,"player_choice":"Purged","damage_taken":0,"max_hp_gain":0,"max_hp_loss":0,"event_name":"Purifier","floor":19,"gold_loss":0},{"damage_healed":0,"gold_gain":100,"player_choice":"Bet on Murderer","damage_taken":0,"max_hp_gain":0,"max_hp_loss":0,"event_name":"The Joust","floor":30,"gold_loss":50}],"is_beta":false,"boss_relics":[{"not_picked":["Runic Pyramid","Fusion Hammer","Velvet Choker"]}],"items_purged_floors":[11,20,24],"is_endless":false,"potions_floor_spawned":[5,7,8,10,21,28,31],"killed_by":"Collector","ascension_level":0}