{"gold_per_floor":[113,113,39,51,67,67,92,105,105,125,125,152,152,152,152,152],"floor_reached":16,"playtime":804,"items_purged":[],"score":143,"play_id":"96bedb0b-a866-4cbe-841a-93c83de53222","local_time":"20190321010316","is_ascension_mode":true,"campfire_choices":[{"data":"Armaments","floor":6,"key":"SMITH"},{"data":"Searing Blow","floor":11,"key":"SMITH"},{"data":"Searing Blow+1","floor":13,"key":"SMITH"},{"data":"Searing Blow+2","floor":15,"key":"SMITH"}],"neow_cost":"PERCENT_DAMAGE","seed_source_timestamp":168836377151385,"circlet_count":0,"master_deck":["Strike_R","Strike_R","Strike_R+1","Strike_R","Strike_R","Defend_R","Defend_R","Defend_R","Defend_R+1","Bash","Rampage","Metallicize","Armaments+1","Shrug It Off","Impervious","Searing Blow+3","True Grit","Sentinel","Regret"],"relics":["Burning Blood","Turnip","Oddly Smooth Stone","Ornamental Fan","Frozen Egg 2"],"potions_floor_usage":[12,16],"damage_taken":[{"damage":0,"enemies":"Small Slimes","floor":1,"turns":4},{"damage":0,"enemies":"Jaw Worm","floor":4,"turns":5},{"damage":0,"enemies":"Cultist","floor":5,"turns":3},{"damage":23,"enemies":"Lagavulin","floor":7,"turns":10},{"damage":5,"enemies":"Looter","floor":8,"turns":4},{"damage":1,"enemies":"Blue Slaver","floor":10,"turns":5},{"damage":12,"enemies":"3 Sentries","floor":12,"turns":9},{"damage":36,"enemies":"Hexaghost","floor":16,"turns":11}],"seed_played":"8294114579396480882","potions_obtained":[{"floor":4,"key":"SpeedPotion"},{"floor":7,"key":"Swift Potion"},{"floor":12,"key":"Ancient Potion"}],"is_trial":false,"path_per_floor":["?","?"],"character_chosen":"IRONCLAD","items_purchased":["Metallicize"],"campfire_rested":0,"item_purchase_floors":[3],"current_hp_per_floor":[57,41,41,47,53,53,36,37,37,42,42,36,36,36,36,0],"gold":152,"neow_bonus":"ONE_RARE_RELIC","is_prod":false,"is_daily":false,"chose_seed":false,"campfire_upgraded":4,"win_rate":0,"timestamp":1553155396,"path_taken":["M","?","$","M","M","R","E","M","T","M","R","E","R","?","R","BOSS"],"build_version":"2019-01-23","purchased_purges":0,"victory":false,"max_hp_per_floor":[80,80,80,80,80,80,80,80,80,80,80,80,80,80,80,80],"card_choices":[{"not_picked":["Clothesline","Warcry"],"picked":"Rampage","floor":1},{"not_picked":["Shockwave","Shrug It Off"],"picked":"Armaments","floor":4},{"not_picked":["Thunderclap","Perfected Strike"],"picked":"Shrug It Off","floor":5},{"not_picked":["Cleave","Intimidate"],"picked":"Impervious","floor":7},{"not_picked":["Sword Boomerang","Iron Wave"],"picked":"Searing Blow","floor":8},{"not_picked":["Rupture","Dropkick"],"picked":"True Grit","floor":10},{"not_picked":["Warcry","Thunderclap"],"picked":"Sentinel","floor":12}],"player_experience":84264,"relics_obtained":[{"floor":7,"key":"Oddly Smooth Stone"},{"floor":12,"key":"Ornamental Fan"}],"event_choices":[{"damage_healed":0,"gold_gain":0,"player_choice":"Entered Light","damage_taken":16,"max_hp_gain":0,"max_hp_loss":0,"event_name":"Shining Light","floor":2,"gold_loss":0,"cards_upgraded":["Strike_R","Defend_R"]},{"damage_healed":0,"gold_gain":0,"player_choice":"Box","damage_taken":0,"relics_obtained":["Frozen Egg 2"],"max_hp_gain":0,"max_hp_loss":0,"event_name":"Big Fish","floor":14,"gold_loss":0,"cards_obtained":["Regret"]}],"is_beta":false,"boss_relics":[],"items_purged_floors":[],"is_endless":false,"potions_floor_spawned":[4,7,12],"killed_by":"Hexaghost","ascension_level":6}