{"path_per_floor":["M","?","M","?","M","E","R","E","T","R","$","E","R","?","R","B",null,"M","?","$","?","M","R","E","R","T","$","M","R","M","M","R","B",null,"M","M","?","?","?"],"character_chosen":"IRONCLAD","items_purchased":["Heavy Blade","Rupture","Self Forming Clay","Apotheosis"],"gold_per_floor":[109,184,194,194,204,231,231,260,335,335,236,261,261,317,317,419,419,434,434,177,177,157,157,189,189,237,32,52,52,71,86,86,189,189,206,216,216,0,0],"floor_reached":40,"campfire_rested":6,"playtime":3720,"current_hp_per_floor":[80,69,75,67,67,39,66,47,47,74,74,63,63,52,79,62,90,67,52,52,52,47,75,50,78,78,78,64,64,58,42,70,56,95,90,65,65,65,65],"items_purged":[],"gold":0,"play_id":"74bcba20-9023-4f3a-a878-72dbf35958a3","is_prod":false,"is_daily":false,"is_ascension_mode":false,"campfire_upgraded":2,"path_taken":["M","?","M","?","M","E","R","E","T","R","$","E","R","?","R","BOSS","M","?","$","?","M","R","E","R","T","$","M","R","M","M","R","BOSS","M","M","?","?","?","E"],"build_version":"2018-01-25-PROD3","purchased_purges":0,"victory":false,"master_deck":["Strike_R","Strike_R","Strike_R","Strike_R","Strike_R","Defend_R","Defend_R","Defend_R+1","Defend_R+1","Bash","Iron Wave","Metallicize","Searing Blow","Juggernaut+1","Clash","Heavy Blade","Rupture","Flame Barrier","Brutality","Demon Form","Blood for Blood","Body Slam+1","Apotheosis+1","Metallicize","Reaper"],"max_hp_per_floor":[80,80,80,90,90,90,90,90,90,90,90,90,90,90,90,90,90,90,95,95,95,95,95,95,95,95,95,95,95,95,95,95,95,95,95,95,95,95,95],"relics":["Burning Blood","Bag of Preparation","Pear","Meat on the Bone","Pantograph","Dodecahedron","War Paint","Orichalcum","Black Star","Self Forming Clay","Juzu Bracelet","Anchor","Oddly Smooth Stone","Eternal Feather","Red Mask"],"card_choices":[{"not_picked":["Pommel Strike","True Grit"],"picked":"Iron Wave"},{"not_picked":["Clash","Seeing Red"],"picked":"Metallicize"},{"not_picked":["Perfected Strike","Thunderclap"],"picked":"Searing Blow"},{"not_picked":["Rupture","Pommel Strike"],"picked":"Juggernaut"},{"not_picked":["Clothesline","True Grit"],"picked":"Clash"},{"not_picked":["Warcry","Heavy Blade"],"picked":"Flame Barrier"},{"not_picked":["Pommel Strike","Heavy Blade"],"picked":"Brutality"},{"not_picked":["Limit Break","Feed"],"picked":"Demon Form"},{"not_picked":["Sword Boomerang","Twin Strike"],"picked":"Blood for Blood"},{"not_picked":["Perfected Strike","Pommel Strike"],"picked":"Body Slam"},{"not_picked":["Power Through","Twin Strike"],"picked":"Body Slam"},{"not_picked":["Clothesline","Bludgeon"],"picked":"Metallicize"},{"not_picked":["Fiend Fire","Offering"],"picked":"Reaper"}],"player_experience":29291,"potions_floor_usage":[6,14,16,24,24,30,33],"damage_taken":[{"damage":5,"enemies":"Jaw Worm","floor":1,"turns":5},{"damage":0,"enemies":"Small Slimes","floor":3,"turns":4},{"damage":6,"enemies":"2 Louse","floor":5,"turns":3},{"damage":34,"enemies":"Lagavulin","floor":6,"turns":11},{"damage":37,"enemies":"3 Sentries","floor":8,"turns":8},{"damage":17,"enemies":"Lagavulin","floor":12,"turns":8},{"damage":29,"enemies":"3 Sentries","floor":14,"turns":7},{"damage":61,"enemies":"Slime Boss","floor":16,"turns":10},{"damage":29,"enemies":"3 Byrds","floor":18,"turns":5},{"damage":23,"enemies":"2 Thieves","floor":22,"turns":4},{"damage":43,"enemies":"Gremlin Leader","floor":24,"turns":8},{"damage":32,"enemies":"Sentry and Sphere","floor":28,"turns":7},{"damage":12,"enemies":"3 Cultists","floor":30,"turns":4},{"damage":34,"enemies":"Slaver and Parasite","floor":31,"turns":6},{"damage":45,"enemies":"Collector","floor":33,"turns":9},{"damage":11,"enemies":"3 Shapes","floor":35,"turns":6},{"damage":41,"enemies":"3 Darklings","floor":36,"turns":6},{"damage":85,"enemies":"2 Orb Walkers","floor":40,"turns":4}],"event_choices":[{"event_name":"World of Goop","player_choice":"Gather Gold","floor":2,"damage_taken":0},{"event_name":"Scrap Ooze","player_choice":"success","floor":4,"damage_taken":18},{"event_name":"Dead Adventurer","player_choice":"Searched \u00271\u0027 times","floor":14,"damage_taken":0},{"event_name":"Forgotten Altar","player_choice":"Shed Blood","floor":19,"damage_taken":0},{"event_name":"Beggar","player_choice":"Ignored","floor":21,"damage_taken":0},{"event_name":"Tomb of Lord Red Mask","player_choice":"Paid","floor":38,"damage_taken":0},{"event_name":"Mysterious Sphere","player_choice":"Ignore","floor":39,"damage_taken":0}],"boss_relics":[{"not_picked":["Tiny House","Lizard Tail"],"picked":"Black Star"},{"not_picked":["Question Card","Calling Bell"],"picked":"Eternal Feather"}],"potions_floor_spawned":[3,5,12,14,16,22,24,28],"seed_played":"-4556332666520345314","killed_by":"2 Orb Walkers","ascension_level":0,"is_trial":false}