{"gold_per_floor":[212,229,229,179,192,218,143,143,170,182,226,238],"floor_reached":12,"playtime":384,"items_purged":["Strike_R"],"score":86,"play_id":"e2e20038-6bbc-4490-935d-683e5f97ebad","local_time":"20190208020326","is_ascension_mode":false,"campfire_choices":[{"data":"Bash","floor":8,"key":"SMITH"},{"floor":10,"key":"REST"}],"neow_cost":"NONE","seed_source_timestamp":58518179199800,"circlet_count":0,"master_deck":["Strike_R","Strike_R","Strike_R","Defend_R","Defend_R","Defend_R","Defend_R","Bash+1","Flame Barrier"],"relics":["Burning Blood","Happy Flower","MawBank","Smiling Mask"],"potions_floor_usage":[6,6,11],"damage_taken":[{"damage":6,"enemies":"2 Louse","floor":1,"turns":4},{"damage":15,"enemies":"Small Slimes","floor":2,"turns":4},{"damage":18,"enemies":"Jaw Worm","floor":5,"turns":4},{"damage":26,"enemies":"3 Sentries","floor":6,"turns":14},{"damage":18,"enemies":"Gremlin Nob","floor":11,"turns":4},{"damage":54,"enemies":"Gremlin Gang","floor":12,"turns":4}],"seed_played":"-7023486360764043395","potions_obtained":[{"floor":1,"key":"Block Potion"},{"floor":5,"key":"SkillPotion"},{"floor":6,"key":"Energy Potion"}],"is_trial":false,"path_per_floor":["M","M","?","?","M","E","$","R","T","R","E","M"],"character_chosen":"IRONCLAD","items_purchased":[],"campfire_rested":1,"item_purchase_floors":[],"current_hp_per_floor":[80,71,71,71,59,39,39,39,39,63,51,0],"gold":238,"neow_bonus":"HUNDRED_GOLD","is_prod":false,"is_daily":false,"chose_seed":false,"campfire_upgraded":1,"win_rate":0,"timestamp":1549609406,"path_taken":["M","M","?","?","?","E","$","R","T","R","E","?"],"build_version":"2019-01-23","purchased_purges":1,"victory":false,"max_hp_per_floor":[80,80,80,80,80,80,80,80,80,80,80,80],"card_choices":[{"not_picked":["Power Through","Flex"],"picked":"Corruption","floor":1},{"not_picked":["Perfected Strike","Sword Boomerang","Bloodletting"],"picked":"SKIP","floor":2},{"not_picked":["Havoc","Headbutt","Perfected Strike"],"picked":"SKIP","floor":5},{"not_picked":["Inflame","Berserk","Carnage"],"picked":"SKIP","floor":6},{"not_picked":["Iron Wave","Power Through","Rampage"],"picked":"SKIP","floor":11}],"player_experience":421047,"relics_obtained":[{"floor":6,"key":"Happy Flower"},{"floor":9,"key":"MawBank"},{"floor":11,"key":"Smiling Mask"}],"event_choices":[{"damage_healed":0,"gold_gain":0,"cards_transformed":["Strike_R"],"player_choice":"Change","damage_taken":0,"max_hp_gain":0,"max_hp_loss":0,"event_name":"Living Wall","floor":3,"gold_loss":0,"cards_obtained":["Flame Barrier"]},{"cards_removed":["Corruption"],"damage_healed":0,"gold_gain":0,"player_choice":"Card Removal","damage_taken":0,"max_hp_gain":0,"max_hp_loss":0,"event_name":"The Cleric","floor":4,"gold_loss":50}],"is_beta":false,"boss_relics":[],"items_purged_floors":[7],"is_endless":false,"potions_floor_spawned":[1,5,6],"killed_by":"Gremlin Gang","ascension_level":0}