{"gold_per_floor":[114,125,136,150,165,195,195,228,228,263,276,292,327,327,327,426,426,441,441,456,467,467,492,492,517,517,517,529,529,559,571,571,571],"floor_reached":33,"playtime":2062,"items_purged":[],"score":600,"play_id":"20781993-a573-4fe8-b591-1bc58204e978","local_time":"20190327202819","is_ascension_mode":true,"campfire_choices":[{"floor":7,"key":"REST"},{"data":"Armaments","floor":15,"key":"SMITH"},{"data":"Fiend Fire","floor":24,"key":"SMITH"},{"data":"Flame Barrier","floor":29,"key":"SMITH"},{"data":"1","floor":32,"key":"LIFT"}],"neow_cost":"NONE","seed_source_timestamp":755859039493799,"circlet_count":0,"master_deck":["Strike_R+1","Strike_R","Defend_R","Defend_R","Defend_R","Defend_R","Bash","Fiend Fire+1","Heavy Blade","Anger","Pommel Strike+1","Rampage","Iron Wave","Clothesline","Dropkick","Impervious","Armaments+1","Reaper","Flame Barrier+1","Offering","Combust+1","Hemokinesis","Shrug It Off","Flame Barrier+1","Intimidate+1","RitualDagger","Flame Barrier+1","Metallicize+1","Shrug It Off"],"relics":["Burning Blood","Torii","PreservedInsect","Bag of Preparation","Whetstone","Frozen Egg 2","Sozu","Paper Frog","Strawberry","Girya"],"potions_floor_usage":[4,10,16,33],"damage_taken":[{"damage":1,"enemies":"Cultist","floor":1,"turns":3},{"damage":5,"enemies":"2 Louse","floor":2,"turns":2},{"damage":0,"enemies":"Small Slimes","floor":3,"turns":3},{"damage":24,"enemies":"Exordium Wildlife","floor":4,"turns":3},{"damage":11,"enemies":"Looter","floor":5,"turns":2},{"damage":18,"enemies":"Gremlin Nob","floor":6,"turns":3},{"damage":33,"enemies":"3 Sentries","floor":8,"turns":9},{"damage":0,"enemies":"Gremlin Nob","floor":10,"turns":2},{"damage":0,"enemies":"Red Slaver","floor":11,"turns":1},{"damage":1,"enemies":"Exordium Wildlife","floor":12,"turns":3},{"damage":10,"enemies":"3 Sentries","floor":13,"turns":4},{"damage":0,"enemies":"Slime Boss","floor":16,"turns":5},{"damage":4,"enemies":"Shell Parasite","floor":18,"turns":4},{"damage":9,"enemies":"2 Thieves","floor":20,"turns":4},{"damage":8,"enemies":"Chosen and Byrds","floor":21,"turns":3},{"damage":35,"enemies":"Book of Stabbing","floor":23,"turns":5},{"damage":8,"enemies":"Slavers","floor":25,"turns":6},{"damage":6,"enemies":"Centurion and Healer","floor":28,"turns":5},{"damage":12,"enemies":"Gremlin Leader","floor":30,"turns":5},{"damage":9,"enemies":"Cultist and Chosen","floor":31,"turns":4},{"damage":90,"enemies":"Champ","floor":33,"turns":13}],"seed_played":"7865409515227442567","potions_obtained":[{"floor":1,"key":"Fire Potion"},{"floor":3,"key":"AttackPotion"},{"floor":8,"key":"Strength Potion"},{"floor":11,"key":"Block Potion"},{"floor":13,"key":"FairyPotion"}],"is_trial":false,"path_per_floor":["M","?","?","?","?"],"character_chosen":"IRONCLAD","items_purchased":[],"campfire_rested":1,"item_purchase_floors":[],"current_hp_per_floor":[77,78,80,62,57,45,69,42,42,48,54,59,55,48,48,54,74,80,80,80,80,80,51,51,67,67,61,61,61,67,64,64,0],"gold":571,"neow_bonus":"ONE_RANDOM_RARE_CARD","is_prod":false,"is_daily":false,"chose_seed":false,"campfire_upgraded":3,"win_rate":0,"timestamp":1553743699,"path_taken":["M","?","M","M","M","E","R","E","T","E","M","M","E","?","R","BOSS","M","?","M","M","?","E","R","E","T","?","M","R","E","M","R","BOSS"],"build_version":"2019-01-23","purchased_purges":0,"victory":false,"max_hp_per_floor":[80,80,80,80,80,80,80,80,80,80,80,80,80,80,80,80,80,80,80,80,80,80,80,80,87,87,87,87,87,87,87,87,87],"card_choices":[{"not_picked":["Burning Pact","Entrench"],"picked":"Heavy Blade","floor":1},{"not_picked":["Body Slam","Sword Boomerang"],"picked":"Anger","floor":2},{"not_picked":["Heavy Blade","Dual Wield"],"picked":"Pommel Strike","floor":3},{"not_picked":["Shockwave","Bloodletting"],"picked":"Rampage","floor":4},{"not_picked":["Headbutt","Warcry","Sword Boomerang"],"picked":"SKIP","floor":5},{"not_picked":["Headbutt","Thunderclap"],"picked":"Iron Wave","floor":6},{"not_picked":["Flex","Intimidate"],"picked":"Clothesline","floor":8},{"not_picked":["Bloodletting","Warcry"],"picked":"Dropkick","floor":10},{"not_picked":["Cleave","Wild Strike"],"picked":"Impervious","floor":11},{"not_picked":["Reckless Charge","Body Slam","Flex"],"picked":"SKIP","floor":12},{"not_picked":["Fiend Fire","Disarm"],"picked":"Armaments","floor":13},{"not_picked":["Immolate","Double Tap"],"picked":"Reaper","floor":16},{"not_picked":["Flex","Uppercut"],"picked":"Flame Barrier+1","floor":18},{"not_picked":["Flex","Sword Boomerang"],"picked":"Hemokinesis","floor":20},{"not_picked":["Intimidate","Carnage"],"picked":"Shrug It Off","floor":21},{"not_picked":["Fiend Fire","Infernal Blade"],"picked":"Intimidate+1","floor":23},{"not_picked":["Body Slam","Perfected Strike","Pommel Strike"],"picked":"SKIP","floor":25},{"not_picked":["Cleave","Twin Strike"],"picked":"Flame Barrier+1","floor":28},{"not_picked":["Hemokinesis","Perfected Strike"],"picked":"Metallicize+1","floor":30},{"not_picked":["Cleave+1","Anger"],"picked":"Shrug It Off","floor":31}],"player_experience":141573,"relics_obtained":[{"floor":6,"key":"Torii"},{"floor":8,"key":"PreservedInsect"},{"floor":9,"key":"Bag of Preparation"},{"floor":10,"key":"Whetstone"},{"floor":13,"key":"Frozen Egg 2"},{"floor":23,"key":"Paper Frog"},{"floor":25,"key":"Strawberry"},{"floor":30,"key":"Girya"}],"event_choices":[{"cards_removed":["Strike_R"],"damage_healed":0,"gold_gain":0,"player_choice":"Card Removal","damage_taken":7,"max_hp_gain":0,"max_hp_loss":0,"event_name":"Golden Wing","floor":14,"gold_loss":0},{"damage_healed":0,"gold_gain":0,"cards_transformed":["Strike_R","Strike_R"],"player_choice":"Became Test Subject","damage_taken":0,"max_hp_gain":0,"max_hp_loss":0,"event_name":"Drug Dealer","floor":19,"gold_loss":0,"cards_obtained":["Offering","Combust"]},{"damage_healed":0,"gold_gain":0,"player_choice":"Read","damage_taken":0,"max_hp_gain":0,"max_hp_loss":0,"event_name":"The Library","floor":22,"gold_loss":0,"cards_obtained":["Flame Barrier"]},{"damage_healed":0,"gold_gain":0,"player_choice":"Joined the Cult","damage_taken":6,"max_hp_gain":0,"max_hp_loss":0,"event_name":"Nest","floor":27,"gold_loss":0,"cards_obtained":["RitualDagger"]}],"is_beta":false,"boss_relics":[{"not_picked":["Eternal Feather","Runic Dome"],"picked":"Sozu"}],"items_purged_floors":[],"is_endless":false,"potions_floor_spawned":[1,3,8,11,13,20,21,30,31],"killed_by":"Champ","ascension_level":9}