{"gold_per_floor":[110,22,22,40,40,40,69,69,69,69,83,101,131,144,144,220,220,235,150,49,68,80,110,120,137,137,37,68,99,99,134,134,208,208,223,445,445,458,468,468,500,500,500,158,178,28,61,61,61,61,61,61,61,4,35,35],"floor_reached":57,"playtime":4334,"items_purged":["Pain","Pain","Defend_B","Defend_B"],"score":2981,"play_id":"ff7d8f89-3be4-4d72-865f-614a837b89d0","local_time":"20190419230027","is_ascension_mode":true,"campfire_choices":[{"data":"Genetic Algorithm","floor":6.0,"key":"SMITH"},{"data":"Zap","floor":8.0,"key":"SMITH"},{"data":"Loop","floor":15.0,"key":"SMITH"},{"data":"Capacitor","floor":32.0,"key":"SMITH"},{"floor":40.0,"key":"RECALL"},{"floor":49,"key":"REST"},{"floor":53,"key":"REST"}],"neow_cost":"NONE","seed_source_timestamp":21874926470812,"circlet_count":0,"master_deck":["AscendersBane","Strike_B","Strike_B","Defend_B","Defend_B","Zap+1","Dualcast","Coolheaded","Genetic Algorithm+1","Cold Snap","Conserve Battery","Barrage","Rainbow","Loop+1","Echo Form","Coolheaded","BootSequence+1","Genetic Algorithm","Hologram","Self Repair","Chill","Buffer","Ball Lightning","Capacitor+1","Creative AI+1","Leap+1","Panacea","Compile Driver","Go for the Eyes+1"],"special_seed":0,"relics":["Cracked Core","NeowsBlessing","Vajra","Oddly Smooth Stone","WarpedTongs","Bird Faced Urn","Cursed Key","Bag of Preparation","Bottled Lightning","Potion Belt","Singing Bowl","Red Mask","StoneCalendar","Fusion Hammer","Orichalcum","Strawberry","Art of War","Bag of Marbles"],"potions_floor_usage":[50,50,50,56,56],"damage_taken":[{"damage":0.0,"enemies":"Cultist","floor":1.0,"turns":1.0},{"damage":0.0,"enemies":"Small Slimes","floor":4.0,"turns":1.0},{"damage":0.0,"enemies":"3 Sentries","floor":7.0,"turns":2.0},{"damage":3.0,"enemies":"2 Louse","floor":11.0,"turns":2.0},{"damage":6.0,"enemies":"Exordium Wildlife","floor":12.0,"turns":6.0},{"damage":2.0,"enemies":"Lagavulin","floor":13.0,"turns":7.0},{"damage":4.0,"enemies":"Looter","floor":14.0,"turns":4.0},{"damage":36.0,"enemies":"Slime Boss","floor":16.0,"turns":11.0},{"damage":19.0,"enemies":"Shell Parasite","floor":18.0,"turns":5.0},{"damage":12.0,"enemies":"3 Byrds","floor":21.0,"turns":6.0},{"damage":12.0,"enemies":"Cultist and Chosen","floor":22.0,"turns":9.0},{"damage":0.0,"enemies":"Book of Stabbing","floor":23.0,"turns":6.0},{"damage":6.0,"enemies":"Centurion and Healer","floor":24.0,"turns":11.0},{"damage":0.0,"enemies":"Sentry and Sphere","floor":25.0,"turns":8.0},{"damage":25.0,"enemies":"Slavers","floor":28.0,"turns":9.0},{"damage":18.0,"enemies":"Masked Bandits","floor":29.0,"turns":8.0},{"damage":0.0,"enemies":"Gremlin Leader","floor":31.0,"turns":10.0},{"damage":0.0,"enemies":"Automaton","floor":33.0,"turns":11.0},{"damage":20.0,"enemies":"3 Shapes","floor":35.0,"turns":7.0},{"damage":22.0,"enemies":"Orb Walker","floor":38.0,"turns":7.0},{"damage":0.0,"enemies":"Sphere and 2 Shapes","floor":39.0,"turns":8.0},{"damage":10.0,"enemies":"Nemesis","floor":41.0,"turns":9.0},{"damage":2.0,"enemies":"Writhing Mass","floor":45.0,"turns":8.0},{"damage":37,"enemies":"Reptomancer","floor":47,"turns":9},{"damage":92,"enemies":"Awakened One","floor":50,"turns":17},{"damage":33,"enemies":"Donu and Deca","floor":51,"turns":9},{"damage":69,"enemies":"Shield and Spear","floor":55,"turns":11},{"damage":51,"enemies":"The Heart","floor":56,"turns":10}],"seed_played":"-8315950081269878532","potions_obtained":[{"floor":4.0,"key":"Regen Potion"},{"floor":7.0,"key":"Weak Potion"},{"floor":16.0,"key":"PowerPotion"},{"floor":22.0,"key":"SkillPotion"},{"floor":29.0,"key":"Dexterity Potion"},{"floor":31.0,"key":"Poison Potion"},{"floor":39.0,"key":"Weak Potion"},{"floor":47,"key":"Swift Potion"},{"floor":55,"key":"LiquidBronze"}],"is_trial":false,"path_per_floor":["M","$","T","M","$","R","E","R","T","?","M","M","E","M","R","B",null,"M","?","$","M","M","E","M","M","T","$","E","?","?","E","R","B",null,"M","?","?","M","M","R","E","?","T","$","M","$","E","$","R","B","B",null,"R","$","E","B",null],"character_chosen":"DEFECT","items_purchased":["Genetic Algorithm","Cold Snap","Coolheaded","Strawberry","Compile Driver","SpeedPotion"],"campfire_rested":2,"item_purchase_floors":[2,2,20,44,44,54],"current_hp_per_floor":[64,64,64,64,64,64,64,64,64,64,61,55,53,49,49,15,57,40,40,40,49,41,43,43,49,49,49,30,42,42,61,61,71,71,73,73,73,73,75,75,77,71,71,78,90,90,92,92,92,80,92,92,92,92,84,71],"gold":35,"neow_bonus":"THREE_ENEMY_KILL","is_prod":false,"is_daily":false,"chose_seed":false,"campfire_upgraded":4,"win_rate":0,"timestamp":1555707627,"path_taken":["M","$","?","M","$","R","E","R","T","?","?","M","E","M","R","BOSS","M","?","$","M","M","E","M","M","T","$","E","?","?","E","R","BOSS","M","?","?","?","?","R","E","?","T","?","?","?","E","$","R","BOSS","BOSS","R","$","E","BOSS"],"build_version":"2019-04-04","purchased_purges":4,"victory":true,"max_hp_per_floor":[71,71,71,71,71,71,71,71,71,71,71,71,71,71,71,71,71,71,71,71,71,71,71,71,71,71,71,71,71,71,71,71,71,71,73,73,73,73,75,75,77,81,81,88,90,90,92,92,92,92,92,92,92,92,92,92],"card_choices":[{"not_picked":["Steam","Go for the Eyes"],"picked":"Coolheaded","floor":1.0},{"not_picked":["Turbo","Consume"],"picked":"Conserve Battery","floor":4.0},{"not_picked":["Blizzard","Steam"],"picked":"Barrage","floor":7.0},{"not_picked":["Steam","Beam Cell","Static Discharge"],"picked":"SKIP","floor":11.0},{"not_picked":["Redo","Sweeping Beam","Steam Power"],"picked":"SKIP","floor":12.0},{"not_picked":["Loop","Darkness"],"picked":"Rainbow","floor":13.0},{"not_picked":["Hello World","Blizzard"],"picked":"Loop","floor":14.0},{"not_picked":["Electrodynamics","Machine Learning"],"picked":"Echo Form","floor":16.0},{"not_picked":["Cold Snap","Barrage","Sweeping Beam"],"picked":"SKIP","floor":18.0},{"not_picked":["Compile Driver","Cold Snap"],"picked":"BootSequence+1","floor":21.0},{"not_picked":["Beam Cell","Redo","Conserve Battery"],"picked":"SKIP","floor":22.0},{"not_picked":["Reboot","Barrage"],"picked":"Genetic Algorithm","floor":23.0},{"not_picked":["Beam Cell+1","Cold Snap","Steam"],"picked":"SKIP","floor":24.0},{"not_picked":["Consume","Steam"],"picked":"Hologram","floor":25.0},{"not_picked":["Conserve Battery","Cold Snap"],"picked":"Self Repair","floor":28.0},{"not_picked":["Auto Shields","Barrage"],"picked":"Chill","floor":29.0},{"not_picked":["Rebound+1","BootSequence"],"picked":"Capacitor","floor":31.0},{"not_picked":["All For One","Reboot"],"picked":"Creative AI","floor":33.0},{"not_picked":["Turbo","Hologram","Streamline"],"picked":"Singing Bowl","floor":35.0},{"not_picked":["Chaos","Auto Shields"],"picked":"Leap+1","floor":38.0},{"not_picked":["Fusion+1","Conserve Battery","Ball Lightning"],"picked":"Singing Bowl","floor":39.0},{"not_picked":["Reboot","Steam","Go for the Eyes"],"picked":"Singing Bowl","floor":41.0},{"not_picked":["Dark Shackles","Bandage Up"],"picked":"Panacea","floor":42.0},{"not_picked":["Trip","Jack Of All Trades","Panacea"],"picked":"Singing Bowl","floor":42.0},{"not_picked":["Enlightenment","Mind Blast","Panache"],"picked":"Singing Bowl","floor":42.0},{"not_picked":["Redo","Steam Power","Beam Cell"],"picked":"Singing Bowl","floor":45.0},{"not_picked":["Beam Cell","Cold Snap","Multi-Cast"],"picked":"Singing Bowl","floor":47},{"not_picked":["Conserve Battery+1","Static Discharge"],"picked":"Go for the Eyes+1","floor":55}],"player_experience":1168637,"relics_obtained":[{"floor":3.0,"key":"Vajra"},{"floor":7.0,"key":"Oddly Smooth Stone"},{"floor":13.0,"key":"Bird Faced Urn"},{"floor":23.0,"key":"Bottled Lightning"},{"floor":26.0,"key":"Potion Belt"},{"floor":28.0,"key":"Singing Bowl"},{"floor":29.0,"key":"Red Mask"},{"floor":31.0,"key":"StoneCalendar"},{"floor":41.0,"key":"Orichalcum"},{"floor":47,"key":"Art of War"},{"floor":55,"key":"Bag of Marbles"}],"event_choices":[{"damage_healed":0.0,"max_hp_gain":0.0,"max_hp_loss":0.0,"gold_gain":0.0,"event_name":"Accursed Blacksmith","player_choice":"Rummage","floor":10.0,"gold_loss":0.0,"damage_taken":0.0,"relics_obtained":["WarpedTongs"],"cards_obtained":["Pain"]},{"damage_healed":0.0,"max_hp_gain":0.0,"max_hp_loss":0.0,"gold_gain":0.0,"event_name":"Addict","player_choice":"Obtained Relic","floor":19.0,"gold_loss":85.0,"damage_taken":0.0,"relics_obtained":["Bag of Preparation"]},{"damage_healed":0.0,"max_hp_gain":0.0,"max_hp_loss":0.0,"gold_gain":0.0,"event_name":"Masked Bandits","player_choice":"Fought Bandits","floor":29.0,"gold_loss":0.0,"damage_taken":0.0},{"damage_healed":0.0,"max_hp_gain":0.0,"max_hp_loss":0.0,"gold_gain":0.0,"cards_transformed":["Strike_B","Strike_B"],"event_name":"Drug Dealer","player_choice":"Became Test Subject","floor":30.0,"gold_loss":0.0,"damage_taken":0.0,"cards_obtained":["Buffer","Ball Lightning"]},{"damage_healed":0.0,"max_hp_gain":0.0,"max_hp_loss":0.0,"gold_gain":222.0,"event_name":"Tomb of Lord Red Mask","player_choice":"Wore Mask","floor":36.0,"gold_loss":0.0,"damage_taken":0.0},{"damage_healed":0.0,"max_hp_gain":0.0,"max_hp_loss":0.0,"gold_gain":0.0,"event_name":"Upgrade Shrine","player_choice":"Upgraded","floor":37.0,"gold_loss":0.0,"damage_taken":0.0,"cards_upgraded":["Creative AI"]},{"damage_healed":0.0,"max_hp_gain":0.0,"max_hp_loss":0.0,"gold_gain":0.0,"event_name":"SensoryStone","player_choice":"Memory 3","floor":42.0,"gold_loss":0.0,"damage_taken":10.0}],"is_beta":true,"boss_relics":[{"not_picked":["Calling Bell","Coffee Dripper"],"picked":"Cursed Key"},{"not_picked":["Empty Cage","Orrery"],"picked":"Fusion Hammer"}],"items_purged_floors":[20,27,44,46],"is_endless":false,"potions_floor_spawned":[4,7,13,14,16,18,22,23,25,29,31,39,47,55],"ascension_level":20}