{"gold_per_floor":[16,28,46,121,121,155,80,80,80,80],"floor_reached":10,"playtime":437,"items_purged":["Strike_G"],"score":132,"play_id":"3bb8ae8c-6c98-4dcc-966a-ad97f7b54610","local_time":"20190425184016","is_ascension_mode":true,"campfire_choices":[{"data":"Skewer","floor":8,"key":"SMITH"}],"neow_cost":"NO_GOLD","seed_source_timestamp":630467613560004,"circlet_count":0,"master_deck":["AscendersBane","Defend_G","Defend_G","Defend_G","Defend_G","Defend_G","Strike_G","Strike_G","Strike_G","Strike_G","Survivor","Neutralize","Skewer+1","Quick Slash","Dash","Backflip","Wraith Form v2"],"relics":["Ring of the Snake","Prayer Wheel","Thread and Needle","Tough Bandages"],"potions_floor_usage":[6],"damage_taken":[{"damage":10,"enemies":"Cultist","floor":1,"turns":6},{"damage":0,"enemies":"2 Louse","floor":2,"turns":2},{"damage":2,"enemies":"Jaw Worm","floor":3,"turns":4},{"damage":20,"enemies":"3 Sentries","floor":6,"turns":9},{"damage":23,"enemies":"Exordium Thugs","floor":10,"turns":9}],"seed_played":"-4680653566416253243","potions_obtained":[{"floor":2,"key":"Block Potion"}],"is_trial":false,"path_per_floor":["M","?","?"],"character_chosen":"THE_SILENT","items_purchased":[],"campfire_rested":0,"item_purchase_floors":[],"current_hp_per_floor":[49,49,47,36,36,16,16,16,16,0],"gold":80,"neow_bonus":"ONE_RARE_RELIC","is_prod":false,"is_daily":false,"chose_seed":false,"campfire_upgraded":1,"win_rate":0,"timestamp":1556206816,"path_taken":["M","M","?","?","?","E","$","R","T","M"],"build_version":"2019-01-23","purchased_purges":1,"victory":false,"max_hp_per_floor":[66,66,66,66,66,66,66,66,66,66],"card_choices":[{"not_picked":["Prepared","All Out Attack","Blade Dance"],"picked":"SKIP","floor":1},{"not_picked":["Tactician","Slice","Concentrate"],"picked":"SKIP","floor":1},{"not_picked":["PiercingWail","Underhanded Strike"],"picked":"Skewer","floor":2},{"not_picked":["Concentrate","Blur"],"picked":"Quick Slash","floor":2},{"not_picked":["Dodge and Roll","Bouncing Flask"],"picked":"Dash","floor":3},{"not_picked":["Crippling Poison","Setup"],"picked":"Backflip","floor":3},{"not_picked":["Sucker Punch","Bane"],"picked":"Wraith Form v2","floor":6}],"player_experience":1873243,"relics_obtained":[{"floor":6,"key":"Thread and Needle"},{"floor":9,"key":"Tough Bandages"}],"event_choices":[{"damage_healed":0,"gold_gain":75,"player_choice":"Gather Gold","damage_taken":11,"max_hp_gain":0,"max_hp_loss":0,"event_name":"World of Goop","floor":4,"gold_loss":0},{"damage_healed":0,"gold_gain":0,"player_choice":"Ignored","damage_taken":0,"max_hp_gain":0,"max_hp_loss":0,"event_name":"Liars Game","floor":5,"gold_loss":0}],"is_beta":false,"boss_relics":[],"items_purged_floors":[7],"is_endless":false,"potions_floor_spawned":[2],"killed_by":"Exordium Thugs","ascension_level":20}