{"gold_per_floor":[110,42,61,79,90,121,121,147,193,227,239,239,199,209,209,312,312,332,352,352,34,44,78,93,121,121,132,132,159,176,196,196,298,298,312,312,328,381,394,394,394],"floor_reached":41,"playtime":4112,"items_purged":["Strike_B"],"score":526,"play_id":"586f55f6-194e-4cb3-b518-8056ed1b5f9f","local_time":"20190412201712","is_ascension_mode":true,"campfire_choices":[{"data":"Sunder","floor":7,"key":"SMITH"},{"floor":12,"key":"REST"},{"data":"Loop","floor":15,"key":"SMITH"},{"floor":28,"key":"REST"},{"floor":32,"key":"REST"},{"data":"Consume","floor":40,"key":"SMITH"}],"neow_cost":"NONE","seed_source_timestamp":140360263244842,"circlet_count":0,"master_deck":["Strike_B","Strike_B","Strike_B","Defend_B","Defend_B","Defend_B","Defend_B","Zap","Dualcast","Machine Learning","Genetic Algorithm","Sweeping Beam","Streamline+1","Chaos","BootSequence","Darkness","Sunder+1","Ball Lightning","Loop+1","FTL+1","Auto Shields","Multi-Cast","Go for the Eyes+1","Static Discharge+1","Doom and Gloom","Leap","Chill","Skim+1","Cold Snap","Glacier","Turbo","Chaos+1","Compile Driver+1","Echo Form","Force Field+1","Consume+1"],"relics":["Cracked Core","Shuriken","Bottled Flame","Lantern","Vajra","Velvet Choker","Centennial Puzzle","Kunai","Ice Cream","The Courier","Whetstone","Snecko Eye"],"potions_floor_usage":[6,8,8,23,27,33,33],"damage_taken":[{"damage":1,"enemies":"Cultist","floor":1,"turns":4},{"damage":8,"enemies":"2 Louse","floor":3,"turns":3},{"damage":7,"enemies":"Small Slimes","floor":4,"turns":3},{"damage":0,"enemies":"Exordium Wildlife","floor":5,"turns":3},{"damage":19,"enemies":"Lagavulin","floor":6,"turns":6},{"damage":22,"enemies":"Gremlin Nob","floor":8,"turns":5},{"damage":10,"enemies":"Lagavulin","floor":10,"turns":4},{"damage":0,"enemies":"Large Slime","floor":11,"turns":4},{"damage":0,"enemies":"2 Fungi Beasts","floor":14,"turns":2},{"damage":6,"enemies":"Slime Boss","floor":16,"turns":6},{"damage":0,"enemies":"Chosen","floor":18,"turns":4},{"damage":19,"enemies":"3 Byrds","floor":19,"turns":4},{"damage":4,"enemies":"Snake Plant","floor":22,"turns":3},{"damage":20,"enemies":"Gremlin Leader","floor":23,"turns":6},{"damage":0,"enemies":"Sentry and Sphere","floor":24,"turns":3},{"damage":9,"enemies":"Slavers","floor":25,"turns":5},{"damage":0,"enemies":"Centurion and Healer","floor":27,"turns":4},{"damage":8,"enemies":"Book of Stabbing","floor":29,"turns":6},{"damage":0,"enemies":"Snake Plant","floor":30,"turns":4},{"damage":10,"enemies":"Shelled Parasite and Fungi","floor":31,"turns":5},{"damage":19,"enemies":"Automaton","floor":33,"turns":7},{"damage":11,"enemies":"Orb Walker","floor":35,"turns":3},{"damage":5,"enemies":"3 Darklings","floor":37,"turns":6},{"damage":9,"enemies":"Jaw Worm Horde","floor":39,"turns":3},{"damage":75,"enemies":"Giant Head","floor":41,"turns":9}],"seed_played":"5683989885462629954","potions_obtained":[{"floor":1,"key":"Block Potion"},{"floor":3,"key":"SkillPotion"},{"floor":6,"key":"EssenceOfSteel"},{"floor":13,"key":"SkillPotion"},{"floor":13,"key":"AttackPotion"},{"floor":13,"key":"EssenceOfSteel"},{"floor":24,"key":"Swift Potion"},{"floor":27,"key":"Swift Potion"},{"floor":35,"key":"PowerPotion"}],"is_trial":false,"path_per_floor":["?","M","?","M","?","T"],"character_chosen":"DEFECT","items_purchased":["Sweeping Beam","Streamline","Centennial Puzzle","Doom and Gloom","Leap"],"campfire_rested":3,"item_purchase_floors":[2,2,21,21,21],"current_hp_per_floor":[74,74,66,59,59,40,40,18,18,8,8,30,30,30,30,24,75,75,56,56,56,52,32,32,23,23,23,45,37,37,27,49,30,75,64,64,59,59,50,50,0],"gold":394,"neow_bonus":"ONE_RANDOM_RARE_CARD","is_prod":false,"is_daily":false,"chose_seed":false,"campfire_upgraded":3,"win_rate":0,"timestamp":1555096632,"path_taken":["M","$","M","M","M","E","R","E","T","E","M","R","?","?","R","BOSS","M","M","?","$","M","E","M","E","T","M","R","E","?","M","R","BOSS","M","?","M","?","M","R","E"],"build_version":"2019-01-23","purchased_purges":1,"victory":false,"max_hp_per_floor":[75,75,75,75,75,75,75,75,75,75,75,75,75,75,75,75,75,75,75,75,75,75,75,75,75,75,75,75,75,75,75,75,75,75,75,75,75,75,75,75,75],"card_choices":[{"not_picked":["Coolheaded","Steam"],"picked":"Genetic Algorithm","floor":1},{"not_picked":["Hologram","Double Energy"],"picked":"Chaos","floor":3},{"not_picked":["Force Field","Redo"],"picked":"BootSequence","floor":4},{"not_picked":["Blizzard","Stack"],"picked":"Darkness","floor":5},{"not_picked":["Streamline","Tempest"],"picked":"Sunder","floor":6},{"not_picked":["Beam Cell","Doom and Gloom"],"picked":"Ball Lightning","floor":8},{"not_picked":["Beam Cell","Storm"],"picked":"Loop","floor":10},{"not_picked":["Beam Cell","Hello World"],"picked":"FTL","floor":11},{"not_picked":["Turbo","Chaos"],"picked":"Auto Shields","floor":14},{"not_picked":["Biased Cognition","Meteor Strike"],"picked":"Multi-Cast","floor":16},{"not_picked":["Steam","Streamline"],"picked":"Go for the Eyes","floor":18},{"not_picked":["Redo","Conserve Battery"],"picked":"Static Discharge+1","floor":19},{"not_picked":["Compile Driver","Sweeping Beam"],"picked":"Chill","floor":22},{"not_picked":["Turbo+1","Amplify","Recycle"],"picked":"SKIP","floor":23},{"not_picked":["Gash+1","Beam Cell"],"picked":"Skim+1","floor":24},{"not_picked":["Go for the Eyes+1","Beam Cell"],"picked":"Cold Snap","floor":25},{"not_picked":["Steam","Gash+1"],"picked":"Glacier","floor":27},{"not_picked":["Steam","Conserve Battery"],"picked":"Turbo","floor":29},{"not_picked":["Storm","Leap+1"],"picked":"Chaos+1","floor":30},{"not_picked":["Stack","Static Discharge"],"picked":"Compile Driver+1","floor":31},{"not_picked":["Machine Learning","Core Surge"],"picked":"Echo Form","floor":33},{"not_picked":["Streamline","Steam Power+1"],"picked":"Force Field+1","floor":35},{"not_picked":["BootSequence","Gash+1","Hello World"],"picked":"SKIP","floor":37},{"not_picked":["Beam Cell","Cold Snap+1"],"picked":"Consume","floor":39}],"player_experience":568627,"relics_obtained":[{"floor":6,"key":"Shuriken"},{"floor":8,"key":"Bottled Flame"},{"floor":9,"key":"Lantern"},{"floor":10,"key":"Vajra"},{"floor":23,"key":"Kunai"},{"floor":25,"key":"Ice Cream"},{"floor":26,"key":"The Courier"},{"floor":29,"key":"Whetstone"}],"event_choices":[{"damage_healed":0,"gold_gain":0,"player_choice":"Bought 3 Potions","damage_taken":0,"max_hp_gain":0,"max_hp_loss":0,"event_name":"The Woman in Blue","floor":13,"gold_loss":0},{"damage_healed":0,"gold_gain":0,"player_choice":"Upgraded","damage_taken":0,"max_hp_gain":0,"max_hp_loss":0,"event_name":"Upgrade Shrine","floor":20,"gold_loss":0,"cards_upgraded":["Go for the Eyes"]},{"damage_healed":0,"gold_gain":0,"player_choice":"Ignored","damage_taken":0,"max_hp_gain":0,"max_hp_loss":0,"event_name":"Tomb of Lord Red Mask","floor":36,"gold_loss":0}],"is_beta":false,"boss_relics":[{"not_picked":["Tiny House","White Beast Statue"],"picked":"Velvet Choker"},{"not_picked":["Coffee Dripper","Pandora\u0027s Box"],"picked":"Snecko Eye"}],"items_purged_floors":[21],"is_endless":false,"potions_floor_spawned":[1,3,6,14,16,18,24,25,27,29,35],"killed_by":"Giant Head","ascension_level":1}