{"gold_per_floor":[112,412,422,200,217,251,2,2,2,27,27,44,60,92,92,192,192,205,205,215,67,85,85,85,85,133,162,181,211,10,26,26,121,121,132,144,144,164,177,177,177,189,189,220,239,264,275,285,285,285,285,285,46,76,76],"floor_reached":56,"playtime":3965,"items_purged":["Strike_B"],"score":1396,"play_id":"34ceebfd-e280-4ee8-9958-1f242672f28f","local_time":"20190421162426","is_ascension_mode":false,"campfire_choices":[{"data":"Hologram","floor":8,"key":"SMITH"},{"data":"Zap","floor":11,"key":"SMITH"},{"data":"Sweeping Beam","floor":15,"key":"SMITH"},{"data":"Coolheaded","floor":23,"key":"SMITH"},{"data":"Ghostly","floor":25,"key":"SMITH"},{"data":"Ghostly","floor":32,"key":"SMITH"},{"data":"Ball Lightning","floor":41,"key":"SMITH"},{"floor":49,"key":"RECALL"},{"data":"White Noise","floor":52,"key":"SMITH"}],"neow_cost":"NONE","seed_source_timestamp":74635447089936,"circlet_count":0,"master_deck":["Strike_B","Strike_B","Strike_B","Defend_B","Defend_B","Defend_B","Defend_B","Zap+1","Dualcast","Conserve Battery","Sweeping Beam+1","Hologram+1","Leap","White Noise+1","Cold Snap","Streamline","Machine Learning","Ball Lightning+1","Coolheaded+1","Melter","Ghostly","Ghostly","Ghostly+1","Ghostly+1","Ghostly","White Noise","Echo Form+1","Defragment+1","Doppelganger","Loop+1","Shockwave","Shrug It Off+1","Thunderclap","Die Die Die","Aggregate+1","Discovery","Go for the Eyes+1","Headbutt"],"relics":["FrozenCore","Orichalcum","Old Coin","Bag of Marbles","StoneCalendar","Mercury Hourglass","Turnip","Bottled Flame","Pear","Black Star","PreservedInsect","Oddly Smooth Stone","Lantern","Frozen Egg 2","Blood Vial","Bag of Preparation","PrismaticShard","The Courier","Anchor","Pantograph","Strawberry","DataDisk","Bronze Scales","Mummified Hand","Emotion Chip"],"potions_floor_usage":[6,16,24,48,55,55,55],"damage_taken":[{"damage":5,"enemies":"Jaw Worm","floor":1,"turns":3},{"damage":0,"enemies":"Cultist","floor":3,"turns":3},{"damage":0,"enemies":"2 Louse","floor":5,"turns":2},{"damage":6,"enemies":"3 Sentries","floor":6,"turns":6},{"damage":10,"enemies":"Lagavulin","floor":10,"turns":7},{"damage":0,"enemies":"Exordium Wildlife","floor":12,"turns":3},{"damage":0,"enemies":"Gremlin Gang","floor":13,"turns":2},{"damage":10,"enemies":"Gremlin Nob","floor":14,"turns":3},{"damage":5,"enemies":"Hexaghost","floor":16,"turns":9},{"damage":6,"enemies":"Shell Parasite","floor":18,"turns":5},{"damage":2,"enemies":"Chosen","floor":20,"turns":4},{"damage":3,"enemies":"Sentry and Sphere","floor":22,"turns":4},{"damage":0,"enemies":"Gremlin Leader","floor":27,"turns":7},{"damage":2,"enemies":"Chosen and Byrds","floor":28,"turns":6},{"damage":0,"enemies":"Book of Stabbing","floor":29,"turns":6},{"damage":0,"enemies":"Snecko","floor":31,"turns":6},{"damage":20,"enemies":"Collector","floor":33,"turns":8},{"damage":0,"enemies":"Orb Walker","floor":35,"turns":4},{"damage":0,"enemies":"3 Darklings","floor":36,"turns":5},{"damage":0,"enemies":"Sphere and 2 Shapes","floor":38,"turns":5},{"damage":21,"enemies":"Spire Growth","floor":39,"turns":7},{"damage":0,"enemies":"Transient","floor":42,"turns":5},{"damage":0,"enemies":"Reptomancer","floor":44,"turns":7},{"damage":0,"enemies":"4 Shapes","floor":45,"turns":2},{"damage":21,"enemies":"Giant Head","floor":46,"turns":11},{"damage":0,"enemies":"Jaw Worm Horde","floor":47,"turns":4},{"damage":0,"enemies":"Spire Growth","floor":48,"turns":6},{"damage":16,"enemies":"Donu and Deca","floor":50,"turns":7},{"damage":19,"enemies":"Shield and Spear","floor":54,"turns":7},{"damage":8,"enemies":"The Heart","floor":55,"turns":12}],"seed_played":"7053573054076843728","potions_obtained":[{"floor":5,"key":"Block Potion"},{"floor":6,"key":"EssenceOfSteel"},{"floor":12,"key":"SpeedPotion"},{"floor":18,"key":"Swift Potion"},{"floor":19,"key":"Fruit Juice"},{"floor":20,"key":"Dexterity Potion"},{"floor":28,"key":"SteroidPotion"},{"floor":36,"key":"Strength Potion"},{"floor":54,"key":"SkillPotion"}],"is_trial":false,"path_per_floor":["M","?","M","$","M","E","$","R","T","E","R","M","M","E","R","B",null,"M","?","M","$","M","R","?","R","T","E","M","E","$","M","R","B",null,"M","M","$","M","M","?","R","M","T","E","M","E","M","M","R","B",null,"R","$","E","B",null],"character_chosen":"DEFECT","items_purchased":["Bag of Marbles","Mercury Hourglass","PreservedInsect","PrismaticShard","DataDisk","Bronze Scales"],"campfire_rested":0,"item_purchase_floors":[4,7,21,30,53,53],"current_hp_per_floor":[70,67,67,67,67,61,61,61,61,51,51,51,51,51,51,46,85,79,79,77,77,74,74,47,47,47,47,45,45,45,47,47,27,47,47,47,47,47,26,26,26,28,28,30,32,20,22,24,24,35,54,54,54,35,46],"gold":76,"neow_bonus":"RANDOM_COMMON_RELIC","is_prod":false,"is_daily":false,"chose_seed":false,"campfire_upgraded":8,"win_rate":0,"timestamp":1555878266,"path_taken":["M","?","M","$","M","E","$","R","T","E","R","M","M","E","R","BOSS","M","?","M","$","?","R","?","R","T","E","M","E","?","M","R","BOSS","M","?","$","M","M","?","R","M","T","E","?","E","M","M","R","BOSS","R","$","E","BOSS"],"build_version":"2019-01-23","purchased_purges":1,"victory":true,"max_hp_per_floor":[75,75,75,75,75,75,75,75,75,75,75,75,75,85,85,85,85,85,85,85,85,85,85,47,47,47,47,47,47,47,47,47,47,47,47,47,47,47,47,47,47,47,47,47,47,54,54,54,54,54,54,54,54,54,54],"card_choices":[{"not_picked":["Compile Driver","Streamline"],"picked":"Conserve Battery","floor":1},{"not_picked":["Rip and Tear","Go for the Eyes"],"picked":"Sweeping Beam","floor":3},{"not_picked":["Blizzard","Heatsinks"],"picked":"Hologram","floor":5},{"not_picked":["Turbo","Hello World"],"picked":"Leap","floor":6},{"not_picked":["Lockon","Turbo"],"picked":"White Noise","floor":10},{"not_picked":["Redo","Melter"],"picked":"Cold Snap","floor":12},{"not_picked":["Turbo","Chill"],"picked":"Streamline","floor":13},{"not_picked":["Double Energy","Meteor Strike","All For One"],"picked":"SKIP","floor":14},{"not_picked":["Creative AI","All For One"],"picked":"Machine Learning","floor":16},{"not_picked":["Conserve Battery","Storm+1"],"picked":"Ball Lightning","floor":18},{"not_picked":["Chaos","Loop"],"picked":"Coolheaded","floor":20},{"not_picked":["Stack","Turbo+1"],"picked":"Melter","floor":22},{"not_picked":["Lockon","Recycle","Streamline"],"picked":"SKIP","floor":27},{"not_picked":["Ball Lightning","Steam"],"picked":"White Noise","floor":28},{"not_picked":["Ball Lightning+1","Glacier+1"],"picked":"Echo Form+1","floor":29},{"not_picked":["Seeing Red+1","Redo"],"picked":"Defragment+1","floor":31},{"not_picked":["Meteor Strike","Immolate"],"picked":"Doppelganger","floor":33},{"not_picked":["Madness","Whirlwind+1"],"picked":"Loop+1","floor":35},{"not_picked":["Hologram","Barrage"],"picked":"Shockwave","floor":36},{"not_picked":["Stack+1","Dagger Spray","Gash"],"picked":"SKIP","floor":38},{"not_picked":["Rage","Flex"],"picked":"Shrug It Off","floor":39},{"not_picked":["Pummel","Wild Strike+1"],"picked":"Thunderclap","floor":42},{"not_picked":["Bane","Warcry+1"],"picked":"Die Die Die","floor":44},{"not_picked":["Expertise","Static Discharge+1","Leap"],"picked":"SKIP","floor":45},{"not_picked":["Ball Lightning","PanicButton"],"picked":"Aggregate+1","floor":46},{"not_picked":["Steam Power+1","Body Slam+1"],"picked":"Discovery","floor":47},{"not_picked":["Warcry","Accuracy+1"],"picked":"Go for the Eyes+1","floor":48},{"not_picked":["Turbo+1","Cleave"],"picked":"Headbutt","floor":54}],"player_experience":344059,"relics_obtained":[{"floor":6,"key":"StoneCalendar"},{"floor":9,"key":"Turnip"},{"floor":10,"key":"Bottled Flame"},{"floor":14,"key":"Pear"},{"floor":26,"key":"Oddly Smooth Stone"},{"floor":27,"key":"Lantern"},{"floor":27,"key":"Frozen Egg 2"},{"floor":29,"key":"Blood Vial"},{"floor":29,"key":"Bag of Preparation"},{"floor":44,"key":"The Courier"},{"floor":44,"key":"Anchor"},{"floor":46,"key":"Pantograph"},{"floor":46,"key":"Strawberry"},{"floor":54,"key":"Mummified Hand"},{"floor":54,"key":"Emotion Chip"}],"event_choices":[{"damage_healed":0,"gold_gain":0,"player_choice":"Success","damage_taken":3,"relics_obtained":["Old Coin"],"max_hp_gain":0,"max_hp_loss":0,"event_name":"Scrap Ooze","floor":2,"gold_loss":0},{"damage_healed":0,"gold_gain":0,"player_choice":"Got Potions","damage_taken":0,"max_hp_gain":0,"max_hp_loss":0,"event_name":"Lab","floor":19,"gold_loss":0},{"damage_healed":0,"gold_gain":0,"player_choice":"Became a Ghost","damage_taken":0,"max_hp_gain":0,"max_hp_loss":43,"event_name":"Ghosts","floor":24,"gold_loss":0,"cards_obtained":["Ghostly","Ghostly","Ghostly","Ghostly","Ghostly"]},{"damage_healed":0,"gold_gain":0,"player_choice":"Forge","damage_taken":0,"max_hp_gain":0,"max_hp_loss":0,"event_name":"Accursed Blacksmith","floor":40,"gold_loss":0,"cards_upgraded":["Shrug It Off"]}],"is_beta":false,"boss_relics":[{"not_picked":["Runic Pyramid","Sozu"],"picked":"Black Star"},{"not_picked":["Velvet Choker","Empty Cage"],"picked":"FrozenCore"}],"items_purged_floors":[4],"is_endless":false,"potions_floor_spawned":[5,6,12,18,20,28,36,38,42,46,54],"ascension_level":0}