{"gold_per_floor":[117,117,127,142,25,25,50,62,74,86,130,152,199,211],"floor_reached":14,"playtime":480,"items_purged":[],"score":124,"play_id":"870f9717-b826-4717-8384-5396135e1eba","local_time":"20190318153646","is_ascension_mode":true,"campfire_choices":[{"data":"Defragment","floor":6.0,"key":"SMITH"},{"floor":8.0,"key":"REST"},{"data":"White Noise","floor":10.0,"key":"SMITH"}],"neow_cost":"NONE","seed_source_timestamp":812231796402814,"circlet_count":0,"master_deck":["Strike_B","Strike_B","Strike_B","Defend_B","Defend_B","Defend_B","Defend_B","Zap","Dualcast","Storm","Gash","White Noise+1","Defragment+1","Scrape","Hologram","Loop","Genetic Algorithm","White Noise"],"special_seed":0,"relics":["Cracked Core","MawBank","Bottled Lightning","Unceasing Top"],"potions_floor_usage":[14],"damage_taken":[{"damage":1.0,"enemies":"2 Louse","floor":1.0,"turns":2.0},{"damage":1.0,"enemies":"Cultist","floor":3.0,"turns":4.0},{"damage":4.0,"enemies":"Small Slimes","floor":4.0,"turns":3.0},{"damage":25.0,"enemies":"3 Sentries","floor":7.0,"turns":6.0},{"damage":47.0,"enemies":"Gremlin Nob","floor":11.0,"turns":5.0},{"damage":6.0,"enemies":"Exordium Thugs","floor":12.0,"turns":3.0},{"damage":19.0,"enemies":"Lagavulin","floor":13.0,"turns":5.0},{"damage":12,"enemies":"2 Fungi Beasts","floor":14,"turns":2}],"seed_played":"325835996532419102","potions_obtained":[{"floor":2.0,"key":"Energy Potion"},{"floor":2.0,"key":"SpeedPotion"},{"floor":2.0,"key":"AttackPotion"},{"floor":4.0,"key":"Regen Potion"},{"floor":7.0,"key":"FearPotion"},{"floor":13.0,"key":"SpeedPotion"}],"is_trial":false,"path_per_floor":["?","$"],"character_chosen":"DEFECT","items_purchased":["Defragment","Scrape"],"campfire_rested":1,"item_purchase_floors":[5,5],"current_hp_per_floor":[74,74,73,69,69,69,44,66,66,66,31,25,6,0],"gold":211,"neow_bonus":"REMOVE_CARD","is_prod":false,"is_daily":false,"chose_seed":false,"campfire_upgraded":2,"win_rate":0,"timestamp":1552948606,"path_taken":["M","?","M","M","?","R","E","R","T","R","E","M","E","M"],"build_version":"2019-01-23","purchased_purges":0,"victory":false,"max_hp_per_floor":[75,75,75,75,75,75,75,75,75,75,75,75,75,75],"card_choices":[{"not_picked":["Barrage","Gash"],"picked":"Storm","floor":1.0},{"not_picked":["Darkness","Go for the Eyes"],"picked":"Gash","floor":3.0},{"not_picked":["Leap","Tempest"],"picked":"White Noise","floor":4.0},{"not_picked":["Biased Cognition","Darkness"],"picked":"Hologram","floor":7.0},{"not_picked":["Consume","Coolheaded"],"picked":"Loop","floor":11.0},{"not_picked":["Beam Cell","Undo"],"picked":"Genetic Algorithm","floor":12.0},{"not_picked":["Tempest","Ball Lightning"],"picked":"White Noise","floor":13.0}],"player_experience":79171,"relics_obtained":[{"floor":7.0,"key":"MawBank"},{"floor":11.0,"key":"Bottled Lightning"},{"floor":13.0,"key":"Unceasing Top"}],"event_choices":[{"damage_healed":0.0,"max_hp_gain":0.0,"max_hp_loss":0.0,"gold_gain":0.0,"event_name":"Lab","player_choice":"Got Potions","floor":2.0,"gold_loss":0.0,"damage_taken":0.0}],"is_beta":false,"boss_relics":[],"items_purged_floors":[],"is_endless":false,"potions_floor_spawned":[4,7,13],"killed_by":"2 Fungi Beasts","ascension_level":3}