{"gold_per_floor":[368,368,101,26,43,43,59,86,86,96,96,129,129,157,157,233,233,246,246,161,178,28,28,61,61,115,115,128,162,180,199,199,199],"floor_reached":33,"playtime":1774,"items_purged":["Pain"],"score":756,"play_id":"e1842658-3ecc-43ff-98e8-b2febfed4998","local_time":"20190424102721","is_ascension_mode":true,"campfire_choices":[{"data":"Skewer","floor":6,"key":"SMITH"},{"floor":11,"key":"REST"},{"data":"Neutralize","floor":13,"key":"SMITH"},{"data":"Poisoned Stab","floor":15,"key":"SMITH"},{"data":"Corpse Explosion","floor":23,"key":"SMITH"},{"data":"Catalyst","floor":27,"key":"SMITH"},{"data":"Wraith Form v2","floor":32,"key":"SMITH"}],"neow_cost":"CURSE","seed_source_timestamp":513146127909263,"circlet_count":0,"master_deck":["AscendersBane","Defend_G","Defend_G","Defend_G","Defend_G","Defend_G","Strike_G","Strike_G","Strike_G","Strike_G","Strike_G","Survivor","Neutralize+1","PiercingWail","Skewer+1","Terror","Poisoned Stab","Dodge and Roll","Poisoned Stab+1","Corpse Explosion+1","Backstab","Backflip","Malaise","Catalyst+1","Backflip","Backflip","Dodge and Roll+1","Wraith Form v2+1"],"relics":["Ring of the Snake","Paper Crane","FossilizedHelix","Mercury Hourglass","Juzu Bracelet","Art of War","Coffee Dripper","Oddly Smooth Stone","Ancient Tea Set","Regal Pillow","Centennial Puzzle"],"potions_floor_usage":[8,14,29,30,31,31],"damage_taken":[{"damage":4,"enemies":"2 Louse","floor":1,"turns":3},{"damage":6,"enemies":"Cultist","floor":5,"turns":4},{"damage":0,"enemies":"Jaw Worm","floor":7,"turns":6},{"damage":31,"enemies":"3 Sentries","floor":8,"turns":11},{"damage":0,"enemies":"Exordium Wildlife","floor":10,"turns":3},{"damage":2,"enemies":"Lagavulin","floor":12,"turns":6},{"damage":7,"enemies":"3 Sentries","floor":14,"turns":8},{"damage":0,"enemies":"Hexaghost","floor":16,"turns":9},{"damage":8,"enemies":"3 Byrds","floor":18,"turns":4},{"damage":0,"enemies":"2 Thieves","floor":21,"turns":3},{"damage":0,"enemies":"Book of Stabbing","floor":24,"turns":5},{"damage":0,"enemies":"Centurion and Healer","floor":28,"turns":4},{"damage":6,"enemies":"Gremlin Leader","floor":29,"turns":5},{"damage":1,"enemies":"Shelled Parasite and Fungi","floor":30,"turns":6},{"damage":0,"enemies":"Sentry and Sphere","floor":31,"turns":4},{"damage":42,"enemies":"Collector","floor":33,"turns":6}],"seed_played":"4694309919945455840","potions_obtained":[{"floor":1,"key":"FearPotion"},{"floor":2,"key":"GamblersBrew"},{"floor":12,"key":"SteroidPotion"},{"floor":16,"key":"Weak Potion"},{"floor":24,"key":"Dexterity Potion"},{"floor":29,"key":"Energy Potion"},{"floor":30,"key":"Energy Potion"}],"is_trial":false,"path_per_floor":["?","$","?","?","$"],"character_chosen":"THE_SILENT","items_purchased":["Paper Crane","Malaise","Catalyst"],"campfire_rested":1,"item_purchase_floors":[3,22,22],"current_hp_per_floor":[55,55,55,55,49,49,49,18,18,18,37,35,35,28,28,28,57,49,49,49,49,49,49,49,49,49,49,49,43,42,42,42,0],"gold":199,"neow_bonus":"TWO_FIFTY_GOLD","is_prod":false,"is_daily":false,"chose_seed":false,"campfire_upgraded":6,"win_rate":0,"timestamp":1556090841,"path_taken":["M","?","?","$","M","R","M","E","T","M","R","E","R","E","R","BOSS","M","?","?","M","$","R","E","?","T","R","M","E","M","M","R","BOSS"],"build_version":"2019-01-23","purchased_purges":1,"victory":false,"max_hp_per_floor":[66,66,66,66,66,66,66,66,66,66,66,66,66,66,66,66,66,66,66,66,66,66,66,66,66,66,66,66,66,66,66,66,66],"card_choices":[{"not_picked":["Prepared","Outmaneuver"],"picked":"PiercingWail","floor":1},{"not_picked":["PiercingWail","Well Laid Plans"],"picked":"Skewer","floor":5},{"not_picked":["Reflex","Underhanded Strike"],"picked":"Terror","floor":7},{"not_picked":["Sucker Punch","Outmaneuver"],"picked":"Poisoned Stab","floor":8},{"not_picked":["Deflect","Outmaneuver","Underhanded Strike"],"picked":"SKIP","floor":10},{"not_picked":["Endless Agony","Outmaneuver"],"picked":"Dodge and Roll","floor":12},{"not_picked":["Expertise","Flying Knee"],"picked":"Poisoned Stab","floor":14},{"not_picked":["Envenom","Phantasmal Killer"],"picked":"Corpse Explosion","floor":16},{"not_picked":["Poisoned Stab","Underhanded Strike"],"picked":"Backstab","floor":18},{"not_picked":["Deadly Poison","Blade Dance"],"picked":"Backflip","floor":21},{"not_picked":["Acrobatics","Expertise"],"picked":"Backflip","floor":24},{"not_picked":["Sucker Punch+1","Flying Knee"],"picked":"Backflip","floor":28},{"not_picked":["Dagger Throw+1","Masterful Stab"],"picked":"Dodge and Roll+1","floor":29},{"not_picked":["Dagger Spray","Eviscerate+1"],"picked":"Wraith Form v2","floor":30},{"not_picked":["Sucker Punch","Backstab","Bane"],"picked":"SKIP","floor":31}],"player_experience":1841236,"relics_obtained":[{"floor":8,"key":"FossilizedHelix"},{"floor":9,"key":"Mercury Hourglass"},{"floor":12,"key":"Juzu Bracelet"},{"floor":14,"key":"Art of War"},{"floor":24,"key":"Ancient Tea Set"},{"floor":26,"key":"Regal Pillow"},{"floor":29,"key":"Centennial Puzzle"}],"event_choices":[{"damage_healed":0,"gold_gain":0,"player_choice":"Got Potions","damage_taken":0,"max_hp_gain":0,"max_hp_loss":0,"event_name":"Lab","floor":2,"gold_loss":0},{"damage_healed":0,"gold_gain":0,"player_choice":"Ignored","damage_taken":0,"max_hp_gain":0,"max_hp_loss":0,"event_name":"The Mausoleum","floor":19,"gold_loss":0},{"damage_healed":0,"gold_gain":0,"player_choice":"Obtained Relic","damage_taken":0,"relics_obtained":["Oddly Smooth Stone"],"max_hp_gain":0,"max_hp_loss":0,"event_name":"Addict","floor":20,"gold_loss":85}],"is_beta":false,"boss_relics":[{"not_picked":["Pandora\u0027s Box","Ring of the Serpent"],"picked":"Coffee Dripper"}],"items_purged_floors":[4],"is_endless":false,"potions_floor_spawned":[1,12,16,24,29,30],"killed_by":"Collector","ascension_level":20}