{"gold_per_floor":[119,119,130,149,149,190,213,213,290,290,324,348,363,396,396,521,521,535,15,15,25,25,58,58,84,84,84,96,113,126,153,153,255,255,272,284,284,40,140,170,170,197,197,209,209,209,3,29,29,29],"floor_reached":51,"playtime":3378,"items_purged":["Writhe","Strike_B"],"score":1031,"play_id":"35d24f75-7190-44ad-ad8c-0de95468b5f8","local_time":"20190326142935","is_ascension_mode":true,"campfire_choices":[{"floor":8.0,"key":"REST"},{"floor":15.0,"key":"REST"},{"data":"Buffer","floor":24.0,"key":"SMITH"},{"floor":32.0,"key":"REST"},{"data":"Zap","floor":41.0,"key":"SMITH"},{"data":"Hologram","floor":46,"key":"SMITH"},{"data":"Static Discharge","floor":49,"key":"SMITH"}],"neow_cost":"CURSE","seed_source_timestamp":0,"circlet_count":0,"master_deck":["Strike_B+1","Strike_B","Defend_B","Defend_B","Defend_B","Defend_B","Zap+1","Dualcast","Biased Cognition","Ball Lightning","Heatsinks","Rip and Tear","Cold Snap+1","Loop+1","Conserve Battery","Undo","Lockon","Cold Snap","Undo","Biased Cognition","Hologram+1","Tempest","Coolheaded","Buffer+1","Static Discharge+1","Lockon+1","BootSequence","Stack+1","Core Surge","Chill","Loop+1","Glacier","Redo+1"],"special_seed":0,"relics":["Cracked Core","Bloody Idol","Calipers","Mercury Hourglass","Potion Belt","Ancient Tea Set","White Beast Statue","ClockworkSouvenir","Kunai","Question Card","Bottled Lightning","Symbiotic Virus","Regal Pillow","PreservedInsect","Sozu","Unceasing Top","Oddly Smooth Stone","Whetstone","Runic Capacitor","Boot"],"potions_floor_usage":[50],"damage_taken":[{"damage":0.0,"enemies":"2 Louse","floor":1.0,"turns":1.0},{"damage":0.0,"enemies":"Cultist","floor":3.0,"turns":3.0},{"damage":7.0,"enemies":"Jaw Worm","floor":4.0,"turns":2.0},{"damage":17.0,"enemies":"Lagavulin","floor":6.0,"turns":5.0},{"damage":6.0,"enemies":"Looter","floor":7.0,"turns":2.0},{"damage":4.0,"enemies":"3 Sentries","floor":11.0,"turns":4.0},{"damage":18.0,"enemies":"Gremlin Gang","floor":12.0,"turns":3.0},{"damage":0.0,"enemies":"Blue Slaver","floor":13.0,"turns":2.0},{"damage":7.0,"enemies":"Lagavulin","floor":14.0,"turns":3.0},{"damage":0.0,"enemies":"Slime Boss","floor":16.0,"turns":7.0},{"damage":9.0,"enemies":"Shell Parasite","floor":18.0,"turns":5.0},{"damage":0.0,"enemies":"Spheric Guardian","floor":21.0,"turns":3.0},{"damage":2.0,"enemies":"Book of Stabbing","floor":23.0,"turns":8.0},{"damage":34.0,"enemies":"Gremlin Leader","floor":25.0,"turns":9.0},{"damage":0.0,"enemies":"Snecko","floor":28.0,"turns":4.0},{"damage":0.0,"enemies":"3 Cultists","floor":29.0,"turns":4.0},{"damage":13.0,"enemies":"Snake Plant","floor":30.0,"turns":3.0},{"damage":36.0,"enemies":"Slavers","floor":31.0,"turns":7.0},{"damage":27.0,"enemies":"Collector","floor":33.0,"turns":7.0},{"damage":28.0,"enemies":"3 Darklings","floor":35.0,"turns":4.0},{"damage":8.0,"enemies":"Orb Walker","floor":36.0,"turns":3.0},{"damage":0.0,"enemies":"Mind Bloom Boss Battle","floor":39.0,"turns":5.0},{"damage":0.0,"enemies":"Giant Head","floor":40.0,"turns":6.0},{"damage":11.0,"enemies":"Nemesis","floor":42.0,"turns":5.0},{"damage":15,"enemies":"3 Darklings","floor":44,"turns":6},{"damage":2,"enemies":"Reptomancer","floor":48,"turns":8},{"damage":21,"enemies":"Donu and Deca","floor":50,"turns":10}],"seed_played":"8516374003077773938","potions_obtained":[{"floor":1.0,"key":"Dexterity Potion"},{"floor":3.0,"key":"FocusPotion"},{"floor":6.0,"key":"Fire Potion"},{"floor":16.0,"key":"SteroidPotion"},{"floor":18.0,"key":"Weak Potion"},{"floor":21.0,"key":"SkillPotion"},{"floor":23.0,"key":"Block Potion"},{"floor":25.0,"key":"Energy Potion"},{"floor":28.0,"key":"Weak Potion"},{"floor":29.0,"key":"Explosive Potion"},{"floor":30.0,"key":"Ancient Potion"},{"floor":31.0,"key":"Swift Potion"},{"floor":33.0,"key":"LiquidBronze"}],"is_trial":false,"path_per_floor":["?","M","?","?","M","?","?","?","?","?","?"],"character_chosen":"DEFECT","items_purchased":["ClockworkSouvenir","Kunai","Core Surge","Runic Capacitor"],"campfire_rested":3,"item_purchase_floors":[19,19,38,47],"current_hp_per_floor":[75,75,75,68,50,33,27,49,49,49,45,27,27,20,42,42,75,66,66,66,71,71,74,74,45,45,45,50,55,47,16,53,31,75,52,49,49,49,54,59,59,53,53,43,43,43,43,46,46,25],"gold":29,"neow_bonus":"THREE_RARE_CARDS","is_prod":false,"is_daily":false,"chose_seed":false,"campfire_upgraded":4,"win_rate":0,"timestamp":1553635775,"path_taken":["M","?","?","M","?","E","M","R","T","?","E","?","M","E","R","BOSS","M","$","?","M","?","E","R","E","T","?","M","M","M","E","R","BOSS","M","M","?","$","?","E","R","E","T","M","?","R","$","E","R","BOSS"],"build_version":"2019-01-23","purchased_purges":2,"victory":true,"max_hp_per_floor":[75,75,75,75,75,75,75,75,75,75,75,75,75,75,75,75,75,75,75,75,75,75,75,75,75,75,75,75,75,75,75,75,75,75,75,75,71,71,71,71,71,71,71,71,71,71,71,71,71,71],"card_choices":[{"not_picked":["Core Surge","Reboot"],"picked":"Biased Cognition","floor":0.0},{"not_picked":["Turbo","Steam Power"],"picked":"Ball Lightning","floor":1.0},{"not_picked":["Aggregate","Stack"],"picked":"Rip and Tear","floor":3.0},{"not_picked":["Leap","Fusion"],"picked":"Cold Snap","floor":4.0},{"not_picked":["Multi-Cast","Auto Shields"],"picked":"Loop","floor":6.0},{"not_picked":["FTL","Streamline"],"picked":"Conserve Battery","floor":7.0},{"not_picked":["Coolheaded","Barrage"],"picked":"Undo","floor":11.0},{"not_picked":["Melter","Ball Lightning"],"picked":"Lockon","floor":12.0},{"not_picked":["Barrage","Gash"],"picked":"Cold Snap","floor":13.0},{"not_picked":["Reprogram","Recycle"],"picked":"Undo","floor":14.0},{"not_picked":["Hyperbeam","Meteor Strike"],"picked":"Biased Cognition","floor":16.0},{"not_picked":["Auto Shields","Cold Snap"],"picked":"Hologram","floor":18.0},{"not_picked":["Barrage","Scrape"],"picked":"Tempest","floor":21.0},{"not_picked":["Coolheaded+1","BootSequence"],"picked":"Buffer","floor":23.0},{"not_picked":["Coolheaded","Sweeping Beam","Chaos"],"picked":"Static Discharge","floor":25.0},{"not_picked":["Redo","Sweeping Beam+1","Barrage+1"],"picked":"Lockon+1","floor":28.0},{"not_picked":["Genetic Algorithm+1","Turbo","Sweeping Beam"],"picked":"BootSequence","floor":29.0},{"not_picked":["Sunder","Beam Cell+1","BootSequence","Sweeping Beam"],"picked":"SKIP","floor":30.0},{"not_picked":["Undo","Machine Learning","Cold Snap","Multi-Cast"],"picked":"SKIP","floor":31.0},{"not_picked":["Self Repair+1","Doom and Gloom","Go for the Eyes","Streamline+1"],"picked":"SKIP","floor":35.0},{"not_picked":["Leap","Turbo","Darkness+1"],"picked":"Stack+1","floor":36.0},{"not_picked":["Reinforced Body+1","Redo","Turbo+1"],"picked":"Chill","floor":39.0},{"not_picked":["Ball Lightning","Redo","Recycle+1"],"picked":"Loop+1","floor":40.0},{"not_picked":["Seek","Undo","Compile Driver+1"],"picked":"Glacier","floor":42.0},{"not_picked":["Compile Driver","Barrage+1","Streamline+1","BootSequence"],"picked":"SKIP","floor":44},{"not_picked":["Streamline+1","Ball Lightning","Redo+1","Scrape"],"picked":"SKIP","floor":48},{"not_picked":["Streamline+1","Ball Lightning","Scrape"],"picked":"Redo+1","floor":48}],"player_experience":127081,"relics_obtained":[{"floor":6.0,"key":"Calipers"},{"floor":9.0,"key":"Mercury Hourglass"},{"floor":11.0,"key":"Potion Belt"},{"floor":14.0,"key":"Ancient Tea Set"},{"floor":23.0,"key":"Question Card"},{"floor":25.0,"key":"Bottled Lightning"},{"floor":26.0,"key":"Symbiotic Virus"},{"floor":31.0,"key":"PreservedInsect"},{"floor":39.0,"key":"Unceasing Top"},{"floor":40.0,"key":"Oddly Smooth Stone"},{"floor":42.0,"key":"Whetstone"},{"floor":48,"key":"Boot"}],"event_choices":[{"damage_healed":0.0,"max_hp_gain":0.0,"max_hp_loss":0.0,"gold_gain":0.0,"cards_transformed":["Strike_B"],"event_name":"Transmorgrifier","player_choice":"Transformed","floor":2.0,"gold_loss":0.0,"damage_taken":0.0,"cards_obtained":["Heatsinks"]},{"damage_healed":0.0,"max_hp_gain":0.0,"max_hp_loss":0.0,"gold_gain":0.0,"event_name":"Golden Idol","player_choice":"Take Damage","floor":5.0,"gold_loss":0.0,"damage_taken":18.0,"relics_obtained":["Golden Idol"]},{"damage_healed":0.0,"max_hp_gain":0.0,"max_hp_loss":0.0,"gold_gain":0.0,"event_name":"Accursed Blacksmith","player_choice":"Forge","floor":10.0,"gold_loss":0.0,"damage_taken":0.0,"cards_upgraded":["Loop"]},{"damage_healed":0.0,"max_hp_gain":0.0,"max_hp_loss":0.0,"gold_gain":0.0,"event_name":"Forgotten Altar","player_choice":"Gave Idol","floor":20.0,"relics_lost":["Golden Idol"],"gold_loss":0.0,"damage_taken":0.0,"relics_obtained":["Bloody Idol"]},{"damage_healed":0.0,"max_hp_gain":0.0,"max_hp_loss":0.0,"gold_gain":0.0,"event_name":"The Library","player_choice":"Read","floor":22.0,"gold_loss":0.0,"damage_taken":0.0,"cards_obtained":["Coolheaded"]},{"damage_healed":0.0,"max_hp_gain":0.0,"max_hp_loss":0.0,"gold_gain":0.0,"event_name":"The Mausoleum","player_choice":"Opened","floor":27.0,"gold_loss":0.0,"damage_taken":0.0,"relics_obtained":["Regal Pillow"]},{"damage_healed":0.0,"max_hp_gain":0.0,"max_hp_loss":4.0,"gold_gain":0.0,"event_name":"Winding Halls","player_choice":"Max HP","floor":37.0,"gold_loss":0.0,"damage_taken":0.0},{"damage_healed":0.0,"max_hp_gain":0.0,"max_hp_loss":0.0,"gold_gain":0.0,"event_name":"MindBloom","player_choice":"Fight","floor":39.0,"gold_loss":0.0,"damage_taken":0.0},{"damage_healed":0,"gold_gain":0,"player_choice":"Ignored","damage_taken":0,"max_hp_gain":0,"max_hp_loss":0,"event_name":"Tomb of Lord Red Mask","floor":45,"gold_loss":0}],"is_beta":false,"boss_relics":[{"not_picked":["Astrolabe","Runic Pyramid"],"picked":"White Beast Statue"},{"not_picked":["Orrery","Snecko Eye"],"picked":"Sozu"}],"items_purged_floors":[19,38],"is_endless":false,"potions_floor_spawned":[1,3,6,16,18,21,23,25,28,29,30,31,33,35,36,39,40,42,44,48],"ascension_level":4}