{"gold_per_floor":[111,111,261,261,280,308,308,325,404,404,435,7,7,7,7,96,96,112,27,27,27,27,27],"floor_reached":23,"playtime":499,"items_purged":["Doubt"],"score":536,"play_id":"e02c198c-65f4-4ee8-874a-66e935b6101a","local_time":"20190420161238","is_ascension_mode":true,"campfire_choices":[{"data":"Capacitor","floor":7.0,"key":"SMITH"},{"data":"Leap","floor":10.0,"key":"SMITH"},{"data":"Consume","floor":15.0,"key":"SMITH"}],"neow_cost":"NONE","seed_source_timestamp":28179141386217,"circlet_count":0,"master_deck":["AscendersBane","Strike_B","Strike_B","Strike_B","Defend_B","Defend_B","Defend_B","Defend_B","Zap+1","Dualcast","Capacitor+1","Leap+1","Ball Lightning","Hologram","Rainbow","Consume+1","Rainbow","Defragment","Leap+1"],"special_seed":0,"relics":["Cracked Core","NeowsBlessing","Ancient Tea Set","Bronze Scales","Juzu Bracelet","Kunai","Golden Idol","Snecko Eye","Nloth\u0027s Gift"],"potions_floor_usage":[18],"damage_taken":[{"damage":0.0,"enemies":"Small Slimes","floor":1.0,"turns":1.0},{"damage":0.0,"enemies":"2 Louse","floor":5.0,"turns":1.0},{"damage":0.0,"enemies":"Lagavulin","floor":6.0,"turns":1.0},{"damage":0.0,"enemies":"Jaw Worm","floor":8.0,"turns":2.0},{"damage":31.0,"enemies":"Gremlin Nob","floor":11.0,"turns":4.0},{"damage":0,"enemies":"The Guardian","floor":16,"turns":8},{"damage":15,"enemies":"2 Thieves","floor":18,"turns":4},{"damage":16,"enemies":"Book of Stabbing","floor":23,"turns":3}],"seed_played":"4594936814665338379","potions_obtained":[{"floor":6.0,"key":"SkillPotion"},{"floor":8.0,"key":"Weak Potion"},{"floor":16,"key":"GamblersBrew"},{"floor":18,"key":"AttackPotion"}],"is_trial":false,"path_per_floor":["M","?","?","?","M","E","R","M","T","R","E","$","?","?","R","B",null,"M","$","?","$","?","E"],"character_chosen":"DEFECT","items_purchased":["Kunai","Consume","Defragment"],"campfire_rested":0,"item_purchase_floors":[12,12,19],"current_hp_per_floor":[64,59,59,59,59,59,59,59,59,59,28,28,28,21,21,21,53,38,38,38,38,38,22],"gold":27,"neow_bonus":"THREE_ENEMY_KILL","is_prod":false,"is_daily":false,"chose_seed":false,"campfire_upgraded":3,"win_rate":0,"timestamp":1555769558,"path_taken":["M","?","?","?","M","E","R","M","T","R","E","?","?","?","R","BOSS","M","$","?","?","?","E"],"build_version":"2019-04-04","purchased_purges":1,"victory":false,"max_hp_per_floor":[71,71,71,71,71,71,71,71,71,71,71,71,64,64,64,64,64,64,64,64,64,64,64],"card_choices":[{"not_picked":["Rebound","Coolheaded"],"picked":"Capacitor","floor":1.0},{"not_picked":["Go for the Eyes","Loop"],"picked":"Leap","floor":5.0},{"not_picked":["Leap","Hologram"],"picked":"Ball Lightning","floor":6.0},{"not_picked":["Rip and Tear","Gash"],"picked":"Hologram","floor":8.0},{"not_picked":["Go for the Eyes","Barrage"],"picked":"Rainbow","floor":11.0},{"not_picked":["Hyperbeam","Reboot"],"picked":"Rainbow","floor":16},{"not_picked":["Rebound","FTL","Go for the Eyes"],"picked":"SKIP","floor":18}],"player_experience":1172981,"relics_obtained":[{"floor":6.0,"key":"Bronze Scales"},{"floor":9.0,"key":"Letter Opener"},{"floor":11.0,"key":"Juzu Bracelet"}],"event_choices":[{"damage_healed":0.0,"max_hp_gain":0.0,"max_hp_loss":0.0,"gold_gain":0.0,"event_name":"Scrap Ooze","player_choice":"Success","floor":2.0,"gold_loss":0.0,"damage_taken":5.0,"relics_obtained":["Ancient Tea Set"]},{"damage_healed":0.0,"max_hp_gain":0.0,"max_hp_loss":0.0,"gold_gain":150.0,"event_name":"Liars Game","player_choice":"AGREE","floor":3.0,"gold_loss":0.0,"damage_taken":0.0,"cards_obtained":["Doubt"]},{"damage_healed":0.0,"max_hp_gain":0.0,"max_hp_loss":0.0,"gold_gain":0.0,"event_name":"Living Wall","player_choice":"Grow","floor":4.0,"gold_loss":0.0,"damage_taken":0.0,"cards_upgraded":["Zap"]},{"damage_healed":0.0,"max_hp_gain":0.0,"max_hp_loss":7.0,"gold_gain":0.0,"event_name":"Golden Idol","player_choice":"Lose Max HP","floor":13.0,"gold_loss":0.0,"damage_taken":0.0,"relics_obtained":["Golden Idol"]},{"cards_removed":["Strike_B"],"damage_healed":0.0,"max_hp_gain":0.0,"max_hp_loss":0.0,"gold_gain":0.0,"event_name":"Golden Wing","player_choice":"Card Removal","floor":14.0,"gold_loss":0.0,"damage_taken":7.0},{"damage_healed":0,"gold_gain":0,"player_choice":"Copied","damage_taken":0,"max_hp_gain":0,"max_hp_loss":0,"event_name":"Duplicator","floor":20,"gold_loss":0,"cards_obtained":["Leap"]},{"damage_healed":0,"gold_gain":0,"player_choice":"Traded Relic","damage_taken":0,"relics_obtained":["Nloth\u0027s Gift"],"max_hp_gain":0,"max_hp_loss":0,"event_name":"N\u0027loth","floor":22,"relics_lost":["Letter Opener"],"gold_loss":0}],"is_beta":true,"boss_relics":[{"not_picked":["Empty Cage","Busted Crown"],"picked":"Snecko Eye"}],"items_purged_floors":[12],"is_endless":false,"potions_floor_spawned":[6,8,16,18],"killed_by":"Book of Stabbing","ascension_level":20}