{"path_per_floor":["M","M","M","M","M","R","?","?","T","M","R","?","R","E","R"],"character_chosen":"DEFECT","items_purchased":[],"gold_per_floor":[114,127,146,162,182,182,182,182,207,222,222,299,299,324,324,324],"floor_reached":16,"campfire_rested":1,"playtime":560,"current_hp_per_floor":[70,70,64,64,41,41,29,29,29,24,46,46,46,39,39,0],"items_purged":[],"gold":324,"score":102,"play_id":"0ffbbcb0-a8e3-46a2-af70-4896ba8d4002","local_time":"20180503000357","is_prod":false,"is_daily":false,"chose_seed":false,"is_ascension_mode":false,"campfire_upgraded":3,"timestamp":1525320237,"path_taken":["M","M","M","M","M","R","?","?","T","M","R","?","R","E","R","BOSS"],"build_version":"2018-05-01v2","seed_source_timestamp":306613513690196,"purchased_purges":0,"victory":false,"master_deck":["Strike_B","Strike_B","Strike_B","Strike_B","Defend_B","Defend_B","Defend_B","Defend_B","Zap","Dualcast","Thunder Strike","Sunder+1","Hologram","Skim","Conserve Battery","Hyperbeam+1","Sunder+1"],"max_hp_per_floor":[75,75,75,75,75,75,75,75,75,75,75,75,75,75,75,75],"relics":["Cracked Core","Dream Catcher","Bag of Marbles","Art of War"],"card_choices":[{"not_picked":["Streamline","Reprieve"],"picked":"Sunder","floor":2},{"not_picked":["Streamline","Sweeping Beam"],"picked":"Hologram","floor":3},{"not_picked":["Rebound","Impulse"],"picked":"Skim","floor":4},{"not_picked":["Skim","Rebound"],"picked":"Conserve Battery","floor":5},{"not_picked":["Lockon","Gash"],"picked":"Hyperbeam","floor":11},{"not_picked":["Force Field","Leap"],"picked":"Sunder","floor":14}],"player_experience":192687,"potions_floor_usage":[14,14,16,16],"damage_taken":[{"damage":5,"enemies":"Small Slimes","floor":1,"turns":3},{"damage":0,"enemies":"2 Louse","floor":2,"turns":2},{"damage":6,"enemies":"Jaw Worm","floor":3,"turns":3},{"damage":0,"enemies":"2 Fungi Beasts","floor":4,"turns":2},{"damage":23,"enemies":"Exordium Wildlife","floor":5,"turns":5},{"damage":5,"enemies":"Looter","floor":10,"turns":3},{"damage":7,"enemies":"Gremlin Nob","floor":14,"turns":3},{"damage":60,"enemies":"The Guardian","floor":16,"turns":14}],"event_choices":[{"event_name":"Scrap Ooze","player_choice":"success","floor":7,"damage_taken":12},{"event_name":"Shining Light","player_choice":"Ignored","floor":8,"damage_taken":0},{"event_name":"Golden Wing","player_choice":"Gained Gold","floor":12,"damage_taken":0}],"boss_relics":[],"potions_floor_spawned":[2,3,4,14],"seed_played":"704177813847240703","killed_by":"The Guardian","ascension_level":0,"is_trial":false}