{"gold_per_floor":[112,129,140,140,156,181,181,181,181,181,199,211,65,96,96,173,173,192,192,158,170,170,170,201,201,201,19,19,19],"floor_reached":29,"playtime":1001,"items_purged":["Pain"],"score":439,"play_id":"8823c2b2-aa66-4c94-acc1-0ffe97c758e6","local_time":"20190419145006","is_ascension_mode":true,"campfire_choices":[{"data":"Infernal Blade","floor":7,"key":"SMITH"},{"data":"Spot Weakness","floor":10,"key":"SMITH"},{"floor":15,"key":"REST"},{"floor":23,"key":"REST"},{"floor":28,"key":"REST"}],"neow_cost":"NONE","seed_source_timestamp":206028751748199,"circlet_count":0,"master_deck":["AscendersBane","Strike_R+1","Strike_R","Strike_R+1","Strike_R","Defend_R","Defend_R","Defend_R","Defend_R","Bash+1","Pommel Strike","Infernal Blade+1","Spot Weakness+1","Ghostly Armor","Shrug It Off","Whirlwind","Combust+1","Immolate","Uppercut","Impervious","Reaper","Power Through","Corruption+1","Metallicize+1","Shrug It Off+1","Ghostly","Ghostly","Ghostly","Feel No Pain+1","Disarm"],"relics":["Burning Blood","WarpedTongs","Whetstone","Frozen Egg 2","Matryoshka","Mark of Pain","Enchiridion","Kunai","Bottled Tornado","Ornamental Fan"],"potions_floor_usage":[5],"damage_taken":[{"damage":7,"enemies":"2 Louse","floor":1,"turns":3},{"damage":1,"enemies":"Cultist","floor":2,"turns":3},{"damage":7,"enemies":"Jaw Worm","floor":3,"turns":3},{"damage":19,"enemies":"Exordium Thugs","floor":5,"turns":4},{"damage":27,"enemies":"Gremlin Nob","floor":6,"turns":4},{"damage":8,"enemies":"2 Fungi Beasts","floor":11,"turns":4},{"damage":14,"enemies":"3 Louse","floor":12,"turns":3},{"damage":23,"enemies":"Lagavulin","floor":14,"turns":4},{"damage":31,"enemies":"Slime Boss","floor":16,"turns":9},{"damage":4,"enemies":"Chosen","floor":18,"turns":2},{"damage":20,"enemies":"Spheric Guardian","floor":21,"turns":4},{"damage":46,"enemies":"Gremlin Leader","floor":24,"turns":8},{"damage":31,"enemies":"Snake Plant","floor":29,"turns":4}],"seed_played":"390125988135463034","potions_obtained":[{"floor":2,"key":"Dexterity Potion"},{"floor":3,"key":"SteroidPotion"},{"floor":6,"key":"FearPotion"},{"floor":18,"key":"Explosive Potion"}],"is_trial":false,"path_per_floor":["M","M","M","?","M","E","R","?","T","R","M","M","$","E","R","B",null,"M","?","$","M","?","R","E","?","T","$","R","M"],"character_chosen":"IRONCLAD","items_purchased":["Immolate","Uppercut","Corruption+1","Feel No Pain+1","Disarm"],"campfire_rested":3,"item_purchase_floors":[13,13,20,27,27],"current_hp_per_floor":[67,72,71,71,58,37,37,37,37,37,35,27,27,10,32,7,58,60,60,60,46,25,47,15,15,15,15,26,0],"gold":19,"neow_bonus":"UPGRADE_CARD","is_prod":false,"is_daily":false,"chose_seed":false,"campfire_upgraded":2,"win_rate":0,"timestamp":1555710606,"path_taken":["M","M","M","?","?","E","R","?","T","R","?","M","$","E","R","BOSS","M","?","$","?","?","R","E","?","T","$","R","M"],"build_version":"2019-01-23","purchased_purges":1,"victory":false,"max_hp_per_floor":[75,75,75,75,75,75,75,75,75,75,75,75,75,75,75,75,75,75,75,75,75,75,75,75,37,37,37,37,37],"card_choices":[{"not_picked":["Power Through","Entrench"],"picked":"Pommel Strike","floor":1},{"not_picked":["Iron Wave","Body Slam"],"picked":"Infernal Blade","floor":2},{"not_picked":["Burning Pact","Sword Boomerang"],"picked":"Spot Weakness","floor":3},{"not_picked":["Pummel","Bloodletting"],"picked":"Ghostly Armor","floor":5},{"not_picked":["Pommel Strike","Warcry"],"picked":"Shrug It Off","floor":6},{"not_picked":["Twin Strike","Sword Boomerang"],"picked":"Whirlwind","floor":11},{"not_picked":["Pommel Strike","Wild Strike"],"picked":"Combust+1","floor":12},{"not_picked":["Body Slam","Iron Wave"],"picked":"Impervious","floor":14},{"not_picked":["Fiend Fire","Feed"],"picked":"Reaper","floor":16},{"not_picked":["Iron Wave","Anger"],"picked":"Power Through","floor":18},{"not_picked":["Sword Boomerang","Heavy Blade"],"picked":"Metallicize+1","floor":21},{"not_picked":["Metallicize+1","Searing Blow"],"picked":"Shrug It Off+1","floor":24}],"player_experience":211789,"relics_obtained":[{"floor":6,"key":"Whetstone"},{"floor":9,"key":"Frozen Egg 2"},{"floor":14,"key":"Matryoshka"},{"floor":22,"key":"Enchiridion"},{"floor":24,"key":"Kunai"},{"floor":26,"key":"Bottled Tornado"},{"floor":26,"key":"Ornamental Fan"}],"event_choices":[{"damage_healed":0,"gold_gain":0,"player_choice":"Rummage","damage_taken":0,"relics_obtained":["WarpedTongs"],"max_hp_gain":0,"max_hp_loss":0,"event_name":"Accursed Blacksmith","floor":4,"gold_loss":0,"cards_obtained":["Pain"]},{"cards_removed":["Strike_R"],"damage_healed":0,"gold_gain":0,"player_choice":"Purged","damage_taken":0,"max_hp_gain":0,"max_hp_loss":0,"event_name":"Purifier","floor":8,"gold_loss":0},{"damage_healed":0,"gold_gain":0,"player_choice":"Got Potions","damage_taken":0,"max_hp_gain":0,"max_hp_loss":0,"event_name":"Lab","floor":19,"gold_loss":0},{"damage_healed":0,"gold_gain":0,"player_choice":"Obtained Book","damage_taken":21,"max_hp_gain":0,"max_hp_loss":0,"event_name":"Cursed Tome","floor":22,"gold_loss":0},{"damage_healed":0,"gold_gain":0,"player_choice":"Became a Ghost","damage_taken":0,"max_hp_gain":0,"max_hp_loss":38,"event_name":"Ghosts","floor":25,"gold_loss":0,"cards_obtained":["Ghostly","Ghostly","Ghostly"]}],"is_beta":false,"boss_relics":[{"not_picked":["Ectoplasm","Eternal Feather"],"picked":"Mark of Pain"}],"items_purged_floors":[27],"is_endless":false,"potions_floor_spawned":[2,3,6,12,14,18],"killed_by":"Snake Plant","ascension_level":15}