{"gold_per_floor":[215,225,235,235,246,273,273,300,336,348,390,203,214,242,242,345,345,356,370,388,463,50,50,85,99,99,117,127,127,161,172,172,269,269,280,293,303,178,278,311,311,345,345,345,379,379,414,23,23,23,23,23,23,54,54],"floor_reached":55,"playtime":4064,"items_purged":["Strike_R","Strike_R","Strike_R","Strike_R"],"score":1179,"play_id":"1d1b951a-d3ea-4b19-b915-593769208834","local_time":"20190321025432","is_ascension_mode":true,"campfire_choices":[{"floor":7,"key":"REST"},{"floor":15,"key":"REST"},{"floor":23,"key":"REST"},{"data":"Armaments","floor":29,"key":"SMITH"},{"floor":32,"key":"REST"},{"floor":41,"key":"REST"},{"floor":44,"key":"REST"},{"floor":46,"key":"REST"},{"floor":49,"key":"RECALL"},{"floor":52,"key":"REST"}],"neow_cost":"NONE","seed_source_timestamp":172249055374295,"circlet_count":0,"master_deck":["Strike_R","Defend_R","Defend_R","Defend_R","Defend_R+1","Bash","Metallicize","Body Slam","Wild Strike","Pommel Strike","Demon Form","Sword Boomerang","Thunderclap","Fiend Fire","Power Through","Shrug It Off","True Grit","Armaments+1","Metallicize","Battle Trance","Finesse+1","Body Slam","Double Tap","Metallicize+1","Battle Trance","Disarm","Body Slam+1","Havoc+1"],"relics":["Burning Blood","Sundial","MawBank","Happy Flower","Vajra","Ginger","Velvet Choker","Anchor","Centennial Puzzle","Magic Flower","Fusion Hammer","WingedGreaves","Juzu Bracelet","PreservedInsect","War Paint","Incense Burner","Frozen Egg 2","Lee\u0027s Waffle","Art of War"],"potions_floor_usage":[8,11,14,16,24,30,33,37,40,42,50,54,54,55],"damage_taken":[{"damage":4,"enemies":"Jaw Worm","floor":1,"turns":5},{"damage":0,"enemies":"2 Louse","floor":2,"turns":3},{"damage":8,"enemies":"Cultist","floor":3,"turns":6},{"damage":30,"enemies":"Exordium Wildlife","floor":5,"turns":7},{"damage":38,"enemies":"3 Sentries","floor":6,"turns":10},{"damage":20,"enemies":"Lagavulin","floor":8,"turns":7},{"damage":16,"enemies":"3 Sentries","floor":11,"turns":6},{"damage":13,"enemies":"Lots of Slimes","floor":13,"turns":4},{"damage":21,"enemies":"Lagavulin","floor":14,"turns":7},{"damage":0,"enemies":"Slime Boss","floor":16,"turns":5},{"damage":9,"enemies":"Shell Parasite","floor":18,"turns":5},{"damage":14,"enemies":"2 Thieves","floor":19,"turns":5},{"damage":35,"enemies":"Snake Plant","floor":20,"turns":6},{"damage":20,"enemies":"Book of Stabbing","floor":24,"turns":4},{"damage":8,"enemies":"Sentry and Sphere","floor":25,"turns":5},{"damage":3,"enemies":"Shelled Parasite and Fungi","floor":27,"turns":7},{"damage":6,"enemies":"Cultist and Chosen","floor":28,"turns":8},{"damage":15,"enemies":"Gremlin Leader","floor":30,"turns":6},{"damage":10,"enemies":"Snecko","floor":31,"turns":5},{"damage":55,"enemies":"Automaton","floor":33,"turns":8},{"damage":37,"enemies":"3 Darklings","floor":35,"turns":6},{"damage":0,"enemies":"3 Shapes","floor":36,"turns":4},{"damage":26,"enemies":"Writhing Mass","floor":37,"turns":5},{"damage":0,"enemies":"Mind Bloom Boss Battle","floor":39,"turns":5},{"damage":20,"enemies":"Reptomancer","floor":40,"turns":7},{"damage":65,"enemies":"Nemesis","floor":42,"turns":7},{"damage":28,"enemies":"Reptomancer","floor":45,"turns":8},{"damage":31,"enemies":"Nemesis","floor":47,"turns":7},{"damage":65,"enemies":"Donu and Deca","floor":50,"turns":8},{"damage":32,"enemies":"Shield and Spear","floor":54,"turns":6},{"damage":69,"enemies":"The Heart","floor":55,"turns":8}],"seed_played":"-399753625396927853","potions_obtained":[{"floor":2,"key":"Dexterity Potion"},{"floor":6,"key":"Strength Potion"},{"floor":11,"key":"SteroidPotion"},{"floor":14,"key":"Swift Potion"},{"floor":28,"key":"BloodPotion"},{"floor":30,"key":"Energy Potion"},{"floor":31,"key":"Regen Potion"},{"floor":33,"key":"Weak Potion"},{"floor":39,"key":"Weak Potion"},{"floor":40,"key":"Regen Potion"},{"floor":47,"key":"Weak Potion"},{"floor":54,"key":"Ancient Potion"}],"is_trial":false,"path_per_floor":["?","?","M","?","M","M","?"],"character_chosen":"IRONCLAD","items_purchased":["Shrug It Off","Regen Potion","Anchor","Battle Trance","Finesse","Lee\u0027s Waffle","PowerPotion"],"campfire_rested":8,"item_purchase_floors":[12,12,22,22,22,48,48],"current_hp_per_floor":[74,80,78,83,59,27,52,38,38,38,28,28,21,21,46,52,77,74,66,37,29,29,54,40,38,38,41,41,41,40,39,64,42,74,46,55,38,38,47,36,61,29,29,54,35,60,38,92,92,36,78,92,92,69,0],"gold":54,"neow_bonus":"HUNDRED_GOLD","is_prod":false,"is_daily":false,"chose_seed":false,"campfire_upgraded":1,"win_rate":0,"timestamp":1553162072,"path_taken":["M","M","M","?","M","E","R","E","T","?","E","$","?","E","R","BOSS","M","M","M","?","$","R","E","M","T","M","M","R","E","?","R","BOSS","M","?","M","$","?","E","R","E","T","R","E","R","E","$","R","BOSS","R","$","E","BOSS"],"build_version":"2019-01-23","purchased_purges":4,"victory":false,"max_hp_per_floor":[80,80,80,85,85,85,85,85,85,85,85,85,85,85,85,85,85,85,85,85,85,85,85,85,85,85,85,85,85,85,85,85,85,85,85,85,85,85,85,85,85,85,85,85,85,85,85,92,92,92,92,92,92,92,92],"card_choices":[{"not_picked":["Thunderclap","Havoc"],"picked":"Metallicize","floor":1},{"not_picked":["Sentinel","Anger"],"picked":"Body Slam","floor":2},{"not_picked":["Twin Strike","Iron Wave"],"picked":"Wild Strike","floor":3},{"not_picked":["Shrug It Off","Flex"],"picked":"Pommel Strike","floor":5},{"not_picked":["Headbutt","Whirlwind"],"picked":"Demon Form","floor":6},{"not_picked":["Perfected Strike","Flex"],"picked":"Sword Boomerang","floor":8},{"not_picked":["Thunderclap","Hemokinesis"],"picked":"Power Through","floor":11},{"not_picked":["Wild Strike","Reckless Charge","Inflame"],"picked":"SKIP","floor":13},{"not_picked":["Sword Boomerang","Brutality","Pommel Strike"],"picked":"SKIP","floor":14},{"not_picked":["Cleave","Clothesline"],"picked":"True Grit","floor":18},{"not_picked":["Pommel Strike","Warcry"],"picked":"Armaments","floor":19},{"not_picked":["True Grit+1","Flex+1"],"picked":"Metallicize","floor":20},{"not_picked":["Wild Strike+1","Perfected Strike","Dual Wield"],"picked":"SKIP","floor":24},{"not_picked":["Anger","Seeing Red","Entrench"],"picked":"SKIP","floor":25},{"not_picked":["Wild Strike","Warcry","Burning Pact"],"picked":"SKIP","floor":27},{"not_picked":["Clothesline","Uppercut"],"picked":"Body Slam","floor":28},{"not_picked":["Brutality","Pommel Strike","Rupture"],"picked":"SKIP","floor":30},{"not_picked":["Twin Strike","Fire Breathing","Heavy Blade"],"picked":"SKIP","floor":31},{"not_picked":["Berserk","Brutality"],"picked":"Double Tap","floor":33},{"not_picked":["Twin Strike","Clash+1","Shockwave"],"picked":"SKIP","floor":35},{"not_picked":["Cleave","Headbutt"],"picked":"Metallicize+1","floor":36},{"not_picked":["Uppercut+1","Rampage"],"picked":"Battle Trance","floor":37},{"not_picked":["Heavy Blade","True Grit"],"picked":"Disarm","floor":39},{"not_picked":["Demon Form","Iron Wave"],"picked":"Body Slam+1","floor":40},{"not_picked":["Pommel Strike","Infernal Blade","Perfected Strike+1"],"picked":"SKIP","floor":42},{"not_picked":["Wild Strike","Dark Embrace","Uppercut+1"],"picked":"SKIP","floor":45},{"not_picked":["Whirlwind","Headbutt","Searing Blow"],"picked":"SKIP","floor":47},{"not_picked":["Wild Strike+1","Bloodletting+1"],"picked":"Havoc+1","floor":54}],"player_experience":87624,"relics_obtained":[{"floor":6,"key":"Sundial"},{"floor":8,"key":"MawBank"},{"floor":9,"key":"Happy Flower"},{"floor":11,"key":"Vajra"},{"floor":14,"key":"Ginger"},{"floor":24,"key":"Centennial Puzzle"},{"floor":30,"key":"Magic Flower"},{"floor":39,"key":"WingedGreaves"},{"floor":40,"key":"Juzu Bracelet"},{"floor":42,"key":"PreservedInsect"},{"floor":43,"key":"War Paint"},{"floor":45,"key":"Incense Burner"},{"floor":47,"key":"Frozen Egg 2"},{"floor":54,"key":"Art of War"}],"event_choices":[{"damage_healed":0,"gold_gain":0,"player_choice":"Donut","damage_taken":0,"max_hp_gain":5,"max_hp_loss":0,"event_name":"Big Fish","floor":4,"gold_loss":0},{"damage_healed":0,"gold_gain":0,"player_choice":"2 cards matched","damage_taken":0,"max_hp_gain":0,"max_hp_loss":0,"event_name":"Match and Keep!","floor":10,"gold_loss":0,"cards_obtained":["Thunderclap","Fiend Fire"]},{"damage_healed":0,"gold_gain":75,"player_choice":"Touch","damage_taken":8,"max_hp_gain":0,"max_hp_loss":0,"event_name":"FaceTrader","floor":21,"gold_loss":0},{"damage_healed":0,"gold_gain":0,"player_choice":"Fight","damage_taken":0,"max_hp_gain":0,"max_hp_loss":0,"event_name":"MindBloom","floor":39,"gold_loss":0}],"is_beta":false,"boss_relics":[{"not_picked":["Sozu","Astrolabe"],"picked":"Velvet Choker"},{"not_picked":["Lizard Tail","Orrery"],"picked":"Fusion Hammer"}],"items_purged_floors":[12,22,38,48],"is_endless":false,"potions_floor_spawned":[2,6,11,14,28,30,31,33,39,40,47,54],"killed_by":"The Heart","ascension_level":7}