{"gold_per_floor":[110,125,138,155,166,197,197,197,197,212,177,177,129,147,147,270,270,294,294,319,25,25],"floor_reached":22,"playtime":769,"items_purged":[],"score":262,"play_id":"97db24b9-62a8-4111-98ab-b4a9a0779554","local_time":"20181110105308","is_ascension_mode":true,"campfire_choices":[{"data":"Heavy Blade","floor":7,"key":"SMITH"},{"floor":12,"key":"REST"},{"data":"Inflame","floor":15,"key":"SMITH"}],"neow_cost":"PERCENT_DAMAGE","seed_source_timestamp":237584122597900,"circlet_count":0,"master_deck":["Strike_R","Strike_R","Strike_R","Strike_R","Strike_R","Defend_R","Defend_R","Defend_R","Defend_R","Bash","Flex","Inflame+1","Clothesline","Heavy Blade+1","Iron Wave","Inflame","Injury","Heavy Blade","Shrug It Off","Sword Boomerang","Fiend Fire","Shockwave"],"relics":["Burning Blood","Mango","Gremlin Horn","Golden Idol","Bottled Flame","Mark of Pain","Unceasing Top"],"potions_floor_usage":[5,16,20],"damage_taken":[{"damage":6,"enemies":"Cultist","floor":1,"turns":3},{"damage":6,"enemies":"2 Louse","floor":2,"turns":2},{"damage":1,"enemies":"Jaw Worm","floor":3,"turns":5},{"damage":10,"enemies":"Exordium Thugs","floor":4,"turns":4},{"damage":16,"enemies":"Exordium Wildlife","floor":5,"turns":6},{"damage":38,"enemies":"Lagavulin","floor":6,"turns":7},{"damage":16,"enemies":"Looter","floor":10,"turns":3},{"damage":9,"enemies":"Blue Slaver","floor":14,"turns":2},{"damage":0,"enemies":"Slime Boss","floor":16,"turns":5},{"damage":38,"enemies":"2 Thieves","floor":18,"turns":4},{"damage":33,"enemies":"Spheric Guardian","floor":20,"turns":4},{"damage":39,"enemies":"Chosen and Byrds","floor":22,"turns":4}],"seed_played":"558997499770528621","potions_obtained":[{"floor":3,"key":"Block Potion"},{"floor":6,"key":"AttackPotion"},{"floor":14,"key":"SpeedPotion"},{"floor":16,"key":"PowerPotion"},{"floor":20,"key":"GamblersBrew"}],"is_trial":false,"path_per_floor":["M","M","M","M","M","E","R","?","T","M","?","R","$","M","R","B",null,"M","?","M","$","M"],"character_chosen":"IRONCLAD","items_purchased":["Shrug It Off","Unceasing Top"],"campfire_rested":1,"item_purchase_floors":[13,21],"current_hp_per_floor":[70,70,75,71,61,29,29,29,29,19,42,70,70,67,67,73,94,62,62,35,35,0],"gold":25,"neow_bonus":"ONE_RARE_RELIC","is_prod":false,"is_daily":false,"chose_seed":false,"campfire_upgraded":2,"win_rate":0,"timestamp":1541865188,"path_taken":["M","M","M","M","M","E","R","?","T","M","?","R","$","M","R","BOSS","M","?","M","?","M"],"build_version":"2018-11-08","purchased_purges":0,"victory":false,"max_hp_per_floor":[94,94,94,94,94,94,94,94,94,94,94,94,94,94,94,94,94,94,94,94,94,94],"card_choices":[{"not_picked":["Clothesline","Second Wind"],"picked":"Flex","floor":1},{"not_picked":["Feel No Pain","Perfected Strike"],"picked":"Inflame","floor":2},{"not_picked":["Thunderclap","Battle Trance"],"picked":"Clothesline","floor":3},{"not_picked":["Searing Blow","Metallicize"],"picked":"Heavy Blade","floor":4},{"not_picked":["Flex","Juggernaut"],"picked":"Iron Wave","floor":5},{"not_picked":["Body Slam","Thunderclap"],"picked":"Inflame","floor":6},{"not_picked":["Anger","Sever Soul"],"picked":"Heavy Blade","floor":10},{"not_picked":["Power Through","Flex"],"picked":"Sword Boomerang","floor":14},{"not_picked":["Impervious","Bludgeon"],"picked":"Fiend Fire","floor":16},{"not_picked":["Cleave+1","Headbutt"],"picked":"Shockwave","floor":18},{"not_picked":["Heavy Blade","Fire Breathing","Bloodletting"],"picked":"SKIP","floor":20}],"player_experience":282772,"relics_obtained":[{"floor":6,"key":"Gremlin Horn"},{"floor":9,"key":"Bottled Flame"}],"event_choices":[{"damage_healed":0,"gold_gain":0,"player_choice":"Take Wound","damage_taken":0,"relics_obtained":["Golden Idol"],"max_hp_gain":0,"max_hp_loss":0,"event_name":"Golden Idol","floor":8,"gold_loss":0,"cards_obtained":["Injury"]},{"damage_healed":23,"gold_gain":0,"player_choice":"Healed","damage_taken":0,"max_hp_gain":0,"max_hp_loss":0,"event_name":"The Cleric","floor":11,"gold_loss":35},{"damage_healed":0,"gold_gain":0,"player_choice":"Bought 0 Potions","damage_taken":0,"max_hp_gain":0,"max_hp_loss":0,"event_name":"The Woman in Blue","floor":19,"gold_loss":0}],"is_beta":true,"boss_relics":[{"not_picked":["Ectoplasm","Astrolabe"],"picked":"Mark of Pain"}],"items_purged_floors":[],"is_endless":false,"potions_floor_spawned":[3,6,14,16,20],"killed_by":"Chosen and Byrds","ascension_level":2}