{"gold_per_floor":[109,33,33,52,66,66,85,85,109,123,143,175,133,163,163,266,266,279,194,194,209,209,209,223,223,277,277,287,303,23,23,23,120,120,135,135,154,254,254,254,280,280,280,314,334,334,334,67,67,67,67,67,67,95,95],"floor_reached":55,"playtime":2007,"items_purged":["Strike_R"],"score":990,"play_id":"3d9fd7ac-dd43-4fc1-81d0-88f38b9e40ea","local_time":"20190226181215","is_ascension_mode":true,"campfire_choices":[{"data":"Spot Weakness","floor":6.0,"key":"SMITH"},{"data":"Bash","floor":8.0,"key":"SMITH"},{"data":"Dual Wield","floor":15.0,"key":"SMITH"},{"floor":23.0,"key":"REST"},{"data":"Metallicize","floor":25.0,"key":"SMITH"},{"data":"Body Slam","floor":27.0,"key":"SMITH"},{"data":"Metallicize","floor":32.0,"key":"SMITH"},{"floor":40.0,"key":"RECALL"},{"data":"Impervious","floor":42,"key":"SMITH"},{"floor":49,"key":"REST"},{"floor":52,"key":"REST"}],"neow_cost":"NONE","seed_source_timestamp":360258319062900,"circlet_count":0,"master_deck":["Defend_R","Defend_R","Defend_R","Defend_R","Bash+1","Barricade+1","Hemokinesis+1","Reaper+1","Thunderclap","Rampage+1","Pommel Strike","Flame Barrier","Metallicize+1","Headbutt","Dual Wield+1","Impervious+1","Ghostly Armor","RitualDagger","Uppercut","Body Slam+1","Metallicize+1","Juggernaut","Evolve"],"special_seed":0,"relics":["Astrolabe","Vajra","PreservedInsect","Red Skull","Sozu","FossilizedHelix","MutagenicStrength","Regal Pillow","PrismaticShard","Philosopher\u0027s Stone","Magic Flower","Art of War","Lantern","Bag of Marbles","Torii"],"potions_floor_usage":[],"damage_taken":[{"damage":3.0,"enemies":"2 Louse","floor":1.0,"turns":6.0},{"damage":10.0,"enemies":"Cultist","floor":4.0,"turns":5.0},{"damage":5.0,"enemies":"Small Slimes","floor":5.0,"turns":3.0},{"damage":36.0,"enemies":"Exordium Wildlife","floor":7.0,"turns":4.0},{"damage":10.0,"enemies":"Blue Slaver","floor":10.0,"turns":2.0},{"damage":12.0,"enemies":"2 Fungi Beasts","floor":11.0,"turns":4.0},{"damage":32.0,"enemies":"3 Sentries","floor":12.0,"turns":5.0},{"damage":18.0,"enemies":"Gremlin Nob","floor":14.0,"turns":3.0},{"damage":30.0,"enemies":"Hexaghost","floor":16.0,"turns":13.0},{"damage":52.0,"enemies":"3 Byrds","floor":18.0,"turns":5.0},{"damage":0.0,"enemies":"2 Thieves","floor":21.0,"turns":4.0},{"damage":0.0,"enemies":"Snake Plant","floor":24.0,"turns":7.0},{"damage":2.0,"enemies":"Snecko","floor":28.0,"turns":3.0},{"damage":0.0,"enemies":"Cultist and Chosen","floor":29.0,"turns":5.0},{"damage":26.0,"enemies":"Automaton","floor":33.0,"turns":11.0},{"damage":15.0,"enemies":"Orb Walker","floor":35.0,"turns":6.0},{"damage":10.0,"enemies":"3 Darklings","floor":37.0,"turns":4.0},{"damage":0.0,"enemies":"Mind Bloom Boss Battle","floor":38.0,"turns":6.0},{"damage":0,"enemies":"Nemesis","floor":41,"turns":3},{"damage":35,"enemies":"Giant Head","floor":44,"turns":8},{"damage":22,"enemies":"Spire Growth","floor":45,"turns":6},{"damage":55,"enemies":"Time Eater","floor":50,"turns":12},{"damage":15,"enemies":"Shield and Spear","floor":54,"turns":6},{"damage":80,"enemies":"The Heart","floor":55,"turns":5}],"seed_played":"-5172473845337731974","potions_obtained":[{"floor":4.0,"key":"BloodPotion"},{"floor":10.0,"key":"LiquidBronze"},{"floor":12.0,"key":"Weak Potion"},{"floor":16.0,"key":"PowerPotion"}],"is_trial":false,"path_per_floor":["M","$","?","M","M","R","M","R","T","M","M","E","?","E","R","B",null,"M","?","?","M","?","R","M","R","T","R","M","M","$","?","R","B",null,"M","?","M","?","?","R","E","R","T","E","M","?","?","$","R","B",null,"R","$","E","B"],"character_chosen":"IRONCLAD","items_purchased":["Rampage","Metallicize","PrismaticShard","Bag of Marbles","Evolve"],"campfire_rested":3,"item_purchase_floors":[2,30,30,48,48],"current_hp_per_floor":[74,74,74,69,76,76,58,58,58,55,56,53,53,44,44,58,75,29,29,23,23,23,47,54,54,54,54,65,65,65,50,50,54,77,69,69,85,85,85,85,85,85,85,53,69,69,69,69,85,44,75,85,85,70,0],"gold":95,"neow_bonus":"BOSS_RELIC","is_prod":false,"is_daily":false,"chose_seed":false,"campfire_upgraded":7,"win_rate":0,"timestamp":1551222735,"path_taken":["M","$","?","?","M","R","M","R","T","M","M","E","?","E","R","BOSS","M","?","?","M","?","R","M","R","T","R","M","?","$","?","R","BOSS","M","?","?","?","?","R","E","R","T","E","M","?","?","$","R","BOSS","R","$","E","BOSS"],"build_version":"2019-01-23","purchased_purges":1,"victory":false,"max_hp_per_floor":[80,80,80,80,80,80,80,80,80,80,80,80,80,80,80,80,80,80,80,80,80,80,80,80,80,80,80,80,80,80,85,85,85,85,85,85,85,85,85,85,85,85,85,85,85,85,85,85,85,85,85,85,85,85,85],"card_choices":[{"not_picked":["Clothesline","Inflame"],"picked":"Thunderclap","floor":1.0},{"not_picked":["Ghostly Armor","Iron Wave"],"picked":"Spot Weakness","floor":4.0},{"not_picked":["Body Slam","Heavy Blade"],"picked":"Pommel Strike","floor":5.0},{"not_picked":["Carnage","Clothesline","Pommel Strike"],"picked":"SKIP","floor":7.0},{"not_picked":["Sword Boomerang","Dropkick"],"picked":"Flame Barrier","floor":10.0},{"not_picked":["True Grit","Thunderclap"],"picked":"Metallicize","floor":11.0},{"not_picked":["Bloodletting","Clash"],"picked":"Headbutt","floor":12.0},{"not_picked":["Havoc","True Grit"],"picked":"Dual Wield","floor":14.0},{"not_picked":["Exhume","Fiend Fire"],"picked":"Impervious","floor":16.0},{"not_picked":["Headbutt","Havoc"],"picked":"Ghostly Armor","floor":18.0},{"not_picked":["Armaments","Blood for Blood"],"picked":"Uppercut","floor":21.0},{"not_picked":["Rampage","Havoc"],"picked":"Body Slam","floor":24.0},{"not_picked":["Headbutt","Armaments","Evolve"],"picked":"SKIP","floor":28.0},{"not_picked":["Cleave","Infernal Blade","Pummel+1"],"picked":"SKIP","floor":29.0},{"not_picked":["Amplify","Offering"],"picked":"Juggernaut","floor":33.0},{"not_picked":["Searing Blow+1","Tempest","Deflect"],"picked":"SKIP","floor":35.0},{"not_picked":["Blur+1","Steam Power","Iron Wave+1"],"picked":"SKIP","floor":37.0},{"not_picked":["Feel No Pain","Terror+1","Die Die Die"],"picked":"SKIP","floor":41},{"not_picked":["Body Slam","Cold Snap","Searing Blow+1"],"picked":"SKIP","floor":44},{"not_picked":["Doom and Gloom","Blind","Bandage Up+1"],"picked":"SKIP","floor":45},{"not_picked":["Sunder+1","Sucker Punch","Rebound+1"],"picked":"SKIP","floor":54}],"player_experience":487018,"relics_obtained":[{"floor":9.0,"key":"Vajra"},{"floor":12.0,"key":"PreservedInsect"},{"floor":14.0,"key":"Red Skull"},{"floor":26.0,"key":"Regal Pillow"},{"floor":38.0,"key":"Magic Flower"},{"floor":41,"key":"Art of War"},{"floor":44,"key":"Lantern"},{"floor":54,"key":"Torii"}],"event_choices":[{"damage_healed":0.0,"max_hp_gain":0.0,"max_hp_loss":0.0,"gold_gain":0.0,"event_name":"Upgrade Shrine","player_choice":"Upgraded","floor":3.0,"gold_loss":0.0,"damage_taken":0.0,"cards_upgraded":["Rampage"]},{"damage_healed":0.0,"max_hp_gain":0.0,"max_hp_loss":0.0,"gold_gain":0.0,"event_name":"World of Goop","player_choice":"Left Gold","floor":13.0,"gold_loss":42.0,"damage_taken":0.0},{"damage_healed":0.0,"max_hp_gain":0.0,"max_hp_loss":0.0,"gold_gain":0.0,"event_name":"Addict","player_choice":"Obtained Relic","floor":19.0,"gold_loss":85.0,"damage_taken":0.0,"relics_obtained":["FossilizedHelix"]},{"damage_healed":0.0,"max_hp_gain":0.0,"max_hp_loss":0.0,"gold_gain":0.0,"event_name":"Nest","player_choice":"Joined the Cult","floor":20.0,"gold_loss":0.0,"damage_taken":6.0,"cards_obtained":["RitualDagger"]},{"damage_healed":0.0,"max_hp_gain":0.0,"max_hp_loss":0.0,"gold_gain":0.0,"event_name":"Drug Dealer","player_choice":"Inject Mutagens","floor":22.0,"gold_loss":0.0,"damage_taken":0.0,"relics_obtained":["MutagenicStrength"]},{"damage_healed":0.0,"max_hp_gain":5.0,"max_hp_loss":0.0,"gold_gain":0.0,"event_name":"Forgotten Altar","player_choice":"Shed Blood","floor":31.0,"gold_loss":0.0,"damage_taken":20.0},{"cards_removed":["Strike_R"],"damage_healed":0.0,"max_hp_gain":0.0,"max_hp_loss":0.0,"gold_gain":0.0,"event_name":"Purifier","player_choice":"Purged","floor":36.0,"gold_loss":0.0,"damage_taken":0.0},{"damage_healed":0.0,"max_hp_gain":0.0,"max_hp_loss":0.0,"gold_gain":0.0,"event_name":"MindBloom","player_choice":"Fight","floor":38.0,"gold_loss":0.0,"damage_taken":0.0},{"damage_healed":0.0,"max_hp_gain":0.0,"max_hp_loss":0.0,"gold_gain":0.0,"event_name":"SensoryStone","player_choice":"Memory 1","floor":39.0,"gold_loss":0.0,"damage_taken":0.0},{"cards_removed":["Spot Weakness"],"damage_healed":0,"gold_gain":0,"player_choice":"Removed Skill","damage_taken":0,"max_hp_gain":0,"max_hp_loss":0,"event_name":"Falling","floor":46,"gold_loss":0},{"damage_healed":0,"gold_gain":0,"player_choice":"Ignored","damage_taken":0,"max_hp_gain":0,"max_hp_loss":0,"event_name":"Tomb of Lord Red Mask","floor":47,"gold_loss":0}],"is_beta":false,"boss_relics":[{"not_picked":["Ectoplasm","Velvet Choker"],"picked":"Sozu"},{"not_picked":["Runic Dome","Coffee Dripper"],"picked":"Philosopher\u0027s Stone"}],"items_purged_floors":[48],"is_endless":false,"potions_floor_spawned":[4,10,12,14,16,21,29,41,44,45,54],"killed_by":"The Heart","ascension_level":7}