{"gold_per_floor":[114,14,114,130,141,141,173,173,173,206,206,156,84,100,100,202,202,214,214,229,229,242,270,270,304,328,358,358,308,21,52,52,153,153,170,0,0],"floor_reached":37,"playtime":2281,"items_purged":[],"score":631,"play_id":"5ae1e4fd-cf4c-405b-891c-6aaacc41b4e9","local_time":"20190226191139","is_ascension_mode":true,"campfire_choices":[{"data":"Uppercut","floor":6.0,"key":"SMITH"},{"data":"Fire Breathing","floor":8.0,"key":"SMITH"},{"floor":11.0,"key":"REST"},{"data":"Armaments","floor":15,"key":"SMITH"},{"floor":24,"key":"REST"},{"data":"Disarm","floor":28,"key":"SMITH"},{"floor":32,"key":"REST"}],"neow_cost":"NONE","seed_source_timestamp":363691347001000,"circlet_count":0,"master_deck":["Strike_R","Strike_R","Strike_R","Strike_R","Strike_R","Defend_R","Defend_R","Defend_R","Defend_R","Anger","Fire Breathing+1","Rage","Armaments+1","Uppercut+1","Shrug It Off","Metallicize+1","Disarm","Fiend Fire","Disarm","Shrug It Off+1","Disarm+1","Corruption","Feel No Pain","Night Terror","Echo Form","Havoc"],"special_seed":0,"relics":["Burning Blood","Pocketwatch","Matryoshka","Meat on the Bone","Sozu","MutagenicStrength","Bottled Tornado","Gremlin Horn","Juzu Bracelet","Bronze Scales","Centennial Puzzle","PrismaticShard","Charon\u0027s Ashes","Fusion Hammer","Red Mask"],"potions_floor_usage":[23,23],"damage_taken":[{"damage":5.0,"enemies":"2 Louse","floor":1.0,"turns":4.0},{"damage":11.0,"enemies":"Cultist","floor":4.0,"turns":5.0},{"damage":8.0,"enemies":"Jaw Worm","floor":5.0,"turns":4.0},{"damage":21.0,"enemies":"Gremlin Nob","floor":7.0,"turns":4.0},{"damage":36.0,"enemies":"3 Sentries","floor":10.0,"turns":9.0},{"damage":11.0,"enemies":"3 Louse","floor":14.0,"turns":3.0},{"damage":36,"enemies":"The Guardian","floor":16,"turns":10},{"damage":23,"enemies":"2 Thieves","floor":18,"turns":5},{"damage":12,"enemies":"Chosen","floor":20,"turns":13},{"damage":18,"enemies":"Centurion and Healer","floor":22,"turns":16},{"damage":47,"enemies":"Slavers","floor":23,"turns":9},{"damage":6,"enemies":"Book of Stabbing","floor":25,"turns":9},{"damage":29,"enemies":"Slavers","floor":27,"turns":8},{"damage":25,"enemies":"Gremlin Leader","floor":31,"turns":8},{"damage":40,"enemies":"Automaton","floor":33,"turns":10},{"damage":29,"enemies":"3 Darklings","floor":35,"turns":6},{"damage":71,"enemies":"2 Orb Walkers","floor":37,"turns":5}],"seed_played":"4619256220586037676","potions_obtained":[{"floor":1.0,"key":"Ancient Potion"},{"floor":5.0,"key":"Fire Potion"},{"floor":7.0,"key":"Poison Potion"}],"is_trial":false,"path_per_floor":["M","$","?","M","M","R","E","R","T","E","R","?","$","M","R","B",null,"M","?","M","?","M","E","R","E","T","E","R","?","$","E","R","B",null,"M","?","?"],"character_chosen":"IRONCLAD","items_purchased":["Rage","Armaments","Metallicize","Feel No Pain","PrismaticShard"],"campfire_rested":3,"item_purchase_floors":[2,2,13,30,30],"current_hp_per_floor":[73,73,73,68,66,66,51,51,51,21,45,45,45,52,52,34,69,52,52,58,58,58,29,53,53,53,42,42,42,42,35,59,37,69,58,58,0],"gold":0,"neow_bonus":"THREE_CARDS","is_prod":false,"is_daily":false,"chose_seed":false,"campfire_upgraded":4,"win_rate":0,"timestamp":1551226299,"path_taken":["M","$","?","?","M","R","E","R","T","E","R","?","?","M","R","BOSS","M","?","?","?","M","E","R","E","T","E","R","?","$","E","R","BOSS","M","?","?"],"build_version":"2019-01-23","purchased_purges":0,"victory":false,"max_hp_per_floor":[80,80,80,80,80,80,80,80,80,80,80,80,80,80,80,80,80,80,80,80,80,80,80,80,80,80,80,80,80,80,80,80,80,80,80,80,80],"card_choices":[{"not_picked":["Shockwave","Clothesline"],"picked":"Anger","floor":0.0},{"not_picked":["Dropkick","Flex"],"picked":"Fire Breathing","floor":1.0},{"not_picked":["Sentinel","Bloodletting","Iron Wave"],"picked":"SKIP","floor":4.0},{"not_picked":["Shrug It Off","Twin Strike"],"picked":"Uppercut","floor":5.0},{"not_picked":["Carnage","Perfected Strike","Wild Strike"],"picked":"SKIP","floor":7.0},{"not_picked":["Heavy Blade","Uppercut"],"picked":"Shrug It Off","floor":10.0},{"not_picked":["Heavy Blade","Body Slam"],"picked":"Disarm","floor":14.0},{"not_picked":["Barricade","Feed"],"picked":"Fiend Fire","floor":16},{"not_picked":["Searing Blow+1","Iron Wave"],"picked":"Disarm","floor":18},{"not_picked":["Cleave","Twin Strike"],"picked":"Shrug It Off+1","floor":20},{"not_picked":["Twin Strike+1","Armaments","Seeing Red"],"picked":"SKIP","floor":22},{"not_picked":["Flex+1","Shrug It Off"],"picked":"Disarm","floor":23},{"not_picked":["Perfected Strike","Pummel+1","Clothesline+1"],"picked":"SKIP","floor":25},{"not_picked":["Flex","Anger"],"picked":"Corruption","floor":27},{"not_picked":["Beam Cell","Bane"],"picked":"Night Terror","floor":31},{"not_picked":["Secret Technique","Fission"],"picked":"Echo Form","floor":33},{"not_picked":["Deflect","Madness"],"picked":"Havoc","floor":35}],"player_experience":489025,"relics_obtained":[{"floor":7.0,"key":"Pocketwatch"},{"floor":9.0,"key":"Matryoshka"},{"floor":10.0,"key":"Meat on the Bone"},{"floor":23,"key":"Bottled Tornado"},{"floor":25,"key":"Gremlin Horn"},{"floor":26,"key":"Juzu Bracelet"},{"floor":26,"key":"Bronze Scales"},{"floor":27,"key":"Centennial Puzzle"},{"floor":31,"key":"Charon\u0027s Ashes"}],"event_choices":[{"damage_healed":0.0,"max_hp_gain":0.0,"max_hp_loss":0.0,"gold_gain":100.0,"event_name":"Golden Shrine","player_choice":"Pray","floor":3.0,"gold_loss":0.0,"damage_taken":0.0},{"cards_removed":["Bash"],"damage_healed":0.0,"max_hp_gain":0.0,"max_hp_loss":0.0,"gold_gain":0.0,"event_name":"The Cleric","player_choice":"Card Removal","floor":12.0,"gold_loss":50.0,"damage_taken":0.0},{"damage_healed":0,"gold_gain":0,"player_choice":"Upgraded","damage_taken":0,"max_hp_gain":0,"max_hp_loss":0,"event_name":"Upgrade Shrine","floor":19,"gold_loss":0,"cards_upgraded":["Metallicize"]},{"damage_healed":0,"gold_gain":0,"player_choice":"Inject Mutagens","damage_taken":0,"relics_obtained":["MutagenicStrength"],"max_hp_gain":0,"max_hp_loss":0,"event_name":"Drug Dealer","floor":21,"gold_loss":0},{"damage_healed":0,"gold_gain":0,"player_choice":"Bet on Murderer","damage_taken":0,"max_hp_gain":0,"max_hp_loss":0,"event_name":"The Joust","floor":29,"gold_loss":50},{"damage_healed":0,"gold_gain":0,"player_choice":"Paid","damage_taken":0,"relics_obtained":["Red Mask"],"max_hp_gain":0,"max_hp_loss":0,"event_name":"Tomb of Lord Red Mask","floor":36,"gold_loss":170},{"damage_healed":0,"gold_gain":0,"player_choice":"Fight","damage_taken":0,"max_hp_gain":0,"max_hp_loss":0,"event_name":"Mysterious Sphere","floor":37,"gold_loss":0}],"is_beta":false,"boss_relics":[{"not_picked":["Runic Cube","Busted Crown"],"picked":"Sozu"},{"not_picked":["Black Blood","White Beast Statue"],"picked":"Fusion Hammer"}],"items_purged_floors":[],"is_endless":false,"potions_floor_spawned":[1,5,7,20,31,33],"killed_by":"2 Orb Walkers","ascension_level":8}