{"gold_per_floor":[115,115,138,138,138,138,202,202,202,216,234,253,253,253,253,384,384,397,410,31,31,31,31,55,89,89,107,132,156,156,156],"floor_reached":31,"playtime":831,"items_purged":[],"score":336,"play_id":"288b61e9-7318-4f64-be23-7a79cd10c4fb","local_time":"20190206184853","is_ascension_mode":true,"campfire_choices":[{"data":"Inflame","floor":6.0,"key":"SMITH"},{"data":"Cleave","floor":8.0,"key":"SMITH"},{"data":"Armaments","floor":13.0,"key":"SMITH"},{"data":"Double Tap","floor":15.0,"key":"SMITH"},{"data":"Juggernaut","floor":23.0,"key":"SMITH"},{"floor":30,"key":"REST"}],"neow_cost":"NONE","seed_source_timestamp":29497275212200,"circlet_count":0,"master_deck":["Strike_R","Strike_R","Strike_R","Defend_R","Defend_R","Defend_R","Defend_R","Bash","Pommel Strike","Inflame+1","Cleave+1","Intimidate","Double Tap+1","Armaments+1","Juggernaut+1","Pommel Strike","Apotheosis+1","Anger+1","Anger+1","Fire Breathing"],"special_seed":0,"relics":["Burning Blood","NeowsBlessing","Golden Idol","Tiny Chest","The Courier","Bag of Preparation","Busted Crown","Molten Egg 2","Happy Flower","Champion Belt","Pear"],"potions_floor_usage":[],"damage_taken":[{"damage":0.0,"enemies":"Jaw Worm","floor":1.0,"turns":1.0},{"damage":0.0,"enemies":"2 Louse","floor":3.0,"turns":1.0},{"damage":0.0,"enemies":"Gremlin Nob","floor":7.0,"turns":1.0},{"damage":0.0,"enemies":"Small Slimes","floor":10.0,"turns":2.0},{"damage":0.0,"enemies":"2 Fungi Beasts","floor":11.0,"turns":2.0},{"damage":16.0,"enemies":"Blue Slaver","floor":12.0,"turns":3.0},{"damage":52.0,"enemies":"Hexaghost","floor":16.0,"turns":9.0},{"damage":22.0,"enemies":"2 Thieves","floor":18.0,"turns":3.0},{"damage":0.0,"enemies":"Chosen","floor":19.0,"turns":5.0},{"damage":34.0,"enemies":"Book of Stabbing","floor":25.0,"turns":4.0},{"damage":9.0,"enemies":"Snake Plant","floor":27.0,"turns":4.0},{"damage":8.0,"enemies":"Centurion and Healer","floor":28.0,"turns":3.0},{"damage":34,"enemies":"Shelled Parasite and Fungi","floor":29,"turns":4},{"damage":52,"enemies":"Gremlin Leader","floor":31,"turns":4}],"seed_played":"5752446098676194080","potions_obtained":[{"floor":1.0,"key":"Explosive Potion"},{"floor":10.0,"key":"Fire Potion"},{"floor":11.0,"key":"Energy Potion"},{"floor":19.0,"key":"GamblersBrew"},{"floor":27.0,"key":"Strength Potion"}],"is_trial":false,"path_per_floor":["M","?","M","?","?","R","E","R","T","M","M","M","R","?","R","B",null,"M","M","$","?","$","R","T","E","T","M","M","M","R","E"],"character_chosen":"IRONCLAD","items_purchased":["Molten Egg 2","Apotheosis","Anger+1"],"campfire_rested":1,"item_purchase_floors":[20,20,20],"current_hp_per_floor":[80,60,66,59,59,59,65,65,65,71,77,67,67,60,60,14,80,64,70,70,70,70,70,70,42,52,49,47,19,46,0],"gold":156,"neow_bonus":"THREE_ENEMY_KILL","is_prod":false,"is_daily":false,"chose_seed":false,"campfire_upgraded":5,"win_rate":0,"timestamp":1549496933,"path_taken":["M","?","M","?","?","R","E","R","T","M","M","?","R","?","R","BOSS","M","M","$","?","?","R","?","E","T","?","M","M","R","E"],"build_version":"2019-01-23","purchased_purges":0,"victory":false,"max_hp_per_floor":[80,80,80,80,80,80,80,80,80,80,80,80,80,80,80,80,80,80,80,80,80,80,80,80,80,90,90,90,90,90,90],"card_choices":[{"not_picked":["Second Wind","Iron Wave"],"picked":"Pommel Strike","floor":1.0},{"not_picked":["Heavy Blade","True Grit"],"picked":"Inflame","floor":3.0},{"not_picked":["Ghostly Armor","Barricade"],"picked":"Cleave","floor":7.0},{"not_picked":["True Grit","Havoc"],"picked":"Intimidate","floor":10.0},{"not_picked":["Sword Boomerang","True Grit"],"picked":"Double Tap","floor":11.0},{"not_picked":["Flex","Wild Strike"],"picked":"Armaments","floor":12.0},{"not_picked":["Brutality","Fiend Fire"],"picked":"Juggernaut","floor":16.0},{"not_picked":["Second Wind"],"picked":"SKIP","floor":18.0},{"not_picked":[],"picked":"Pommel Strike","floor":19.0},{"not_picked":[],"picked":"Anger+1","floor":25.0},{"not_picked":["Wild Strike+1"],"picked":"SKIP","floor":27.0},{"not_picked":["Carnage+1"],"picked":"SKIP","floor":28.0},{"not_picked":[],"picked":"Fire Breathing","floor":29}],"player_experience":389042,"relics_obtained":[{"floor":7.0,"key":"Tiny Chest"},{"floor":9.0,"key":"The Courier"},{"floor":24.0,"key":"Happy Flower"},{"floor":25.0,"key":"Champion Belt"},{"floor":26.0,"key":"Pear"}],"event_choices":[{"damage_healed":0.0,"max_hp_gain":0.0,"max_hp_loss":0.0,"gold_gain":0.0,"event_name":"Golden Idol","player_choice":"Take Damage","floor":2.0,"gold_loss":0.0,"damage_taken":20.0,"relics_obtained":["Golden Idol"]},{"cards_removed":["Strike_R"],"damage_healed":0.0,"max_hp_gain":0.0,"max_hp_loss":0.0,"gold_gain":0.0,"event_name":"Golden Wing","player_choice":"Card Removal","floor":4.0,"gold_loss":0.0,"damage_taken":7.0},{"cards_removed":["Strike_R"],"damage_healed":0.0,"max_hp_gain":0.0,"max_hp_loss":0.0,"gold_gain":0.0,"event_name":"Bonfire Elementals","player_choice":"Offered Basic","floor":5.0,"gold_loss":0.0,"damage_taken":0.0},{"damage_healed":0.0,"max_hp_gain":0.0,"max_hp_loss":0.0,"gold_gain":0.0,"event_name":"Scrap Ooze","player_choice":"Success","floor":14.0,"gold_loss":0.0,"damage_taken":7.0,"relics_obtained":["Bag of Preparation"]},{"damage_healed":0.0,"max_hp_gain":0.0,"max_hp_loss":0.0,"gold_gain":0.0,"event_name":"Upgrade Shrine","player_choice":"Upgraded","floor":21.0,"gold_loss":0.0,"damage_taken":0.0,"cards_upgraded":["Apotheosis"]}],"is_beta":false,"boss_relics":[{"not_picked":["Runic Cube","Coffee Dripper"],"picked":"Busted Crown"}],"items_purged_floors":[],"is_endless":false,"potions_floor_spawned":[1,10,11,19,27],"killed_by":"Gremlin Leader","ascension_level":4}