{"gold_per_floor":[116,127,144,169,189,189,218,493,493,493,30,60,60,86,86,86],"floor_reached":16,"playtime":477,"items_purged":["Regret"],"score":142,"play_id":"8ca016a9-2e3c-48a4-b26c-3b332cb7d841","local_time":"20190205223019","is_ascension_mode":true,"campfire_choices":[{"data":"Rupture","floor":6,"key":"SMITH"},{"floor":10,"key":"REST"},{"floor":13,"key":"REST"},{"floor":15,"key":"REST"}],"neow_cost":"NONE","seed_source_timestamp":16979599954800,"circlet_count":0,"master_deck":["Strike_R","Strike_R","Strike_R+1","Strike_R+1","Strike_R","Defend_R","Defend_R","Defend_R","Defend_R","Bash","Cleave","Combust","Rupture+1","Shrug It Off","Limit Break","Rampage","Fire Breathing","Inflame"],"relics":["Burning Blood","NeowsBlessing","Smiling Mask","Art of War","Kunai","HandDrill","WingedGreaves","Whetstone"],"potions_floor_usage":[7,12,12,14],"damage_taken":[{"damage":0,"enemies":"Cultist","floor":1,"turns":1},{"damage":0,"enemies":"Jaw Worm","floor":2,"turns":1},{"damage":0,"enemies":"2 Louse","floor":3,"turns":1},{"damage":23,"enemies":"Blue Slaver","floor":5,"turns":5},{"damage":40,"enemies":"Lagavulin","floor":7,"turns":6},{"damage":23,"enemies":"3 Sentries","floor":12,"turns":6},{"damage":55,"enemies":"Lagavulin","floor":14,"turns":7},{"damage":41,"enemies":"The Guardian","floor":16,"turns":5}],"seed_played":"3590824485093029727","potions_obtained":[{"floor":2,"key":"Energy Potion"},{"floor":3,"key":"Swift Potion"},{"floor":7,"key":"EssenceOfSteel"},{"floor":12,"key":"FearPotion"}],"is_trial":false,"path_per_floor":["M","M","M","T","M","R","E","?","T","R","$","E","R","E","R","B"],"character_chosen":"IRONCLAD","items_purchased":["Limit Break","Rampage","HandDrill"],"campfire_rested":3,"item_purchase_floors":[11,11,11],"current_hp_per_floor":[80,80,80,80,63,63,29,29,29,53,53,36,60,11,35,0],"gold":86,"neow_bonus":"THREE_ENEMY_KILL","is_prod":false,"is_daily":false,"chose_seed":false,"campfire_upgraded":1,"win_rate":0,"timestamp":1549423819,"path_taken":["M","M","M","?","M","R","E","?","T","R","$","E","R","E","R","BOSS"],"build_version":"2019-01-23","purchased_purges":1,"victory":false,"max_hp_per_floor":[80,80,80,80,80,80,80,80,80,80,80,80,80,80,80,80],"card_choices":[{"not_picked":["Thunderclap","Entrench"],"picked":"Cleave","floor":1},{"not_picked":["Havoc","Hemokinesis"],"picked":"Combust","floor":2},{"not_picked":["Reckless Charge","Clothesline"],"picked":"Rupture","floor":3},{"not_picked":["Body Slam","Iron Wave","Wild Strike"],"picked":"SKIP","floor":5},{"not_picked":["Whirlwind","Bludgeon"],"picked":"Shrug It Off","floor":7},{"not_picked":["Whirlwind","Anger"],"picked":"Fire Breathing","floor":12},{"not_picked":["Berserk","Flex"],"picked":"Inflame","floor":14}],"player_experience":377111,"relics_obtained":[{"floor":4,"key":"Smiling Mask"},{"floor":7,"key":"Art of War"},{"floor":9,"key":"Kunai"},{"floor":12,"key":"WingedGreaves"},{"floor":14,"key":"Whetstone"}],"event_choices":[{"damage_healed":0,"gold_gain":275,"player_choice":"Desecrate","damage_taken":0,"max_hp_gain":0,"max_hp_loss":0,"event_name":"Golden Shrine","floor":8,"gold_loss":0,"cards_obtained":["Regret"]}],"is_beta":false,"boss_relics":[],"items_purged_floors":[11],"is_endless":false,"potions_floor_spawned":[2,3,7,12],"killed_by":"The Guardian","ascension_level":4}