{"gold_per_floor":[114,124,124,144,155,166,191,191,243,271,289,301,301,318,318,318],"floor_reached":16,"playtime":822,"items_purged":[],"score":139,"play_id":"b9007e69-6272-46a7-922e-1cb1572ff8ea","local_time":"20190205184447","is_ascension_mode":true,"campfire_choices":[{"data":"Infinite Blades","floor":8.0,"key":"SMITH"},{"floor":13.0,"key":"REST"},{"floor":15,"key":"REST"}],"neow_cost":"NONE","seed_source_timestamp":0,"circlet_count":0,"master_deck":["Defend_G","Defend_G","Defend_G","Defend_G","Defend_G","Strike_G","Strike_G","Strike_G","Strike_G","Strike_G","Survivor","Neutralize","Die Die Die","Skewer","Deflect","Burst","Sucker Punch","Infinite Blades+1","Blade Dance","Prepared","Crippling Poison","Footwork","Deflect"],"special_seed":0,"relics":["Ring of the Snake","Sundial","Ancient Tea Set","Ninja Scroll"],"potions_floor_usage":[],"damage_taken":[{"damage":0.0,"enemies":"2 Louse","floor":1.0,"turns":3.0},{"damage":0.0,"enemies":"Cultist","floor":2.0,"turns":3.0},{"damage":0.0,"enemies":"Small Slimes","floor":4.0,"turns":2.0},{"damage":4.0,"enemies":"Blue Slaver","floor":5.0,"turns":4.0},{"damage":17.0,"enemies":"Exordium Thugs","floor":6.0,"turns":6.0},{"damage":13.0,"enemies":"Gremlin Nob","floor":7.0,"turns":4.0},{"damage":30.0,"enemies":"Lagavulin","floor":10.0,"turns":10.0},{"damage":2.0,"enemies":"2 Fungi Beasts","floor":11.0,"turns":3.0},{"damage":0.0,"enemies":"Blue Slaver","floor":12.0,"turns":2.0},{"damage":6.0,"enemies":"Large Slime","floor":14.0,"turns":5.0},{"damage":48,"enemies":"Slime Boss","floor":16,"turns":8}],"seed_played":"-4230155678580174112","potions_obtained":[{"floor":1.0,"key":"GamblersBrew"},{"floor":3.0,"key":"Fruit Juice"},{"floor":3.0,"key":"Poison Potion"},{"floor":3.0,"key":"FearPotion"},{"floor":6.0,"key":"Block Potion"},{"floor":7.0,"key":"AttackPotion"},{"floor":11.0,"key":"FearPotion"},{"floor":12.0,"key":"GamblersBrew"}],"is_trial":false,"path_per_floor":["M","M","?","M","M","M","E","R","T","E","M","M","R","M","R","B"],"character_chosen":"THE_SILENT","items_purchased":[],"campfire_rested":2,"item_purchase_floors":[],"current_hp_per_floor":[70,70,75,75,71,54,41,41,41,11,9,9,31,25,47,0],"gold":318,"neow_bonus":"ONE_RANDOM_RARE_CARD","is_prod":false,"is_daily":false,"chose_seed":false,"campfire_upgraded":1,"win_rate":0,"timestamp":1549410287,"path_taken":["M","M","?","M","M","M","E","R","T","E","?","M","R","M","R","BOSS"],"build_version":"2019-01-23","purchased_purges":0,"victory":false,"max_hp_per_floor":[70,70,75,75,75,75,75,75,75,75,75,75,75,75,75,75],"card_choices":[{"not_picked":["Quick Slash","Prepared"],"picked":"Skewer","floor":1.0},{"not_picked":["Quick Slash","Tactician"],"picked":"Deflect","floor":2.0},{"not_picked":["Flying Knee","Dagger Spray"],"picked":"Burst","floor":4.0},{"not_picked":["Bane","Poisoned Stab"],"picked":"Sucker Punch","floor":5.0},{"not_picked":["Prepared","Tactician"],"picked":"Infinite Blades","floor":6.0},{"not_picked":["Well Laid Plans","Caltrops"],"picked":"Blade Dance","floor":7.0},{"not_picked":["Outmaneuver","Flying Knee"],"picked":"Prepared","floor":10.0},{"not_picked":["Outmaneuver","Eviscerate"],"picked":"Crippling Poison","floor":11.0},{"not_picked":["PiercingWail","Distraction"],"picked":"Footwork","floor":12.0},{"not_picked":["Dagger Spray","Sucker Punch"],"picked":"Deflect","floor":14.0}],"player_experience":370014,"relics_obtained":[{"floor":7.0,"key":"Sundial"},{"floor":9.0,"key":"Ancient Tea Set"},{"floor":10.0,"key":"Ninja Scroll"}],"event_choices":[{"damage_healed":0.0,"max_hp_gain":0.0,"max_hp_loss":0.0,"gold_gain":0.0,"event_name":"Lab","player_choice":"Got Potions","floor":3.0,"gold_loss":0.0,"damage_taken":0.0}],"is_beta":false,"boss_relics":[],"items_purged_floors":[],"is_endless":false,"potions_floor_spawned":[1,6,7,11,12],"killed_by":"Slime Boss","ascension_level":4}