{"gold_per_floor":[368,368,388,388,398,398,363,398,398,398,398,398,398],"floor_reached":13,"playtime":280,"items_purged":[],"score":162,"play_id":"60030aab-2b6a-44ec-a910-58fd803f97b4","local_time":"20190420160511","is_ascension_mode":true,"campfire_choices":[{"data":"Poisoned Stab","floor":6,"key":"SMITH"},{"floor":11,"key":"REST"}],"neow_cost":"TEN_PERCENT_HP_LOSS","seed_source_timestamp":189307032590847,"circlet_count":0,"master_deck":["AscendersBane","Defend_G","Defend_G","Defend_G","Defend_G","Defend_G","Strike_G","Strike_G","Strike_G","Strike_G","Survivor","Neutralize","Poisoned Stab+1","Bane"],"relics":["Ring of the Snake","Tough Bandages","Calipers","Meat on the Bone"],"potions_floor_usage":[13],"damage_taken":[{"damage":0,"enemies":"Small Slimes","floor":1,"turns":3},{"damage":0,"enemies":"2 Louse","floor":3,"turns":5},{"damage":10,"enemies":"Cultist","floor":5,"turns":6},{"damage":54,"enemies":"Gremlin Nob","floor":8,"turns":6},{"damage":30,"enemies":"3 Sentries","floor":13,"turns":5}],"seed_played":"-2717742325210878541","potions_obtained":[{"floor":1,"key":"Explosive Potion"}],"is_trial":false,"path_per_floor":["?","?","?","?","T"],"character_chosen":"THE_SILENT","items_purchased":[],"campfire_rested":1,"item_purchase_floors":[],"current_hp_per_floor":[59,64,64,57,47,47,63,9,9,9,28,28,0],"gold":398,"neow_bonus":"TWO_FIFTY_GOLD","is_prod":false,"is_daily":false,"chose_seed":false,"campfire_upgraded":1,"win_rate":0,"timestamp":1555765511,"path_taken":["M","?","M","?","M","R","?","E","T","?","R","?","E"],"build_version":"2019-01-23","purchased_purges":0,"victory":false,"max_hp_per_floor":[60,65,65,65,65,65,65,65,65,65,65,65,65],"card_choices":[{"not_picked":["Prepared","Riddle With Holes","Slice"],"picked":"SKIP","floor":1},{"not_picked":["All Out Attack","Reflex","Slice"],"picked":"SKIP","floor":3},{"not_picked":["Backflip","Cloak And Dagger"],"picked":"Poisoned Stab","floor":5},{"not_picked":["Prepared","Deflect"],"picked":"Bane","floor":8}],"player_experience":1764256,"relics_obtained":[{"floor":8,"key":"Tough Bandages"},{"floor":9,"key":"Calipers"},{"floor":12,"key":"Meat on the Bone"}],"event_choices":[{"damage_healed":0,"gold_gain":0,"player_choice":"Donut","damage_taken":0,"max_hp_gain":5,"max_hp_loss":0,"event_name":"Big Fish","floor":2,"gold_loss":0},{"cards_removed":["Strike_G"],"damage_healed":0,"gold_gain":0,"player_choice":"Card Removal","damage_taken":7,"max_hp_gain":0,"max_hp_loss":0,"event_name":"Golden Wing","floor":4,"gold_loss":0},{"damage_healed":16,"gold_gain":0,"player_choice":"Healed","damage_taken":0,"max_hp_gain":0,"max_hp_loss":0,"event_name":"The Cleric","floor":7,"gold_loss":35},{"damage_healed":0,"gold_gain":0,"player_choice":"Fled","damage_taken":0,"max_hp_gain":0,"max_hp_loss":0,"event_name":"Scrap Ooze","floor":10,"gold_loss":0}],"is_beta":false,"boss_relics":[],"items_purged_floors":[],"is_endless":false,"potions_floor_spawned":[1],"killed_by":"3 Sentries","ascension_level":20}