{"path_per_floor":["M","M","?","M","M","R","M","R","T","R","?","M","M","M","R","B",null,"M","M","M","M","M"],"character_chosen":"DEFECT","items_purchased":[],"gold_per_floor":[114,131,131,150,164,164,174,174,174,174,238,252,270,287,287,390,390,409,375,394,406,425,425],"floor_reached":23,"campfire_rested":1,"playtime":1733,"current_hp_per_floor":[69,69,62,66,51,51,43,43,43,43,28,19,19,15,37,21,75,72,50,42,33,10,0],"items_purged":[],"gold":425,"score":191,"play_id":"d4c9e991-87a6-4e7d-9206-4c29958b78ae","local_time":"20180502170446","is_prod":false,"is_daily":false,"chose_seed":false,"is_ascension_mode":false,"campfire_upgraded":3,"timestamp":1525295086,"path_taken":["M","M","?","M","M","R","M","R","T","R","?","M","M","M","R","BOSS","M","M","M","?","M","E"],"build_version":"2018-05-01v2","seed_source_timestamp":280287088849298,"purchased_purges":0,"victory":false,"master_deck":["Strike_B","Strike_B","Defend_B","Defend_B","Defend_B+1","Defend_B","Zap+1","Dualcast+1","Echo Form+1","Cold Snap","Heatsinks","Coolheaded","Blaster+1","Leap","Storm","Fission","Capacitor","Buffer","Blaster+1","Barrage"],"max_hp_per_floor":[75,75,75,75,75,75,75,75,75,75,75,75,75,75,75,75,75,75,75,75,75,75,75],"relics":["Cracked Core","Toolbox","War Paint","Nuclear Battery"],"card_choices":[{"not_picked":["Loop","Axe Kick"],"picked":"Cold Snap","floor":1},{"not_picked":["Undo","Recycle"],"picked":"Heatsinks","floor":2},{"not_picked":["Streamline","Turbo"],"picked":"Coolheaded","floor":5},{"not_picked":["Steam Power","Sunder"],"picked":"Blaster","floor":7},{"not_picked":["Skim","Turbo"],"picked":"Leap","floor":12},{"not_picked":["Beam Cell","Tempest"],"picked":"Storm","floor":13},{"not_picked":["Redo","Rainbow"],"picked":"Fission","floor":16},{"not_picked":["Coolheaded","Axe Kick"],"picked":"Capacitor","floor":18},{"not_picked":["Ball Lightning","Axe Kick"],"picked":"Buffer","floor":20},{"not_picked":["Flux Capacitor","Streamline"],"picked":"Blaster","floor":21},{"not_picked":["Coolheaded","Auto Shields"],"picked":"Barrage","floor":22}],"player_experience":187294,"potions_floor_usage":[4,7,16,16,16,20,23,23],"damage_taken":[{"damage":6,"enemies":"2 Louse","floor":1,"turns":4},{"damage":0,"enemies":"Small Slimes","floor":2,"turns":4},{"damage":11,"enemies":"Jaw Worm","floor":4,"turns":6},{"damage":15,"enemies":"Looter","floor":5,"turns":3},{"damage":17,"enemies":"Large Slime","floor":7,"turns":7},{"damage":15,"enemies":"Lagavulin Event","floor":11,"turns":6},{"damage":9,"enemies":"2 Fungi Beasts","floor":12,"turns":4},{"damage":0,"enemies":"Gremlin Gang","floor":13,"turns":3},{"damage":4,"enemies":"Blue Slaver","floor":14,"turns":3},{"damage":16,"enemies":"The Guardian","floor":16,"turns":7},{"damage":3,"enemies":"Spheric Guardian","floor":18,"turns":8},{"damage":22,"enemies":"2 Thieves","floor":19,"turns":5},{"damage":8,"enemies":"Snake Plant","floor":20,"turns":6},{"damage":9,"enemies":"Centurion and Healer","floor":21,"turns":16},{"damage":23,"enemies":"3 Cultists","floor":22,"turns":5},{"damage":13,"enemies":"Gremlin Leader","floor":23,"turns":3}],"event_choices":[{"event_name":"Golden Wing","player_choice":"Card Removal","floor":3,"damage_taken":0},{"event_name":"Dead Adventurer","player_choice":"Searched \u00272\u0027 times","floor":11,"damage_taken":0}],"boss_relics":[{"not_picked":["Velvet Choker","Runic Pyramid"],"picked":"Nuclear Battery"}],"potions_floor_spawned":[1,4,5,11,12,13,18,20,21],"seed_played":"4464381855191472122","killed_by":"Gremlin Leader","ascension_level":0,"is_trial":false}