{"gold_per_floor":[111,131,141,153,173,173,206,217,217,234,234,17,17,44,44,147,147,160,160,160],"floor_reached":20,"playtime":1506,"items_purged":[],"score":186,"play_id":"71c47267-1af0-4c63-a917-c5593d6f6039","local_time":"20181012182325","is_ascension_mode":false,"campfire_choices":[{"data":"Predator","floor":6,"key":"SMITH"},{"data":"Noxious Fumes","floor":13,"key":"SMITH"},{"data":"Footwork","floor":15,"key":"SMITH"}],"neow_cost":"NONE","seed_source_timestamp":182702435110000,"circlet_count":0,"master_deck":["Survivor","Neutralize","Predator+1","Crippling Poison","Backflip","Backflip","Cloak And Dagger","Noxious Fumes+1","Caltrops","Footwork+1","Burst","PiercingWail","Sucker Punch","Outmaneuver","Backflip","Skewer","Backstab","Poisoned Stab","Finisher","Footwork+1","Caltrops"],"relics":["Ring of the Snake","Bronze Scales","Anchor","Juzu Bracelet","Snake Skull","Darkstone Periapt","Pandora\u0027s Box"],"potions_floor_usage":[4,16,20],"damage_taken":[{"damage":0,"enemies":"Small Slimes","floor":1,"turns":4},{"damage":1,"enemies":"2 Louse","floor":2,"turns":2},{"damage":0,"enemies":"Cultist","floor":3,"turns":3},{"damage":0,"enemies":"Gremlin Gang","floor":4,"turns":4},{"damage":9,"enemies":"Exordium Wildlife","floor":5,"turns":3},{"damage":25,"enemies":"Lagavulin","floor":7,"turns":7},{"damage":6,"enemies":"2 Fungi Beasts","floor":8,"turns":3},{"damage":0,"enemies":"Looter","floor":10,"turns":3},{"damage":13,"enemies":"3 Sentries","floor":14,"turns":4},{"damage":26,"enemies":"Slime Boss","floor":16,"turns":10},{"damage":11,"enemies":"3 Byrds","floor":18,"turns":4},{"damage":20,"enemies":"Colosseum Slavers","floor":20,"turns":4},{"damage":50,"enemies":"Colosseum Nobs","floor":20,"turns":4}],"seed_played":"1702726277913128451","potions_obtained":[{"floor":1,"key":"EssenceOfSteel"},{"floor":8,"key":"Strength Potion"},{"floor":10,"key":"SneckoOil"}],"is_trial":false,"path_per_floor":["M","M","M","M","M","R","E","M","T","M","?","$","R","E","R","B",null,"M","?"],"character_chosen":"THE_SILENT","items_purchased":["Snake Skull","Caltrops"],"campfire_rested":0,"item_purchase_floors":[12,12],"current_hp_per_floor":[70,69,69,69,60,60,35,29,29,29,52,52,52,39,39,13,70,59,59,0],"gold":160,"neow_bonus":"RANDOM_COMMON_RELIC","is_prod":false,"is_daily":false,"chose_seed":false,"campfire_upgraded":3,"win_rate":0.0,"timestamp":1539383005,"path_taken":["M","M","M","M","M","R","E","M","T","M","?","$","R","E","R","BOSS","M","?","?"],"build_version":"2018-10-11","purchased_purges":0,"victory":false,"max_hp_per_floor":[70,70,70,70,70,70,70,70,70,70,70,70,70,70,70,70,70,70,70,70],"card_choices":[{"not_picked":["Quick Slash","Sucker Punch"],"picked":"Predator","floor":1},{"not_picked":["Dodge and Roll","Masterful Stab"],"picked":"Crippling Poison","floor":2},{"not_picked":["Dagger Throw","Predator"],"picked":"Backflip","floor":3},{"not_picked":["Grand Finale","Sucker Punch"],"picked":"Backflip","floor":4},{"not_picked":["Dagger Throw","Heel Hook"],"picked":"Cloak And Dagger","floor":5},{"not_picked":["Deflect","Slice","Setup"],"picked":"SKIP","floor":7},{"not_picked":["Underhanded Strike","Slice"],"picked":"Noxious Fumes","floor":8},{"not_picked":["Blade Dance","Bouncing Flask","Poisoned Stab"],"picked":"SKIP","floor":10},{"not_picked":["Endless Agony","Bane"],"picked":"Footwork","floor":14},{"not_picked":["Phantasmal Killer","Unload"],"picked":"Burst","floor":16},{"not_picked":["Dagger Throw+1","Acrobatics","Underhanded Strike"],"picked":"SKIP","floor":18}],"player_experience":236490,"relics_obtained":[{"floor":7,"key":"Anchor"},{"floor":9,"key":"Juzu Bracelet"},{"floor":14,"key":"Darkstone Periapt"}],"event_choices":[{"event_name":"Big Fish","player_choice":"Banana","floor":11,"damage_taken":0},{"event_name":"Accursed Blacksmith","player_choice":"Forge","floor":19,"damage_taken":0},{"event_name":"Colosseum","player_choice":"Fight","floor":20,"damage_taken":0},{"event_name":"Colosseum","player_choice":"Fought Nobs","floor":20,"damage_taken":0}],"is_beta":true,"boss_relics":[{"not_picked":["WristBlade","Philosopher\u0027s Stone"],"picked":"Pandora\u0027s Box"}],"items_purged_floors":[],"is_endless":false,"potions_floor_spawned":[1,8,10,20],"killed_by":"Colosseum Nobs","ascension_level":0}