{"gold_per_floor":[119,119,134,34,53,87,87,87,87,87,153,228,228,245,245,341,341,357,369,382,382],"floor_reached":21,"playtime":758,"items_purged":[],"score":215,"play_id":"803457c1-2fe3-4e32-b1f1-b6a8423057c6","local_time":"20190209211735","is_ascension_mode":true,"campfire_choices":[{"data":"Die Die Die","floor":7,"key":"SMITH"},{"data":"Neutralize","floor":8,"key":"SMITH"},{"data":"Poisoned Stab","floor":10,"key":"SMITH"},{"floor":15,"key":"REST"}],"neow_cost":"NONE","seed_source_timestamp":24403858574600,"circlet_count":0,"master_deck":["Defend_G","Defend_G","Defend_G","Defend_G","Defend_G","Strike_G","Strike_G","Strike_G","Strike_G","Strike_G","Survivor","Neutralize+1","Dagger Throw+1","Deadly Poison","Deadly Poison","Poisoned Stab+1","PiercingWail","Die Die Die+1","PiercingWail","Burst","Caltrops+1","Bane","Backstab"],"relics":["Ring of the Snake","NeowsBlessing","WingedGreaves","Pocketwatch","CultistMask","Runic Pyramid"],"potions_floor_usage":[6,18],"damage_taken":[{"damage":0,"enemies":"2 Louse","floor":1,"turns":1},{"damage":0,"enemies":"Cultist","floor":3,"turns":1},{"damage":0,"enemies":"Small Slimes","floor":5,"turns":1},{"damage":21,"enemies":"Lagavulin","floor":6,"turns":6},{"damage":0,"enemies":"Gremlin Gang","floor":14,"turns":2},{"damage":27,"enemies":"The Guardian","floor":16,"turns":8},{"damage":0,"enemies":"Chosen","floor":18,"turns":4},{"damage":19,"enemies":"2 Thieves","floor":19,"turns":4},{"damage":42,"enemies":"Shelled Parasite and Fungi","floor":20,"turns":4},{"damage":14,"enemies":"Colosseum Slavers","floor":21,"turns":2}],"seed_played":"8801550920742974173","potions_obtained":[{"floor":3,"key":"Weak Potion"},{"floor":5,"key":"Fire Potion"},{"floor":16,"key":"SmokeBomb"},{"floor":20,"key":"Ancient Potion"}],"is_trial":false,"path_per_floor":["M","?","M","$","M","E","R","R","T","R","?","?","?","M","R","B",null,"M","M","M","?"],"character_chosen":"THE_SILENT","items_purchased":["Deadly Poison","Poisoned Stab"],"campfire_rested":1,"item_purchase_floors":[4,4],"current_hp_per_floor":[70,70,70,70,70,49,49,49,49,49,49,38,38,38,59,32,70,70,51,9,0],"gold":382,"neow_bonus":"THREE_ENEMY_KILL","is_prod":false,"is_daily":false,"chose_seed":false,"campfire_upgraded":3,"win_rate":0,"timestamp":1549765055,"path_taken":["M","?","?","$","M","E","R","R","T","R","?","?","?","?","R","BOSS","M","M","M","?"],"build_version":"2019-01-23","purchased_purges":0,"victory":false,"max_hp_per_floor":[70,70,70,70,70,70,70,70,70,70,70,70,70,70,70,70,70,70,70,70,70],"card_choices":[{"not_picked":["Reflex","Quick Slash"],"picked":"Dagger Throw","floor":1},{"not_picked":["Acrobatics","Caltrops"],"picked":"Deadly Poison","floor":3},{"not_picked":["Dagger Throw","Poisoned Stab"],"picked":"PiercingWail","floor":5},{"not_picked":["Outmaneuver","Flying Knee"],"picked":"Die Die Die","floor":6},{"not_picked":["Quick Slash","Tactician"],"picked":"PiercingWail","floor":14},{"not_picked":["Tools of the Trade","Doppelganger"],"picked":"Burst","floor":16},{"not_picked":["Backflip","Acrobatics"],"picked":"Caltrops+1","floor":18},{"not_picked":["Backflip","Dodge and Roll+1"],"picked":"Bane","floor":19},{"not_picked":["Predator","Storm of Steel"],"picked":"Backstab","floor":20}],"player_experience":436921,"relics_obtained":[{"floor":6,"key":"WingedGreaves"},{"floor":9,"key":"Pocketwatch"}],"event_choices":[{"damage_healed":0,"gold_gain":0,"player_choice":"Upgraded","damage_taken":0,"max_hp_gain":0,"max_hp_loss":0,"event_name":"Upgrade Shrine","floor":2,"gold_loss":0,"cards_upgraded":["Dagger Throw"]},{"damage_healed":0,"gold_gain":66,"player_choice":"Gained Gold","damage_taken":0,"max_hp_gain":0,"max_hp_loss":0,"event_name":"Golden Wing","floor":11,"gold_loss":0},{"damage_healed":0,"gold_gain":75,"player_choice":"Gather Gold","damage_taken":11,"max_hp_gain":0,"max_hp_loss":0,"event_name":"World of Goop","floor":12,"gold_loss":0},{"damage_healed":0,"gold_gain":0,"player_choice":"Trade","damage_taken":0,"relics_obtained":["CultistMask"],"max_hp_gain":0,"max_hp_loss":0,"event_name":"FaceTrader","floor":13,"gold_loss":0},{"damage_healed":0,"gold_gain":0,"player_choice":"Fight","damage_taken":0,"max_hp_gain":0,"max_hp_loss":0,"event_name":"Colosseum","floor":21,"gold_loss":0}],"is_beta":false,"boss_relics":[{"not_picked":["Snecko Eye","Black Star"],"picked":"Runic Pyramid"}],"items_purged_floors":[],"is_endless":false,"potions_floor_spawned":[3,5,16,20],"killed_by":"Colosseum Slavers","ascension_level":4}