{"gold_per_floor":[119,119,48,59,59,94,94,114,114,126,154,174,193,213,213,311,311,322,6,21,21],"floor_reached":21,"playtime":999,"items_purged":[],"score":294,"play_id":"5dad8100-cb64-44c6-8b4e-0bb79f8d9d10","local_time":"20190415174449","is_ascension_mode":true,"campfire_choices":[{"data":"Zap","floor":7,"key":"SMITH"},{"data":"Hologram","floor":15,"key":"SMITH"}],"neow_cost":"NONE","seed_source_timestamp":2388695075223809,"circlet_count":0,"master_deck":["Zap+1","Dualcast","Rebound","Compile Driver","Hologram+1","Self Repair","Scrape","Glacier","Glacier","Blizzard","Echo Form","BootSequence","Machine Learning","Hello World","Core Surge","Chaos","Rebound","Recycle","Hologram","Creative AI","Storm","Defragment","Blizzard+1"],"special_seed":0,"relics":["Cracked Core","NeowsBlessing","Bottled Tornado","Shuriken","Juzu Bracelet","Pandora\u0027s Box","Membership Card","Art of War"],"potions_floor_usage":[16,16,20],"damage_taken":[{"damage":0.0,"enemies":"Jaw Worm","floor":1.0,"turns":1.0},{"damage":0.0,"enemies":"Cultist","floor":4.0,"turns":1.0},{"damage":0,"enemies":"Gremlin Nob","floor":6,"turns":1},{"damage":0,"enemies":"Small Slimes","floor":8,"turns":2},{"damage":54,"enemies":"Exordium Thugs","floor":10,"turns":5},{"damage":21,"enemies":"Lagavulin","floor":11,"turns":9},{"damage":0,"enemies":"Looter","floor":12,"turns":4},{"damage":12,"enemies":"Gremlin Gang","floor":13,"turns":5},{"damage":1,"enemies":"2 Fungi Beasts","floor":14,"turns":4},{"damage":6,"enemies":"Hexaghost","floor":16,"turns":12},{"damage":17,"enemies":"Chosen","floor":18,"turns":8},{"damage":20,"enemies":"2 Thieves","floor":20,"turns":4},{"damage":39,"enemies":"Masked Bandits","floor":21,"turns":3}],"seed_played":"6426178577378773241","potions_obtained":[{"floor":1.0,"key":"Energy Potion"},{"floor":6,"key":"Block Potion"},{"floor":12,"key":"Poison Potion"},{"floor":13,"key":"PowerPotion"},{"floor":18,"key":"Fire Potion"},{"floor":20,"key":"Explosive Potion"}],"is_trial":false,"path_per_floor":["M","?","$","M","$","E","R","M","T","M","E","M","M","M","R","B",null,"M","$","M","?"],"character_chosen":"DEFECT","items_purchased":["Compile Driver","Hologram","Membership Card","Defragment","Art of War"],"campfire_rested":0,"item_purchase_floors":[3,3,19,19,19],"current_hp_per_floor":[68,68,68,68,68,68,68,75,75,28,14,14,9,8,8,9,59,49,49,36,0],"gold":21,"neow_bonus":"THREE_ENEMY_KILL","is_prod":false,"is_daily":false,"chose_seed":false,"campfire_upgraded":2,"win_rate":0,"timestamp":1555375489,"path_taken":["M","?","$","?","?","E","R","M","T","M","E","M","M","M","R","BOSS","M","$","M","?"],"build_version":"2019-01-23","purchased_purges":0,"victory":false,"max_hp_per_floor":[75,75,75,75,75,75,75,75,75,75,75,75,75,75,75,75,75,75,75,75,75],"card_choices":[{"not_picked":["Skim","Turbo"],"picked":"Rebound","floor":1.0},{"not_picked":["Melter","Turbo"],"picked":"Self Repair","floor":4.0},{"not_picked":["Redo","Skim"],"picked":"Scrape","floor":6},{"not_picked":["Beam Cell","Heatsinks"],"picked":"Glacier","floor":8},{"not_picked":["Redo","Rip and Tear"],"picked":"Glacier","floor":10},{"not_picked":["Sweeping Beam","Stack"],"picked":"Blizzard","floor":11},{"not_picked":["Turbo","Rip and Tear"],"picked":"Echo Form","floor":12},{"not_picked":["Streamline","Compile Driver","Leap"],"picked":"SKIP","floor":13},{"not_picked":["Streamline","Cold Snap"],"picked":"BootSequence","floor":14},{"not_picked":["Meteor Strike","Seek"],"picked":"Machine Learning","floor":16},{"not_picked":["Redo","Lockon"],"picked":"Storm","floor":18},{"not_picked":["Redo","Barrage"],"picked":"Blizzard+1","floor":20}],"player_experience":186619,"relics_obtained":[{"floor":6,"key":"Bottled Tornado"},{"floor":9,"key":"Shuriken"},{"floor":11,"key":"Juzu Bracelet"}],"event_choices":[{"cards_removed":["Strike_B"],"damage_healed":0.0,"max_hp_gain":0.0,"max_hp_loss":0.0,"gold_gain":0.0,"event_name":"Purifier","player_choice":"Purged","floor":2.0,"gold_loss":0.0,"damage_taken":0.0},{"damage_healed":0,"gold_gain":0,"player_choice":"Fought Bandits","damage_taken":0,"max_hp_gain":0,"max_hp_loss":0,"event_name":"Masked Bandits","floor":21,"gold_loss":0}],"is_beta":false,"boss_relics":[{"not_picked":["Lizard Tail","Runic Dome"],"picked":"Pandora\u0027s Box"}],"items_purged_floors":[],"is_endless":false,"potions_floor_spawned":[1,6,12,13,18,20],"killed_by":"Masked Bandits","ascension_level":7}