{"path_per_floor":["M","?","?","M","$","R","M","M","T","M","M","R","M","M","R","B",null,"M","?","?","$","M","M","R","M","T","R","M","M","T","?","R","B",null,"M","$","?","M","T","R","?","$","T","M","M","R","$","?","R","B"],"character_chosen":"IRONCLAD","items_purchased":["Bottled Lightning","Enlightenment","Orichalcum"],"gold_per_floor":[119,119,119,132,132,132,150,168,192,216,230,230,255,279,279,407,407,391,391,391,134,148,162,162,187,268,268,282,298,298,298,298,418,418,442,117,0,15,15,15,15,15,42,58,76,76,1,1,1,1],"floor_reached":51,"campfire_rested":2,"playtime":1696,"current_hp_per_floor":[77,61,41,47,47,47,53,59,59,55,51,51,59,67,67,28,84,71,71,71,71,67,22,47,51,51,51,47,44,44,74,74,20,94,90,90,90,84,84,84,72,72,79,86,86,86,86,86,107,57],"items_purged":["Bash"],"gold":1,"score":691,"play_id":"46a15723-4137-49bb-8eca-daa2c3fa6820","local_time":"20180309213414","is_prod":false,"is_daily":false,"is_ascension_mode":false,"campfire_upgraded":7,"timestamp":1520649254,"path_taken":["M","?","?","M","$","R","M","M","T","M","M","R","M","M","R","BOSS","M","?","?","$","M","M","R","M","T","R","M","M","?","?","R","BOSS","M","$","?","M","?","R","?","?","T","?","M","R","$","?","R","BOSS"],"build_version":"2018-03-09","purchased_purges":4,"victory":true,"master_deck":["Strike_R+1","Strike_R+1","Strike_R+1","Strike_R+1","Strike_R+1","Defend_R+1","Defend_R+1","Defend_R+1","Defend_R+1","Spot Weakness+1","Whirlwind+1","Heavy Blade+1","Seeing Red+1","Heavy Blade+1","Limit Break+1","Flex","Flame Barrier+1","Ghostly Armor+1","Enlightenment+1","Madness"],"max_hp_per_floor":[80,80,80,80,80,80,80,80,80,80,80,80,82,84,84,84,84,86,86,86,86,86,86,86,88,88,88,90,92,92,92,92,94,94,94,94,94,96,96,96,96,96,103,105,107,107,107,107,107,107],"relics":["Black Blood","Vajra","Golden Idol","Singing Bowl","Self Forming Clay","Bottled Lightning","Darkstone Periapt","Pen Nib","Runic Pyramid","Orichalcum","Red Mask","Meat on the Bone","Strawberry"],"card_choices":[{"not_picked":["Intimidate","Twin Strike"],"picked":"Spot Weakness"},{"not_picked":["Feel No Pain","Uppercut"],"picked":"Whirlwind"},{"not_picked":["Bloodletting","Clothesline"],"picked":"Heavy Blade"},{"not_picked":["Hemokinesis","Cleave"],"picked":"Seeing Red"},{"not_picked":["Offering","Second Wind"],"picked":"Heavy Blade"},{"not_picked":["Berserk","Reaper"],"picked":"Limit Break"},{"not_picked":["Iron Wave","True Grit"],"picked":"Flex"},{"not_picked":["Wild Strike","Armaments"],"picked":"Flame Barrier"},{"not_picked":["Power Through","Uppercut"],"picked":"Ghostly Armor"}],"player_experience":151115,"potions_floor_usage":[10,13,16,25,33,38,44,50],"damage_taken":[{"damage":9,"enemies":"Jaw Worm","floor":1,"turns":6},{"damage":0,"enemies":"2 Louse","floor":4,"turns":2},{"damage":0,"enemies":"Small Slimes","floor":7,"turns":2},{"damage":0,"enemies":"2 Fungi Beasts","floor":8,"turns":3},{"damage":10,"enemies":"Large Slime","floor":10,"turns":3},{"damage":10,"enemies":"Looter","floor":11,"turns":3},{"damage":0,"enemies":"2 Fungi Beasts","floor":13,"turns":1},{"damage":0,"enemies":"Lots of Slimes","floor":14,"turns":1},{"damage":45,"enemies":"The Guardian","floor":16,"turns":11},{"damage":25,"enemies":"2 Thieves","floor":18,"turns":4},{"damage":14,"enemies":"Shell Parasite","floor":22,"turns":4},{"damage":55,"enemies":"Sentry and Sphere","floor":23,"turns":8},{"damage":20,"enemies":"Centurion and Healer","floor":25,"turns":5},{"damage":16,"enemies":"Cultist and Chosen","floor":28,"turns":5},{"damage":15,"enemies":"Chosen and Byrds","floor":29,"turns":4},{"damage":66,"enemies":"Champ","floor":33,"turns":11},{"damage":14,"enemies":"3 Shapes","floor":35,"turns":4},{"damage":18,"enemies":"3 Darklings","floor":38,"turns":3},{"damage":14,"enemies":"4 Shapes","floor":44,"turns":9},{"damage":12,"enemies":"Sphere and 2 Shapes","floor":45,"turns":6},{"damage":72,"enemies":"Time Eater","floor":50,"turns":10}],"event_choices":[{"event_name":"Shining Light","player_choice":"Entered Light","floor":2,"damage_taken":0},{"event_name":"Golden Idol","player_choice":"Take Damage","floor":3,"damage_taken":0},{"event_name":"The Mausoleum","player_choice":"Yes","floor":19,"damage_taken":0},{"event_name":"Back to Basics","player_choice":"Simplicity","floor":20,"damage_taken":0},{"event_name":"The Library","player_choice":"Heal","floor":31,"damage_taken":0},{"event_name":"Tomb of Lord Red Mask","player_choice":"Paid","floor":37,"damage_taken":0},{"event_name":"Winding Halls","player_choice":"Embrace Madness","floor":41,"damage_taken":0}],"boss_relics":[{"not_picked":["Pandora\u0027s Box","Runic Cube"],"picked":"Black Blood"},{"not_picked":["Orrery","Philosopher\u0027s Stone"],"picked":"Runic Pyramid"}],"potions_floor_spawned":[1,8,10,11,28,33,35,45],"seed_played":"8380176154114984739","ascension_level":0,"is_trial":false}