{"gold_per_floor":[109,119,134,152,163,163,163,177,177,102,120,20,37,53,53,151,151,165,151,151],"floor_reached":20,"playtime":1341,"items_purged":["Strike_B","Zap"],"score":181,"play_id":"0a1de406-a071-458e-a0ae-4cb4fe7be0a0","local_time":"20190129004954","is_ascension_mode":true,"campfire_choices":[{"data":"Coolheaded","floor":6,"key":"SMITH"},{"floor":15,"key":"REST"}],"neow_cost":"TEN_PERCENT_HP_LOSS","seed_source_timestamp":212967887959374,"circlet_count":0,"master_deck":["Strike_B","Strike_B","Strike_B","Defend_B","Defend_B","Defend_B","Defend_B","Dualcast+1","All For One","Gash","Coolheaded+1","Glacier","Conserve Battery","Conserve Battery","Go for the Eyes","Conserve Battery","Machine Learning","Seek","Beam Cell+1","Redo"],"relics":["FrozenCore"],"potions_floor_usage":[8,16],"damage_taken":[{"damage":7,"enemies":"2 Louse","floor":1,"turns":2},{"damage":1,"enemies":"Cultist","floor":2,"turns":3},{"damage":4,"enemies":"Jaw Worm","floor":3,"turns":3},{"damage":4,"enemies":"3 Louse","floor":4,"turns":5},{"damage":13,"enemies":"Large Slime","floor":5,"turns":9},{"damage":10,"enemies":"Gremlin Gang","floor":8,"turns":7},{"damage":0,"enemies":"Exordium Wildlife","floor":11,"turns":3},{"damage":3,"enemies":"Looter","floor":13,"turns":3},{"damage":0,"enemies":"Blue Slaver","floor":14,"turns":3},{"damage":21,"enemies":"Slime Boss","floor":16,"turns":15},{"damage":13,"enemies":"Chosen","floor":18,"turns":9},{"damage":11,"enemies":"2 Thieves","floor":19,"turns":4},{"damage":3,"enemies":"Snake Plant","floor":20,"turns":5}],"seed_played":"4218597842020695162","potions_obtained":[{"floor":3,"key":"PowerPotion"},{"floor":4,"key":"Energy Potion"},{"floor":5,"key":"PowerPotion"},{"floor":8,"key":"Strength Potion"},{"floor":19,"key":"LiquidBronze"}],"is_trial":false,"path_per_floor":["?","M","M","$"],"character_chosen":"DEFECT","items_purchased":[],"campfire_rested":1,"item_purchase_floors":[],"current_hp_per_floor":[61,60,56,52,39,39,39,29,29,29,29,29,26,26,46,25,68,55,44,41],"gold":151,"neow_bonus":"THREE_RARE_CARDS","is_prod":false,"is_daily":false,"chose_seed":false,"campfire_upgraded":1,"win_rate":0,"timestamp":1548751794,"path_taken":["M","M","M","M","M","R","?","?","T","$","?","?","M","M","R","BOSS","M","M","M"],"build_version":"2019-01-23","purchased_purges":2,"victory":false,"max_hp_per_floor":[68,68,68,68,68,68,68,68,68,68,68,68,68,68,68,68,68,68,68,68],"card_choices":[{"not_picked":["Rainbow","Hyperbeam"],"picked":"All For One","floor":0},{"not_picked":["Leap","Rebound"],"picked":"Gash","floor":1},{"not_picked":["Storm","Rip and Tear"],"picked":"Coolheaded","floor":2},{"not_picked":["Redo","Force Field"],"picked":"Glacier","floor":3},{"not_picked":["Recycle","Genetic Algorithm"],"picked":"Conserve Battery","floor":4},{"not_picked":["Turbo","Chill"],"picked":"Conserve Battery","floor":5},{"not_picked":["Redo","Stack","Ball Lightning"],"picked":"SKIP","floor":8},{"not_picked":["Compile Driver","Cold Snap"],"picked":"Go for the Eyes","floor":11},{"not_picked":["Rebound","Coolheaded"],"picked":"Conserve Battery","floor":13},{"not_picked":["Streamline","Go for the Eyes"],"picked":"Machine Learning","floor":14},{"not_picked":["Core Surge","Thunder Strike"],"picked":"Seek","floor":16},{"not_picked":["Ball Lightning","Sunder"],"picked":"Beam Cell+1","floor":18},{"not_picked":["Coolheaded","Cold Snap"],"picked":"Redo","floor":19}],"player_experience":25405,"relics_obtained":[],"event_choices":[{"damage_healed":0,"gold_gain":0,"player_choice":"Upgraded","damage_taken":0,"max_hp_gain":0,"max_hp_loss":0,"event_name":"Upgrade Shrine","floor":7,"gold_loss":0,"cards_upgraded":["Dualcast"]}],"is_beta":false,"boss_relics":[{"not_picked":["Snecko Eye","Inserter"],"picked":"FrozenCore"}],"items_purged_floors":[10,12],"is_endless":false,"potions_floor_spawned":[3,4,5,8,14,19],"killed_by":"Snake Plant","ascension_level":1}