{"gold_per_floor":[110,123,123,138,15,43,43,76,76,251,285,285,298,263,263,362,362,378,394,409,92,106,106,106,106,106,117,132,163,163,181,181,277,277,288,113,113,113,63,82,82,97,122,157,157,173,185,185,185,185],"floor_reached":51,"playtime":6462,"items_purged":["Strike_G","Doubt"],"score":936,"play_id":"841afeaf-4964-44e9-abe1-592dd286fd60","local_time":"20190305201029","is_ascension_mode":true,"campfire_choices":[{"data":"Noxious Fumes","floor":7,"key":"SMITH"},{"data":"Cloak And Dagger","floor":12,"key":"SMITH"},{"data":"1","floor":15,"key":"LIFT"},{"floor":23,"key":"REST"},{"floor":32,"key":"REST"},{"data":"2","floor":41,"key":"LIFT"},{"data":"3","floor":45,"key":"LIFT"},{"floor":49,"key":"REST"}],"neow_cost":"NONE","seed_source_timestamp":58006749924456,"circlet_count":0,"master_deck":["Defend_G+1","Defend_G+1","Defend_G+1","Defend_G+1","Strike_G+1","Strike_G+1","Strike_G+1","Strike_G+1","Survivor+1","Neutralize+1","Finisher+1","Heel Hook+1","Dagger Throw+1","Noxious Fumes+1","Dagger Spray+1","Footwork+1","Adrenaline+1","Cloak And Dagger+1","Backflip+1","Malaise+1","Caltrops+1","Sucker Punch+1","Well Laid Plans+1","Dodge and Roll+1","Escape Plan+1","Backflip+1","Dash+1","Glass Knife+1","Backflip+1","Footwork+1","Backflip+1"],"relics":["Ring of the Serpent","Nunchaku","Girya","Boot","Fusion Hammer","Oddly Smooth Stone","Incense Burner","Letter Opener","Tough Bandages","Nloth\u0027s Gift","Mark of the Bloom","Pen Nib","PreservedInsect"],"potions_floor_usage":[6,6,16,29,33,50],"damage_taken":[{"damage":0,"enemies":"Cultist","floor":1,"turns":4},{"damage":0,"enemies":"2 Louse","floor":2,"turns":3},{"damage":1,"enemies":"Small Slimes","floor":4,"turns":3},{"damage":30,"enemies":"Gremlin Nob","floor":6,"turns":4},{"damage":1,"enemies":"Lagavulin","floor":8,"turns":7},{"damage":0,"enemies":"3 Sentries","floor":11,"turns":7},{"damage":14,"enemies":"3 Louse","floor":13,"turns":2},{"damage":0,"enemies":"Slime Boss","floor":16,"turns":4},{"damage":3,"enemies":"3 Byrds","floor":18,"turns":3},{"damage":8,"enemies":"2 Thieves","floor":19,"turns":4},{"damage":6,"enemies":"Centurion and Healer","floor":20,"turns":6},{"damage":18,"enemies":"Cultist and Chosen","floor":22,"turns":6},{"damage":18,"enemies":"Snecko","floor":27,"turns":4},{"damage":0,"enemies":"Centurion and Healer","floor":28,"turns":7},{"damage":0,"enemies":"Slavers","floor":29,"turns":4},{"damage":0,"enemies":"3 Cultists","floor":31,"turns":4},{"damage":7,"enemies":"Automaton","floor":33,"turns":10},{"damage":0,"enemies":"3 Shapes","floor":35,"turns":5},{"damage":0,"enemies":"3 Darklings","floor":40,"turns":5},{"damage":6,"enemies":"Jaw Worm Horde","floor":42,"turns":3},{"damage":0,"enemies":"Giant Head","floor":44,"turns":8},{"damage":9,"enemies":"Maw","floor":46,"turns":7},{"damage":0,"enemies":"3 Darklings","floor":47,"turns":4},{"damage":4,"enemies":"Time Eater","floor":50,"turns":11}],"seed_played":"-7995041027149066058","potions_obtained":[{"floor":1,"key":"Explosive Potion"},{"floor":2,"key":"Strength Potion"},{"floor":11,"key":"SteroidPotion"},{"floor":16,"key":"LiquidBronze"},{"floor":19,"key":"Fire Potion"},{"floor":20,"key":"Strength Potion"},{"floor":31,"key":"AttackPotion"},{"floor":33,"key":"Swift Potion"},{"floor":46,"key":"Weak Potion"}],"is_trial":false,"path_per_floor":["?","?","?","?","T","M","?","?","?","M","?"],"character_chosen":"THE_SILENT","items_purchased":["Noxious Fumes","Dagger Spray","Well Laid Plans+1","Dodge and Roll","Oddly Smooth Stone","Footwork","SpeedPotion"],"campfire_rested":3,"item_purchase_floors":[5,5,21,21,21,36,39],"current_hp_per_floor":[77,77,77,76,76,46,46,45,45,45,45,45,31,50,50,50,77,74,66,60,60,42,65,51,51,51,33,33,33,33,33,57,50,82,82,82,78,78,78,78,78,72,72,72,72,63,63,63,63,59],"gold":185,"neow_bonus":"TEN_PERCENT_HP_BONUS","is_prod":false,"is_daily":false,"chose_seed":false,"campfire_upgraded":2,"win_rate":0,"timestamp":1551816629,"path_taken":["M","M","?","M","$","E","R","E","T","?","E","R","M","?","R","BOSS","M","M","M","$","M","R","?","?","T","M","?","E","?","M","R","BOSS","M","$","?","?","$","M","R","?","T","E","R","M","M","?","R","BOSS"],"build_version":"2019-01-23","purchased_purges":2,"victory":true,"max_hp_per_floor":[77,77,77,77,77,77,77,77,77,77,77,77,77,77,77,77,77,77,77,77,77,77,77,82,82,82,82,82,82,82,82,82,82,82,82,82,78,78,78,78,78,78,78,78,78,78,78,78,78,78],"card_choices":[{"not_picked":["Concentrate","Underhanded Strike"],"picked":"Finisher","floor":1},{"not_picked":["Quick Slash","Underhanded Strike"],"picked":"Heel Hook","floor":2},{"not_picked":["Poisoned Stab","Blade Dance"],"picked":"Dagger Throw","floor":4},{"not_picked":["Dagger Spray","Adrenaline"],"picked":"Footwork","floor":6},{"not_picked":["Sucker Punch","Skewer"],"picked":"Adrenaline","floor":8},{"not_picked":["Dodge and Roll","Deadly Poison"],"picked":"Cloak And Dagger","floor":11},{"not_picked":["Dagger Spray","Dagger Throw"],"picked":"Backflip","floor":13},{"not_picked":["A Thousand Cuts+1","Tools of the Trade+1"],"picked":"Malaise","floor":16},{"not_picked":["Dagger Spray+1","Footwork+1"],"picked":"Caltrops+1","floor":18},{"not_picked":["Bouncing Flask","Skewer"],"picked":"Sucker Punch","floor":19},{"not_picked":["Deadly Poison","Acrobatics+1","Underhanded Strike"],"picked":"SKIP","floor":20},{"not_picked":["Accuracy+1","Underhanded Strike","Grand Finale"],"picked":"SKIP","floor":22},{"not_picked":["Blade Dance","Dagger Throw"],"picked":"Escape Plan+1","floor":27},{"not_picked":["Sucker Punch","Dagger Spray"],"picked":"Backflip","floor":28},{"not_picked":["Quick Slash","Envenom+1"],"picked":"Dash+1","floor":29},{"not_picked":["Underhanded Strike+1","Poisoned Stab","Distraction"],"picked":"SKIP","floor":31},{"not_picked":["Storm of Steel","Phantasmal Killer"],"picked":"Glass Knife","floor":33},{"not_picked":["Slice","Quick Slash+1"],"picked":"Backflip+1","floor":35},{"not_picked":["All Out Attack","Poisoned Stab+1","Deadly Poison+1"],"picked":"SKIP","floor":40},{"not_picked":["Dash+1","Tactician"],"picked":"Backflip+1","floor":42},{"not_picked":["Backflip+1","Skewer+1","Infinite Blades"],"picked":"SKIP","floor":44},{"not_picked":["Underhanded Strike+1","Crippling Poison","Reflex+1"],"picked":"SKIP","floor":46},{"not_picked":["Crippling Poison+1","Adrenaline","Phantasmal Killer"],"picked":"SKIP","floor":47}],"player_experience":123589,"relics_obtained":[{"floor":6,"key":"Frozen Egg 2"},{"floor":8,"key":"Nunchaku"},{"floor":9,"key":"Girya"},{"floor":11,"key":"Boot"},{"floor":25,"key":"Incense Burner"},{"floor":26,"key":"Letter Opener"},{"floor":29,"key":"Tough Bandages"},{"floor":43,"key":"Pen Nib"},{"floor":44,"key":"PreservedInsect"}],"event_choices":[{"damage_healed":0,"gold_gain":0,"player_choice":"Grow","damage_taken":0,"max_hp_gain":0,"max_hp_loss":0,"event_name":"Living Wall","floor":3,"gold_loss":0,"cards_upgraded":["Neutralize"]},{"damage_healed":0,"gold_gain":175,"player_choice":"AGREE","damage_taken":0,"max_hp_gain":0,"max_hp_loss":0,"event_name":"Liars Game","floor":10,"gold_loss":0,"cards_obtained":["Doubt"]},{"damage_healed":19,"gold_gain":0,"player_choice":"Healed","damage_taken":0,"max_hp_gain":0,"max_hp_loss":0,"event_name":"The Cleric","floor":14,"gold_loss":35},{"damage_healed":0,"gold_gain":0,"player_choice":"Shed Blood","damage_taken":19,"max_hp_gain":5,"max_hp_loss":0,"event_name":"Forgotten Altar","floor":24,"gold_loss":0},{"damage_healed":0,"gold_gain":0,"player_choice":"Traded Relic","damage_taken":0,"relics_obtained":["Nloth\u0027s Gift"],"max_hp_gain":0,"max_hp_loss":0,"event_name":"N\u0027loth","floor":30,"relics_lost":["Frozen Egg 2"],"gold_loss":0},{"damage_healed":0,"gold_gain":0,"player_choice":"Max HP","damage_taken":0,"max_hp_gain":0,"max_hp_loss":4,"event_name":"Winding Halls","floor":37,"gold_loss":0},{"damage_healed":0,"gold_gain":0,"player_choice":"Upgrade","damage_taken":0,"relics_obtained":["Mark of the Bloom"],"max_hp_gain":0,"max_hp_loss":0,"event_name":"MindBloom","floor":38,"gold_loss":0,"cards_upgraded":["Defend_G","Defend_G","Defend_G","Defend_G","Defend_G","Strike_G","Strike_G","Strike_G","Strike_G","Survivor","Finisher","Heel Hook","Dagger Throw","Dagger Spray","Adrenaline","Backflip","Malaise","Sucker Punch","Dodge and Roll","Backflip","Glass Knife","Footwork"]},{"cards_removed":["Defend_G"],"damage_healed":0,"gold_gain":0,"player_choice":"Removed Skill","damage_taken":0,"max_hp_gain":0,"max_hp_loss":0,"event_name":"Falling","floor":48,"gold_loss":0}],"is_beta":false,"boss_relics":[{"not_picked":["Sozu","Snecko Eye"],"picked":"Fusion Hammer"},{"not_picked":["White Beast Statue","Pandora\u0027s Box"],"picked":"Ring of the Serpent"}],"items_purged_floors":[21,36],"is_endless":false,"potions_floor_spawned":[1,2,11,16,19,20,31,33,44,46,47],"ascension_level":3}