{"gold_per_floor":[17,17,36,36,54,54,54,69,118,118,141,141,202,202,202,327,327,352,54,54,54,71,71,71,81,81,107,107,137,137,156,156,256,256,266,279,279,279,293,293,322,11,59,59,59,59,59],"floor_reached":47,"playtime":1535,"items_purged":["Parasite"],"score":671,"play_id":"9b4a4e09-fb58-4457-a6a5-040f2fe27c25","local_time":"20190213203435","is_ascension_mode":true,"campfire_choices":[{"floor":6.0,"key":"REST"},{"data":"Zap","floor":10.0,"key":"SMITH"},{"data":"Thunder Strike","floor":15.0,"key":"SMITH"},{"floor":23.0,"key":"REST"},{"floor":30.0,"key":"REST"},{"floor":32.0,"key":"REST"},{"floor":40,"key":"REST"},{"floor":45,"key":"REST"}],"neow_cost":"NO_GOLD","seed_source_timestamp":4345997995599,"circlet_count":0,"master_deck":["Strike_B","Strike_B","Strike_B","Strike_B+1","Defend_B","Defend_B","Defend_B","Defend_B","Zap+1","Dualcast+1","Thunder Strike+1","Gash","Conserve Battery","Sweeping Beam","Ball Lightning","Core Surge","Gash+1","White Noise","Hologram","Creative AI","Buffer","Static Discharge","Echo Form","Leap+1","Madness","Madness","Mayhem"],"special_seed":0,"relics":["Cracked Core","Bloody Idol","PreservedInsect","Juzu Bracelet","Bag of Marbles","Lizard Tail","Centennial Puzzle","MutagenicStrength","Mummified Hand","Gambling Chip","Blood Vial","Gremlin Horn","Velvet Choker","Omamori","Torii","Anchor"],"potions_floor_usage":[33,33,36,47],"damage_taken":[{"damage":1.0,"enemies":"2 Louse","floor":1.0,"turns":3.0},{"damage":7.0,"enemies":"Small Slimes","floor":3.0,"turns":3.0},{"damage":7.0,"enemies":"Jaw Worm","floor":5.0,"turns":3.0},{"damage":6.0,"enemies":"Large Slime","floor":8.0,"turns":5.0},{"damage":16.0,"enemies":"Exordium Wildlife","floor":11.0,"turns":5.0},{"damage":8.0,"enemies":"Gremlin Nob","floor":13.0,"turns":3.0},{"damage":41.0,"enemies":"Slime Boss","floor":16.0,"turns":8.0},{"damage":20.0,"enemies":"Chosen","floor":18.0,"turns":5.0},{"damage":29.0,"enemies":"2 Thieves","floor":22.0,"turns":3.0},{"damage":3.0,"enemies":"3 Cultists","floor":25.0,"turns":3.0},{"damage":21.0,"enemies":"Slavers","floor":27.0,"turns":3.0},{"damage":24.0,"enemies":"Book of Stabbing","floor":29.0,"turns":5.0},{"damage":16.0,"enemies":"Snake Plant","floor":31.0,"turns":3.0},{"damage":38,"enemies":"Automaton","floor":33,"turns":6},{"damage":6,"enemies":"3 Shapes","floor":35,"turns":4},{"damage":43,"enemies":"3 Darklings","floor":36,"turns":5},{"damage":98,"enemies":"Writhing Mass","floor":39,"turns":6},{"damage":49,"enemies":"Giant Head","floor":41,"turns":6},{"damage":48,"enemies":"Spire Growth","floor":47,"turns":5}],"seed_played":"4844895674942959432","potions_obtained":[{"floor":3.0,"key":"SpeedPotion"},{"floor":5.0,"key":"Block Potion"},{"floor":11.0,"key":"FearPotion"},{"floor":22.0,"key":"Fire Potion"},{"floor":29.0,"key":"Ancient Potion"},{"floor":31.0,"key":"Strength Potion"},{"floor":35,"key":"PowerPotion"},{"floor":36,"key":"Explosive Potion"}],"is_trial":false,"path_per_floor":["M","?","M","?","M","R","?","M","T","R","M","?","?","?","R","B",null,"M","$","?","?","M","R","T","M","T","E","?","E","R","M","R","B",null,"M","M","?","?","M","R","E","$","T","?","R","?","M"],"character_chosen":"DEFECT","items_purchased":["Centennial Puzzle","White Noise","Torii"],"campfire_rested":6,"item_purchase_floors":[19,19,42],"current_hp_per_floor":[67,52,45,27,20,42,39,33,33,33,17,42,34,52,52,11,59,39,39,39,39,20,41,41,43,43,27,27,10,31,22,43,12,57,58,22,13,63,36,54,12,12,17,17,35,35,0],"gold":59,"neow_bonus":"THREE_RARE_CARDS","is_prod":false,"is_daily":false,"chose_seed":false,"campfire_upgraded":2,"win_rate":0,"timestamp":1550108075,"path_taken":["M","?","M","?","M","R","?","M","T","R","M","?","?","?","R","BOSS","M","$","?","?","M","R","?","M","T","E","?","E","R","M","R","BOSS","M","M","?","?","M","R","E","$","T","?","R","?","M"],"build_version":"2019-01-23","purchased_purges":1,"victory":false,"max_hp_per_floor":[75,75,75,75,75,75,75,75,75,75,75,75,75,75,75,75,75,75,72,72,72,72,72,72,72,72,72,72,72,72,72,72,72,72,72,72,72,63,63,63,63,63,63,63,63,63,63],"card_choices":[{"not_picked":["Reboot","Fission"],"picked":"Thunder Strike","floor":0.0},{"not_picked":["Turbo","Stack"],"picked":"Gash","floor":1.0},{"not_picked":["BootSequence","Go for the Eyes"],"picked":"Conserve Battery","floor":3.0},{"not_picked":["Fusion","Blizzard","Rebound"],"picked":"SKIP","floor":5.0},{"not_picked":["Cold Snap","Stack"],"picked":"Sweeping Beam","floor":8.0},{"not_picked":["Barrage","Cold Snap"],"picked":"Ball Lightning","floor":11.0},{"not_picked":["Recycle","Reinforced Body"],"picked":"Tempest","floor":13.0},{"not_picked":["Amplify","Seek"],"picked":"Core Surge","floor":16.0},{"not_picked":["Heatsinks","FTL"],"picked":"Gash+1","floor":18.0},{"not_picked":["Sweeping Beam","Ball Lightning"],"picked":"Hologram","floor":22.0},{"not_picked":["Streamline","Storm","Barrage"],"picked":"SKIP","floor":25.0},{"not_picked":["Sweeping Beam","Heatsinks"],"picked":"Creative AI","floor":27.0},{"not_picked":["White Noise","Barrage","Fusion"],"picked":"SKIP","floor":29.0},{"not_picked":["Turbo","Chaos"],"picked":"Static Discharge","floor":31.0},{"not_picked":["Buffer","Machine Learning"],"picked":"Echo Form","floor":33},{"not_picked":["Chill+1","Streamline+1"],"picked":"Leap+1","floor":35},{"not_picked":["BootSequence","Lockon","Redo+1"],"picked":"SKIP","floor":36},{"not_picked":["Steam+1","Hologram+1","Gash"],"picked":"SKIP","floor":39},{"not_picked":["Gash","Steam","Stack+1"],"picked":"SKIP","floor":41},{"not_picked":["Good Instincts","Magnetism"],"picked":"Mayhem","floor":46}],"player_experience":458576,"relics_obtained":[{"floor":9.0,"key":"Juzu Bracelet"},{"floor":13.0,"key":"Bag of Marbles"},{"floor":24.0,"key":"Mummified Hand"},{"floor":26.0,"key":"Gambling Chip"},{"floor":27.0,"key":"Blood Vial"},{"floor":29.0,"key":"Gremlin Horn"},{"floor":41,"key":"Omamori"},{"floor":43,"key":"Anchor"}],"event_choices":[{"damage_healed":0.0,"max_hp_gain":0.0,"max_hp_loss":0.0,"gold_gain":0.0,"event_name":"Shining Light","player_choice":"Entered Light","floor":2.0,"gold_loss":0.0,"damage_taken":15.0,"cards_upgraded":["Dualcast","Strike_B"]},{"damage_healed":0.0,"max_hp_gain":0.0,"max_hp_loss":0.0,"gold_gain":0.0,"event_name":"Golden Idol","player_choice":"Take Damage","floor":4.0,"gold_loss":0.0,"damage_taken":18.0,"relics_obtained":["Golden Idol"]},{"damage_healed":0.0,"max_hp_gain":0.0,"max_hp_loss":0.0,"gold_gain":0.0,"event_name":"Scrap Ooze","player_choice":"Success","floor":7.0,"gold_loss":0.0,"damage_taken":3.0,"relics_obtained":["PreservedInsect"]},{"damage_healed":25.0,"max_hp_gain":0.0,"max_hp_loss":0.0,"gold_gain":0.0,"event_name":"Big Fish","player_choice":"Banana","floor":12.0,"gold_loss":0.0,"damage_taken":0.0},{"damage_healed":0.0,"max_hp_gain":0.0,"max_hp_loss":0.0,"gold_gain":30.0,"event_name":"Dead Adventurer","player_choice":"Searched \u00273\u0027 times","floor":13.0,"gold_loss":0.0,"damage_taken":0.0},{"damage_healed":18.0,"max_hp_gain":0.0,"max_hp_loss":0.0,"gold_gain":0.0,"event_name":"Mushrooms","player_choice":"Healed and dodged fight","floor":14.0,"gold_loss":0.0,"damage_taken":0.0,"cards_obtained":["Parasite"]},{"damage_healed":0.0,"max_hp_gain":0.0,"max_hp_loss":0.0,"gold_gain":0.0,"event_name":"Forgotten Altar","player_choice":"Gave Idol","floor":20.0,"relics_lost":["Golden Idol"],"gold_loss":0.0,"damage_taken":0.0,"relics_obtained":["Bloody Idol"]},{"damage_healed":0.0,"max_hp_gain":0.0,"max_hp_loss":0.0,"gold_gain":0.0,"event_name":"Drug Dealer","player_choice":"Inject Mutagens","floor":21.0,"gold_loss":0.0,"damage_taken":0.0,"relics_obtained":["MutagenicStrength"]},{"damage_healed":0.0,"max_hp_gain":0.0,"max_hp_loss":0.0,"gold_gain":0.0,"event_name":"Match and Keep!","player_choice":"1 cards matched","floor":28.0,"gold_loss":0.0,"damage_taken":0.0,"cards_obtained":["Buffer"]},{"damage_healed":0,"gold_gain":0,"player_choice":"Embrace Madness","damage_taken":9,"max_hp_gain":0,"max_hp_loss":0,"event_name":"Winding Halls","floor":37,"gold_loss":0,"cards_obtained":["Madness","Madness"]},{"damage_healed":63,"gold_gain":0,"player_choice":"Heal","damage_taken":0,"max_hp_gain":0,"max_hp_loss":9,"event_name":"The Moai Head","floor":38,"gold_loss":0},{"cards_removed":["Tempest"],"damage_healed":0,"gold_gain":0,"player_choice":"Removed Skill","damage_taken":0,"max_hp_gain":0,"max_hp_loss":0,"event_name":"Falling","floor":44,"gold_loss":0},{"damage_healed":0,"gold_gain":0,"player_choice":"Memory 1","damage_taken":0,"max_hp_gain":0,"max_hp_loss":0,"event_name":"SensoryStone","floor":46,"gold_loss":0}],"is_beta":false,"boss_relics":[{"not_picked":["Snecko Eye","Black Star"],"picked":"Lizard Tail"},{"not_picked":["Coffee Dripper","Empty Cage"],"picked":"Velvet Choker"}],"items_purged_floors":[19],"is_endless":false,"potions_floor_spawned":[3,5,11,22,29,31,35,36],"killed_by":"Spire Growth","ascension_level":8}