{"gold_per_floor":[112,112,112,130,43,43,77,93,139,162,183,258,299,319,319,443,443,456,456,470,489,509,509,552,577,577,325,364,383,383,398,398,524,524,544,544,564,564],"floor_reached":38,"playtime":1522,"items_purged":[],"score":460,"play_id":"aea08207-ea93-4a98-af06-86bbdddf5786","local_time":"20181219024110","is_ascension_mode":false,"campfire_choices":[{"data":"Armaments","floor":6,"key":"SMITH"},{"data":"Searing Blow","floor":15,"key":"SMITH"},{"floor":23,"key":"REST"},{"floor":30,"key":"REST"},{"floor":32,"key":"REST"}],"neow_cost":"NONE","seed_source_timestamp":2203148241000,"circlet_count":0,"master_deck":["Strike_R","Strike_R","Strike_R","Strike_R","Defend_R","Defend_R","Defend_R","Defend_R","Bash","Body Slam","Infernal Blade","Inflame","Armaments+1","Flex","Whirlwind","Iron Wave","Spot Weakness","Heavy Blade","Searing Blow+1","Feed","Carnage","Ghostly Armor","Ghostly Armor","Shrug It Off+1","Limit Break"],"relics":["Burning Blood","NeowsBlessing","Golden Idol","Art of War","Anchor","Bag of Marbles","Snecko Eye","Thread and Needle","Peace Pipe","Gremlin Horn","Red Mask","Busted Crown"],"potions_floor_usage":[20,20,22,24,25,33,33,38],"damage_taken":[{"damage":0,"enemies":"2 Louse","floor":1,"turns":1},{"damage":0,"enemies":"Jaw Worm","floor":4,"turns":1},{"damage":0,"enemies":"Gremlin Nob","floor":7,"turns":1},{"damage":0,"enemies":"Cultist","floor":8,"turns":3},{"damage":2,"enemies":"2 Fungi Beasts","floor":10,"turns":2},{"damage":0,"enemies":"Looter","floor":11,"turns":2},{"damage":12,"enemies":"3 Sentries","floor":13,"turns":5},{"damage":13,"enemies":"Lots of Slimes","floor":14,"turns":4},{"damage":27,"enemies":"Slime Boss","floor":16,"turns":6},{"damage":11,"enemies":"3 Byrds","floor":18,"turns":6},{"damage":13,"enemies":"Spheric Guardian","floor":20,"turns":4},{"damage":26,"enemies":"Centurion and Healer","floor":21,"turns":5},{"damage":27,"enemies":"Snake Plant","floor":22,"turns":3},{"damage":29,"enemies":"Book of Stabbing","floor":24,"turns":5},{"damage":0,"enemies":"3 Cultists","floor":25,"turns":4},{"damage":44,"enemies":"Masked Bandits","floor":28,"turns":5},{"damage":7,"enemies":"Chosen and Byrds","floor":29,"turns":6},{"damage":14,"enemies":"Snake Plant","floor":31,"turns":5},{"damage":43,"enemies":"Champ","floor":33,"turns":10},{"damage":14,"enemies":"Orb Walker","floor":35,"turns":3},{"damage":70,"enemies":"3 Shapes","floor":37,"turns":4},{"damage":37,"enemies":"Transient","floor":38,"turns":3}],"seed_played":"2712364709259352300","potions_obtained":[{"floor":4,"key":"Poison Potion"},{"floor":7,"key":"Ancient Potion"},{"floor":13,"key":"Strength Potion"},{"floor":19,"key":"SkillPotion"},{"floor":19,"key":"Fire Potion"},{"floor":21,"key":"EssenceOfSteel"},{"floor":24,"key":"EssenceOfSteel"},{"floor":25,"key":"Block Potion"},{"floor":29,"key":"Regen Potion"},{"floor":31,"key":"Weak Potion"},{"floor":35,"key":"SteroidPotion"}],"is_trial":false,"path_per_floor":["M","?","?","M","$","R","E","M","T","M","M","?","E","M","R","B",null,"M","?","M","M","M","R","E","M","T","$","?","M","R","M","R","B",null,"M","?","M","M"],"character_chosen":"IRONCLAD","items_purchased":["Inflame","Armaments","Gremlin Horn"],"campfire_rested":3,"item_purchase_floors":[5,5,27],"current_hp_per_floor":[80,60,60,66,66,66,72,78,78,80,80,69,63,56,56,35,80,78,78,71,55,37,64,41,47,47,47,12,11,38,30,57,35,93,85,85,21,0],"gold":564,"neow_bonus":"THREE_ENEMY_KILL","is_prod":false,"is_daily":false,"chose_seed":false,"campfire_upgraded":2,"win_rate":0,"timestamp":1545205270,"path_taken":["M","?","?","?","?","R","E","M","T","M","M","?","E","M","R","BOSS","M","?","M","M","M","R","E","?","T","$","?","M","R","M","R","BOSS","M","?","M","M"],"build_version":"2018-12-13","purchased_purges":0,"victory":false,"max_hp_per_floor":[80,80,80,80,80,80,80,80,80,80,80,80,80,80,80,80,80,83,83,83,87,90,90,90,90,90,90,93,93,93,93,93,93,93,93,93,93,93],"card_choices":[{"not_picked":["Warcry","Clothesline"],"picked":"Body Slam","floor":1},{"not_picked":["Shockwave","Twin Strike"],"picked":"Infernal Blade","floor":4},{"not_picked":["Clash","Havoc"],"picked":"Flex","floor":7},{"not_picked":["Armaments","Shockwave"],"picked":"Whirlwind","floor":8},{"not_picked":["Feel No Pain","Havoc"],"picked":"Iron Wave","floor":10},{"not_picked":["Intimidate","Seeing Red"],"picked":"Spot Weakness","floor":11},{"not_picked":["Havoc","Sword Boomerang"],"picked":"Heavy Blade","floor":13},{"not_picked":["Wild Strike","Feel No Pain"],"picked":"Searing Blow","floor":14},{"not_picked":["Dark Embrace","Berserk"],"picked":"Feed","floor":16},{"not_picked":["Havoc","Wild Strike"],"picked":"Carnage","floor":18},{"not_picked":["Thunderclap","Rupture+1"],"picked":"Ghostly Armor","floor":20},{"not_picked":["Pommel Strike","Iron Wave","Rage"],"picked":"SKIP","floor":21},{"not_picked":["Infernal Blade","Feel No Pain","Rage"],"picked":"SKIP","floor":22},{"not_picked":["Body Slam","Armaments"],"picked":"Ghostly Armor","floor":24},{"not_picked":["Battle Trance","Perfected Strike","Clothesline"],"picked":"SKIP","floor":25},{"not_picked":["Burning Pact+1","Shockwave","Havoc"],"picked":"SKIP","floor":29},{"not_picked":["Power Through","Perfected Strike+1"],"picked":"Shrug It Off+1","floor":31},{"not_picked":["Brutality","Reaper"],"picked":"Limit Break","floor":33},{"not_picked":["Burning Pact+1"],"picked":"SKIP","floor":35},{"not_picked":["Blood for Blood+1"],"picked":"SKIP","floor":37}],"player_experience":162071,"relics_obtained":[{"floor":7,"key":"Art of War"},{"floor":9,"key":"Anchor"},{"floor":13,"key":"Bag of Marbles"},{"floor":24,"key":"Thread and Needle"},{"floor":26,"key":"Peace Pipe"},{"floor":28,"key":"Red Mask"}],"event_choices":[{"damage_healed":0,"gold_gain":0,"player_choice":"Take Damage","damage_taken":20,"relics_obtained":["Golden Idol"],"max_hp_gain":0,"max_hp_loss":0,"event_name":"Golden Idol","floor":2,"gold_loss":0},{"damage_healed":0,"gold_gain":0,"player_choice":"Ignored","damage_taken":0,"max_hp_gain":0,"max_hp_loss":0,"event_name":"Golden Wing","floor":3,"gold_loss":0},{"damage_healed":0,"gold_gain":75,"player_choice":"Gather Gold","damage_taken":11,"max_hp_gain":0,"max_hp_loss":0,"event_name":"World of Goop","floor":12,"gold_loss":0},{"damage_healed":0,"gold_gain":0,"player_choice":"Got Potions","damage_taken":0,"max_hp_gain":0,"max_hp_loss":0,"event_name":"Lab","floor":19,"gold_loss":0},{"damage_healed":0,"gold_gain":0,"player_choice":"Fought Bandits","damage_taken":0,"max_hp_gain":0,"max_hp_loss":0,"event_name":"Masked Bandits","floor":28,"gold_loss":0},{"cards_removed":["Strike_R"],"damage_healed":0,"gold_gain":0,"player_choice":"Purged","damage_taken":0,"max_hp_gain":0,"max_hp_loss":0,"event_name":"Purifier","floor":36,"gold_loss":0}],"is_beta":false,"boss_relics":[{"not_picked":["Runic Cube","Eternal Feather"],"picked":"Snecko Eye"},{"not_picked":["Runic Pyramid","Fusion Hammer"],"picked":"Busted Crown"}],"items_purged_floors":[],"is_endless":false,"potions_floor_spawned":[4,7,13,21,24,25,29,31,35],"killed_by":"Transient","ascension_level":0}