{"gold_per_floor":[109,127,127,137,149,179,191,191,214,240,240,5,16,91,91,189,189,200,211,211,221,240,266,266,293,320,349,349,369,380,380,392,503,515,544,10,10,10,10,39,54,89,113,113,0,0,15,35,35,35,35,35,35,65,65],"floor_reached":55,"playtime":4479,"items_purged":[],"score":797,"play_id":"ac794ef2-eded-42b4-b8dc-cfd228780e4e","local_time":"20190407194631","is_ascension_mode":false,"campfire_choices":[{"data":"Redo","floor":8,"key":"SMITH"},{"data":"Loop","floor":15,"key":"SMITH"},{"floor":24,"key":"REST"},{"floor":28,"key":"REST"},{"floor":32,"key":"REST"},{"floor":44,"key":"RECALL"},{"data":"Machine Learning","floor":46,"key":"SMITH"},{"data":"Redo","floor":49,"key":"SMITH"},{"data":"Echo Form","floor":52,"key":"SMITH"}],"neow_cost":"NONE","seed_source_timestamp":153968808190447,"circlet_count":0,"master_deck":["Strike_B","Strike_B","Strike_B","Strike_B+1","Defend_B","Defend_B","Defend_B","Defend_B","Zap","Dualcast","Hologram+1","Cold Snap","Coolheaded","Redo+1","Hello World","Cold Snap","Hologram","Loop+1","Hologram","Echo Form+1","Hello World","Gash+1","RitualDagger+1","White Noise","Beam Cell+1","BootSequence","Redo+1","Lockon+1","Biased Cognition","Machine Learning+1","Go for the Eyes","Redo+1","Rebound+1","Leap+1","Self Repair+1","Multi-Cast+1"],"relics":["Cracked Core","Dead Branch","DataDisk","Potion Belt","Strawberry","Orichalcum","Busted Crown","Whetstone","Omamori","Juzu Bracelet","Letter Opener","MawBank","Philosopher\u0027s Stone","Anchor","Toxic Egg 2","GremlinMask","StoneCalendar","Ornamental Fan","Bronze Scales","Red Mask","Blood Vial"],"potions_floor_usage":[13,16,18,23,27,27,33,42,54,55],"damage_taken":[{"damage":2,"enemies":"Small Slimes","floor":1,"turns":3},{"damage":3,"enemies":"Cultist","floor":2,"turns":3},{"damage":2,"enemies":"2 Louse","floor":4,"turns":3},{"damage":14,"enemies":"Exordium Wildlife","floor":5,"turns":5},{"damage":24,"enemies":"3 Sentries","floor":6,"turns":10},{"damage":4,"enemies":"Large Slime","floor":7,"turns":6},{"damage":0,"enemies":"Lagavulin","floor":10,"turns":8},{"damage":0,"enemies":"Gremlin Gang","floor":13,"turns":4},{"damage":4,"enemies":"Slime Boss","floor":16,"turns":8},{"damage":0,"enemies":"Spheric Guardian","floor":18,"turns":3},{"damage":3,"enemies":"Shell Parasite","floor":19,"turns":7},{"damage":11,"enemies":"Shelled Parasite and Fungi","floor":21,"turns":6},{"damage":11,"enemies":"Chosen and Byrds","floor":22,"turns":6},{"damage":28,"enemies":"Book of Stabbing","floor":23,"turns":5},{"damage":21,"enemies":"Gremlin Leader","floor":25,"turns":7},{"damage":16,"enemies":"Book of Stabbing","floor":27,"turns":6},{"damage":8,"enemies":"Centurion and Healer","floor":29,"turns":5},{"damage":25,"enemies":"Shelled Parasite and Fungi","floor":30,"turns":4},{"damage":26,"enemies":"Collector","floor":33,"turns":7},{"damage":0,"enemies":"3 Darklings","floor":35,"turns":7},{"damage":5,"enemies":"Giant Head","floor":40,"turns":9},{"damage":6,"enemies":"Orb Walker","floor":41,"turns":3},{"damage":8,"enemies":"Reptomancer","floor":42,"turns":8},{"damage":13,"enemies":"Writhing Mass","floor":47,"turns":5},{"damage":17,"enemies":"Sphere and 2 Shapes","floor":48,"turns":4},{"damage":23,"enemies":"Donu and Deca","floor":50,"turns":10},{"damage":31,"enemies":"Shield and Spear","floor":54,"turns":6},{"damage":72,"enemies":"The Heart","floor":55,"turns":8}],"seed_played":"-2693959858748602411","potions_obtained":[{"floor":4,"key":"FairyPotion"},{"floor":7,"key":"Block Potion"},{"floor":10,"key":"SkillPotion"},{"floor":13,"key":"Energy Potion"},{"floor":19,"key":"AttackPotion"},{"floor":23,"key":"Block Potion"},{"floor":25,"key":"Swift Potion"},{"floor":27,"key":"Swift Potion"},{"floor":33,"key":"Energy Potion"},{"floor":40,"key":"Ancient Potion"},{"floor":41,"key":"Explosive Potion"},{"floor":47,"key":"FearPotion"}],"is_trial":false,"path_per_floor":["M","M","?","M","M","E","M","R","T","E","?","$","M","?","R","B",null,"M","M","?","M","M","E","R","E","T","E","R","M","M","?","R","B",null,"M","$","?","?","$","E","M","E","T","R","?","R","M","M","R","B",null,"R","$","E","B"],"character_chosen":"DEFECT","items_purchased":["Orichalcum","Loop","Machine Learning","Anchor","Toxic Egg 2"],"campfire_rested":3,"item_purchase_floors":[12,12,36,36,36],"current_hp_per_floor":[80,77,77,75,61,37,33,33,33,33,40,40,40,29,29,25,89,89,86,80,69,58,30,56,35,35,19,45,37,12,12,38,12,89,89,89,89,89,89,84,78,70,70,70,70,70,57,40,40,27,89,89,89,68,0],"gold":65,"neow_bonus":"TEN_PERCENT_HP_BONUS","is_prod":false,"is_daily":false,"chose_seed":false,"campfire_upgraded":5,"win_rate":0,"timestamp":1554680791,"path_taken":["M","M","?","?","?","E","M","R","T","E","?","$","M","?","R","BOSS","M","M","?","M","M","E","R","E","T","E","R","M","M","?","R","BOSS","M","$","?","?","?","E","M","E","T","R","?","R","M","M","R","BOSS","R","$","E","BOSS"],"build_version":"2019-01-23","purchased_purges":0,"victory":false,"max_hp_per_floor":[82,82,82,82,82,82,82,82,82,82,89,89,89,89,89,89,89,89,89,89,89,89,89,89,89,89,89,89,89,89,89,89,89,89,89,89,89,89,89,89,89,89,89,89,89,89,89,89,89,89,89,89,89,89,89],"card_choices":[{"not_picked":["Steam","Compile Driver"],"picked":"Hologram","floor":1},{"not_picked":["Doom and Gloom","Lockon"],"picked":"Cold Snap","floor":2},{"not_picked":["Skim","Go for the Eyes"],"picked":"Coolheaded","floor":4},{"not_picked":["Scrape","Gash"],"picked":"Redo","floor":5},{"not_picked":["Multi-Cast","Compile Driver"],"picked":"Hello World","floor":6},{"not_picked":["Doom and Gloom","Compile Driver"],"picked":"Cold Snap","floor":7},{"not_picked":["Rip and Tear","Leap"],"picked":"Hologram","floor":10},{"not_picked":["Leap","Steam Power"],"picked":"Hologram","floor":13},{"not_picked":["Meteor Strike","Reboot"],"picked":"Echo Form","floor":16},{"not_picked":[],"picked":"Hello World","floor":18},{"not_picked":[],"picked":"Gash+1","floor":19},{"not_picked":[],"picked":"White Noise","floor":21},{"not_picked":["Darkness"],"picked":"SKIP","floor":22},{"not_picked":[],"picked":"Beam Cell+1","floor":23},{"not_picked":["Turbo"],"picked":"SKIP","floor":25},{"not_picked":[],"picked":"BootSequence","floor":27},{"not_picked":[],"picked":"Redo","floor":29},{"not_picked":[],"picked":"Lockon+1","floor":30},{"not_picked":[],"picked":"Biased Cognition","floor":33},{"not_picked":["Genetic Algorithm"],"picked":"SKIP","floor":35},{"not_picked":[],"picked":"Go for the Eyes","floor":40},{"not_picked":[],"picked":"Redo+1","floor":41},{"not_picked":[],"picked":"Rebound+1","floor":42},{"not_picked":[],"picked":"Leap+1","floor":47},{"not_picked":[],"picked":"Self Repair+1","floor":48},{"not_picked":[],"picked":"Multi-Cast+1","floor":54}],"player_experience":281882,"relics_obtained":[{"floor":6,"key":"Dead Branch"},{"floor":9,"key":"DataDisk"},{"floor":10,"key":"Potion Belt"},{"floor":23,"key":"Whetstone"},{"floor":25,"key":"Omamori"},{"floor":26,"key":"Juzu Bracelet"},{"floor":27,"key":"Letter Opener"},{"floor":40,"key":"Ornamental Fan"},{"floor":42,"key":"Bronze Scales"},{"floor":54,"key":"Blood Vial"}],"event_choices":[{"damage_healed":0,"gold_gain":0,"player_choice":"Forge","damage_taken":0,"max_hp_gain":0,"max_hp_loss":0,"event_name":"Accursed Blacksmith","floor":3,"gold_loss":0,"cards_upgraded":["Hologram"]},{"damage_healed":0,"gold_gain":0,"player_choice":"Searched \u00272\u0027 times","damage_taken":0,"relics_obtained":["Strawberry"],"max_hp_gain":0,"max_hp_loss":0,"event_name":"Dead Adventurer","floor":11,"gold_loss":0},{"damage_healed":0,"gold_gain":75,"player_choice":"Gather Gold","damage_taken":11,"max_hp_gain":0,"max_hp_loss":0,"event_name":"World of Goop","floor":14,"gold_loss":0},{"damage_healed":0,"gold_gain":0,"player_choice":"Joined the Cult","damage_taken":6,"max_hp_gain":0,"max_hp_loss":0,"event_name":"Nest","floor":20,"gold_loss":0,"cards_obtained":["RitualDagger"]},{"damage_healed":0,"gold_gain":0,"player_choice":"Opened","damage_taken":0,"relics_obtained":["MawBank"],"max_hp_gain":0,"max_hp_loss":0,"event_name":"The Mausoleum","floor":31,"gold_loss":0},{"damage_healed":0,"gold_gain":0,"player_choice":"Trade","damage_taken":0,"relics_obtained":["GremlinMask"],"max_hp_gain":0,"max_hp_loss":0,"event_name":"FaceTrader","floor":37,"gold_loss":0},{"damage_healed":0,"gold_gain":0,"player_choice":"Gave Potion","damage_taken":0,"relics_obtained":["StoneCalendar"],"max_hp_gain":0,"max_hp_loss":0,"event_name":"WeMeetAgain","floor":38,"gold_loss":0},{"damage_healed":0,"gold_gain":0,"player_choice":"Paid","damage_taken":0,"relics_obtained":["Red Mask"],"max_hp_gain":0,"max_hp_loss":0,"event_name":"Tomb of Lord Red Mask","floor":45,"gold_loss":113}],"is_beta":false,"boss_relics":[{"not_picked":["Eternal Feather","Orrery"],"picked":"Busted Crown"},{"not_picked":["Snecko Eye","Astrolabe"],"picked":"Philosopher\u0027s Stone"}],"items_purged_floors":[],"is_endless":false,"potions_floor_spawned":[4,7,10,13,19,23,25,27,33,40,41,47],"killed_by":"The Heart","ascension_level":0}