{"gold_per_floor":[113,288,301,301,95,95,115,115,184,217,217,241,284,305,305,430,430,443,456,58,74,25,25,41,110,110,61,61,96,21,21,21,146,146,169,169,218,218,242,242,242,242,268,393,413,485,485,509,509,509],"floor_reached":51,"playtime":4048,"items_purged":["Doubt","Strike_R"],"score":908,"play_id":"36f7ab2f-9871-40ac-a0b7-8c46bb267414","local_time":"20190327053028","is_ascension_mode":true,"campfire_choices":[{"data":"Feed","floor":6,"key":"SMITH"},{"data":"Uppercut","floor":15,"key":"SMITH"},{"floor":23,"key":"REST"},{"floor":28,"key":"REST"},{"floor":32,"key":"REST"},{"floor":40,"key":"REST"},{"data":"Demon Form","floor":42,"key":"SMITH"},{"data":"Heavy Blade","floor":47,"key":"SMITH"},{"floor":49,"key":"REST"}],"neow_cost":"NONE","seed_source_timestamp":601404540936877,"circlet_count":0,"master_deck":["Strike_R","Strike_R","Strike_R","Defend_R","Defend_R","Defend_R","Defend_R","Bash","Shockwave+1","Heavy Blade+1","Feed+1","Exhume","Uppercut+1","Clothesline","Shrug It Off","Metallicize","Demon Form+1","Iron Wave","Power Through+1","Hemokinesis","Pummel","Shrug It Off","Reaper","Havoc"],"relics":["Burning Blood","Bronze Scales","Golden Idol","Letter Opener","PreservedInsect","Ice Cream","Blood Vial","Black Star","Art of War","Tiny Chest","Anchor","Ornamental Fan","Juzu Bracelet","Sundial","Busted Crown","Oddly Smooth Stone","Potion Belt","Gambling Chip","Paper Frog"],"potions_floor_usage":[10,13,16,18,21,24,25,33,35,45,50],"damage_taken":[{"damage":0,"enemies":"Small Slimes","floor":1,"turns":3},{"damage":9,"enemies":"Jaw Worm","floor":3,"turns":3},{"damage":1,"enemies":"2 Louse","floor":7,"turns":2},{"damage":20,"enemies":"Gremlin Nob","floor":10,"turns":4},{"damage":18,"enemies":"Lots of Slimes","floor":12,"turns":4},{"damage":20,"enemies":"Lagavulin","floor":13,"turns":5},{"damage":13,"enemies":"3 Louse","floor":14,"turns":3},{"damage":35,"enemies":"Slime Boss","floor":16,"turns":11},{"damage":31,"enemies":"Spheric Guardian","floor":18,"turns":6},{"damage":20,"enemies":"Shell Parasite","floor":19,"turns":8},{"damage":31,"enemies":"Shelled Parasite and Fungi","floor":21,"turns":7},{"damage":28,"enemies":"Centurion and Healer","floor":24,"turns":8},{"damage":50,"enemies":"Slavers","floor":25,"turns":6},{"damage":54,"enemies":"Book of Stabbing","floor":29,"turns":7},{"damage":53,"enemies":"Champ","floor":33,"turns":14},{"damage":73,"enemies":"3 Darklings","floor":35,"turns":10},{"damage":17,"enemies":"3 Shapes","floor":39,"turns":5},{"damage":31,"enemies":"Mind Bloom Boss Battle","floor":44,"turns":7},{"damage":6,"enemies":"Maw","floor":45,"turns":7},{"damage":23,"enemies":"Writhing Mass","floor":48,"turns":4},{"damage":106,"enemies":"Awakened One","floor":50,"turns":9}],"seed_played":"-3144586215367796745","potions_obtained":[{"floor":1,"key":"Fire Potion"},{"floor":12,"key":"BloodPotion"},{"floor":13,"key":"AttackPotion"},{"floor":16,"key":"AttackPotion"},{"floor":18,"key":"Block Potion"},{"floor":25,"key":"Swift Potion"},{"floor":33,"key":"Explosive Potion"},{"floor":39,"key":"SteroidPotion"},{"floor":44,"key":"Block Potion"}],"is_trial":false,"path_per_floor":["?","?","M","?","?","$","?","$","?","T","?","?","?","T"],"character_chosen":"IRONCLAD","items_purchased":["Feed","Block Potion","Art of War","Hemokinesis","Regen Potion","PowerPotion","Shrug It Off"],"campfire_rested":5,"item_purchase_floors":[5,5,20,20,20,22,27],"current_hp_per_floor":[80,80,77,57,57,57,66,66,66,56,56,48,43,46,46,23,84,65,57,57,34,34,67,51,27,27,27,63,17,17,17,53,8,92,45,45,45,45,36,72,72,72,72,78,90,90,90,75,109,63],"gold":509,"neow_bonus":"RANDOM_COMMON_RELIC","is_prod":false,"is_daily":false,"chose_seed":false,"campfire_upgraded":4,"win_rate":0,"timestamp":1553664628,"path_taken":["M","?","M","?","$","R","?","?","T","E","?","M","E","M","R","BOSS","M","M","$","M","$","R","M","E","T","?","R","E","?","?","R","BOSS","M","?","?","?","M","R","?","R","T","?","M","?","R","M","R","BOSS"],"build_version":"2019-01-23","purchased_purges":2,"victory":true,"max_hp_per_floor":[80,80,80,80,80,80,84,84,84,88,88,92,92,100,100,104,104,108,112,112,112,112,112,116,120,120,120,120,120,120,120,120,120,120,120,120,120,120,120,120,114,114,114,114,114,114,114,114,114,114],"card_choices":[{"not_picked":["True Grit","Warcry"],"picked":"Shockwave","floor":1},{"not_picked":["Armaments","Sword Boomerang"],"picked":"Heavy Blade","floor":3},{"not_picked":["Thunderclap","Combust"],"picked":"Exhume","floor":7},{"not_picked":["Heavy Blade","Warcry"],"picked":"Uppercut","floor":10},{"not_picked":["Searing Blow","Sword Boomerang"],"picked":"Clothesline","floor":12},{"not_picked":["Iron Wave","Searing Blow"],"picked":"Shrug It Off","floor":13},{"not_picked":["Thunderclap","Carnage"],"picked":"Metallicize","floor":14},{"not_picked":["Barricade","Impervious"],"picked":"Demon Form","floor":16},{"not_picked":["Intimidate","Body Slam"],"picked":"Iron Wave","floor":18},{"not_picked":["Sever Soul","Sentinel"],"picked":"Power Through+1","floor":19},{"not_picked":["Clothesline","Searing Blow"],"picked":"Pummel","floor":21},{"not_picked":["Rupture","Shockwave","Iron Wave+1"],"picked":"SKIP","floor":24},{"not_picked":["Evolve","Sever Soul","Iron Wave"],"picked":"SKIP","floor":25},{"not_picked":["Feed","Shockwave","Headbutt"],"picked":"SKIP","floor":29},{"not_picked":["Barricade","Juggernaut"],"picked":"Reaper","floor":33},{"not_picked":["Thunderclap+1"],"picked":"SKIP","floor":35},{"not_picked":[],"picked":"Havoc","floor":39},{"not_picked":["Heavy Blade+1"],"picked":"SKIP","floor":45},{"not_picked":["Iron Wave"],"picked":"SKIP","floor":48}],"player_experience":344768,"relics_obtained":[{"floor":9,"key":"Letter Opener"},{"floor":10,"key":"PreservedInsect"},{"floor":13,"key":"Blood Vial"},{"floor":25,"key":"Tiny Chest"},{"floor":25,"key":"Anchor"},{"floor":26,"key":"Ornamental Fan"},{"floor":29,"key":"Juzu Bracelet"},{"floor":29,"key":"Sundial"},{"floor":37,"key":"Oddly Smooth Stone"},{"floor":43,"key":"Potion Belt"},{"floor":44,"key":"Gambling Chip"},{"floor":46,"key":"Paper Frog"}],"event_choices":[{"damage_healed":0,"gold_gain":175,"player_choice":"AGREE","damage_taken":0,"max_hp_gain":0,"max_hp_loss":0,"event_name":"Liars Game","floor":2,"gold_loss":0,"cards_obtained":["Doubt"]},{"damage_healed":0,"gold_gain":0,"player_choice":"Take Damage","damage_taken":20,"relics_obtained":["Golden Idol"],"max_hp_gain":0,"max_hp_loss":0,"event_name":"Golden Idol","floor":4,"gold_loss":0},{"damage_healed":0,"gold_gain":0,"player_choice":"Grow","damage_taken":0,"max_hp_gain":0,"max_hp_loss":0,"event_name":"Living Wall","floor":8,"gold_loss":0,"cards_upgraded":["Shockwave"]},{"damage_healed":0,"gold_gain":0,"player_choice":"Gave Potion","damage_taken":0,"relics_obtained":["Ice Cream"],"max_hp_gain":0,"max_hp_loss":0,"event_name":"WeMeetAgain","floor":11,"gold_loss":0},{"cards_removed":["Strike_R"],"damage_healed":0,"gold_gain":0,"player_choice":"Gave Gold","damage_taken":0,"max_hp_gain":0,"max_hp_loss":0,"event_name":"Beggar","floor":30,"gold_loss":75},{"damage_healed":0,"gold_gain":0,"player_choice":"Memory 1","damage_taken":0,"max_hp_gain":0,"max_hp_loss":0,"event_name":"SensoryStone","floor":36,"gold_loss":0},{"damage_healed":0,"gold_gain":0,"player_choice":"Ignored","damage_taken":0,"max_hp_gain":0,"max_hp_loss":0,"event_name":"Mysterious Sphere","floor":38,"gold_loss":0},{"damage_healed":0,"gold_gain":0,"player_choice":"Max HP","damage_taken":0,"max_hp_gain":0,"max_hp_loss":6,"event_name":"Winding Halls","floor":41,"gold_loss":0},{"damage_healed":0,"gold_gain":0,"player_choice":"Fight","damage_taken":0,"max_hp_gain":0,"max_hp_loss":0,"event_name":"MindBloom","floor":44,"gold_loss":0}],"is_beta":false,"boss_relics":[{"not_picked":["White Beast Statue","Astrolabe"],"picked":"Black Star"},{"not_picked":["Velvet Choker","Pandora\u0027s Box"],"picked":"Busted Crown"}],"items_purged_floors":[5,20],"is_endless":false,"potions_floor_spawned":[1,12,13,16,18,25,33,39,44],"ascension_level":5}