{"gold_per_floor":[116,116,116,62,77,112,125,166,166,166],"floor_reached":10,"playtime":260,"items_purged":[],"score":121,"play_id":"74cc3948-9dc1-432f-b8b4-3d50bbf790fd","local_time":"20190205194606","is_ascension_mode":true,"campfire_choices":[],"neow_cost":"NONE","seed_source_timestamp":7342991133500,"circlet_count":0,"master_deck":["Strike_R","Strike_R","Strike_R","Strike_R","Defend_R","Defend_R","Defend_R","Defend_R","Bash","Whirlwind","Flex","Flex","Shrug It Off","Searing Blow","Battle Trance"],"relics":["Burning Blood","NeowsBlessing","Golden Idol","Ornamental Fan","Kunai","Dodecahedron"],"potions_floor_usage":[8,10],"damage_taken":[{"damage":0,"enemies":"Jaw Worm","floor":1,"turns":1},{"damage":0,"enemies":"2 Louse","floor":5,"turns":1},{"damage":0,"enemies":"3 Sentries","floor":6,"turns":1},{"damage":0,"enemies":"Small Slimes","floor":7,"turns":2},{"damage":42,"enemies":"Lagavulin","floor":8,"turns":9},{"damage":41,"enemies":"Gremlin Nob","floor":10,"turns":3}],"seed_played":"174444999748302298","potions_obtained":[{"floor":6,"key":"Strength Potion"},{"floor":8,"key":"GamblersBrew"}],"is_trial":false,"path_per_floor":["M","?","?","$","M","E","M","E","T","E"],"character_chosen":"IRONCLAD","items_purchased":["Flex"],"campfire_rested":0,"item_purchase_floors":[4],"current_hp_per_floor":[80,60,53,53,59,65,71,35,35,0],"gold":166,"neow_bonus":"THREE_ENEMY_KILL","is_prod":false,"is_daily":false,"chose_seed":false,"campfire_upgraded":0,"win_rate":0,"timestamp":1549413966,"path_taken":["M","?","?","$","M","E","M","E","T","E"],"build_version":"2019-01-23","purchased_purges":0,"victory":false,"max_hp_per_floor":[80,80,80,80,80,80,80,80,80,80],"card_choices":[{"not_picked":["Armaments","Carnage"],"picked":"Whirlwind","floor":1},{"not_picked":["Havoc","Thunderclap"],"picked":"Flex","floor":5},{"not_picked":["Anger","Havoc"],"picked":"Shrug It Off","floor":6},{"not_picked":["Dropkick","Shrug It Off"],"picked":"Searing Blow","floor":7},{"not_picked":["Body Slam","Immolate"],"picked":"Battle Trance","floor":8}],"player_experience":373060,"relics_obtained":[{"floor":6,"key":"Ornamental Fan"},{"floor":8,"key":"Kunai"},{"floor":9,"key":"Dodecahedron"}],"event_choices":[{"damage_healed":0,"gold_gain":0,"player_choice":"Take Damage","damage_taken":20,"relics_obtained":["Golden Idol"],"max_hp_gain":0,"max_hp_loss":0,"event_name":"Golden Idol","floor":2,"gold_loss":0},{"cards_removed":["Strike_R"],"damage_healed":0,"gold_gain":0,"player_choice":"Card Removal","damage_taken":7,"max_hp_gain":0,"max_hp_loss":0,"event_name":"Golden Wing","floor":3,"gold_loss":0}],"is_beta":false,"boss_relics":[],"items_purged_floors":[],"is_endless":false,"potions_floor_spawned":[6,8],"killed_by":"Gremlin Nob","ascension_level":4}