{"gold_per_floor":[119,132,132,132,143,169,169,11,11,26,26,26,37,54,54,54],"floor_reached":16,"playtime":439,"items_purged":[],"score":153,"play_id":"f0ac758d-6876-4e1a-99a2-69cd64fb8612","local_time":"20190209012217","is_ascension_mode":true,"campfire_choices":[{"floor":7,"key":"REST"},{"floor":12,"key":"REST"},{"floor":15,"key":"REST"}],"neow_cost":"PERCENT_DAMAGE","seed_source_timestamp":42776955197200,"circlet_count":0,"master_deck":["Strike_R","Strike_R","Strike_R","Defend_R","Defend_R","Defend_R","Defend_R","Bash","Combust+1","Body Slam","Combust","Reaper","Impervious"],"relics":["Burning Blood","Question Card","Blue Candle"],"potions_floor_usage":[6,14,16],"damage_taken":[{"damage":0,"enemies":"2 Louse","floor":1,"turns":3},{"damage":14,"enemies":"Small Slimes","floor":2,"turns":3},{"damage":9,"enemies":"Jaw Worm","floor":5,"turns":5},{"damage":41,"enemies":"Lagavulin","floor":6,"turns":6},{"damage":24,"enemies":"3 Louse","floor":10,"turns":3},{"damage":12,"enemies":"Lots of Slimes","floor":13,"turns":2},{"damage":24,"enemies":"Exordium Thugs","floor":14,"turns":3},{"damage":96,"enemies":"Hexaghost","floor":16,"turns":11}],"seed_played":"-3667580584560034056","potions_obtained":[{"floor":1,"key":"SkillPotion"},{"floor":6,"key":"Dexterity Potion"},{"floor":13,"key":"Fire Potion"}],"is_trial":false,"path_per_floor":["M","M","?","?","M","E","R","$","T","M","?","R","M","M","R","B"],"character_chosen":"IRONCLAD","items_purchased":["Reaper"],"campfire_rested":3,"item_purchase_floors":[8],"current_hp_per_floor":[78,70,70,63,60,25,53,53,53,47,47,75,78,62,90,0],"gold":54,"neow_bonus":"TWENTY_PERCENT_HP_BONUS","is_prod":false,"is_daily":false,"chose_seed":false,"campfire_upgraded":0,"win_rate":0,"timestamp":1549693337,"path_taken":["M","M","?","?","M","E","R","?","T","M","?","R","?","M","R","BOSS"],"build_version":"2019-01-23","purchased_purges":0,"victory":false,"max_hp_per_floor":[96,96,96,96,96,96,96,96,96,96,96,96,96,96,96,96],"card_choices":[{"not_picked":["Twin Strike","Headbutt"],"picked":"Combust","floor":1},{"not_picked":["Fire Breathing","Burning Pact","True Grit"],"picked":"SKIP","floor":2},{"not_picked":["True Grit","Perfected Strike"],"picked":"Body Slam","floor":5},{"not_picked":["Warcry","Twin Strike"],"picked":"Combust","floor":6},{"not_picked":["Twin Strike","Berserk","Second Wind","Headbutt"],"picked":"SKIP","floor":10},{"not_picked":["Flex","Warcry","Clash","Cleave"],"picked":"SKIP","floor":13},{"not_picked":["Warcry","Headbutt","Infernal Blade","Heavy Blade"],"picked":"SKIP","floor":14}],"player_experience":428982,"relics_obtained":[{"floor":6,"key":"Question Card"},{"floor":9,"key":"Blue Candle"}],"event_choices":[{"damage_healed":0,"gold_gain":0,"player_choice":"Grow","damage_taken":0,"max_hp_gain":0,"max_hp_loss":0,"event_name":"Living Wall","floor":3,"gold_loss":0,"cards_upgraded":["Combust"]},{"cards_removed":["Strike_R"],"damage_healed":0,"gold_gain":0,"player_choice":"Card Removal","damage_taken":7,"max_hp_gain":0,"max_hp_loss":0,"event_name":"Golden Wing","floor":4,"gold_loss":0},{"damage_healed":0,"gold_gain":0,"cards_transformed":["Strike_R"],"player_choice":"Transformed","damage_taken":0,"max_hp_gain":0,"max_hp_loss":0,"event_name":"Transmorgrifier","floor":11,"gold_loss":0,"cards_obtained":["Impervious"]}],"is_beta":false,"boss_relics":[],"items_purged_floors":[],"is_endless":false,"potions_floor_spawned":[1,6,13],"killed_by":"Hexaghost","ascension_level":5}