{"path_per_floor":["M","M","M","M","?","R","M","R","T","M","?","R","$","?","R"],"character_chosen":"DEFECT","items_purchased":["Frozen Egg 2","Capacitor","Mind Blast"],"gold_per_floor":[109,128,144,160,460,460,479,479,560,573,573,573,128,153,153,153],"floor_reached":16,"campfire_rested":0,"playtime":510,"current_hp_per_floor":[75,75,75,69,69,69,67,67,67,65,65,65,65,52,52,0],"items_purged":["Regret"],"gold":153,"score":92,"play_id":"7b76ad28-a555-4b2c-abee-2361047f088f","local_time":"20180504110315","is_prod":false,"is_daily":false,"chose_seed":false,"is_ascension_mode":false,"campfire_upgraded":4,"timestamp":1525446195,"path_taken":["M","M","M","M","?","R","M","R","T","M","?","R","$","?","R","BOSS"],"build_version":"2018-05-03","seed_source_timestamp":65557039388055,"purchased_purges":1,"victory":false,"master_deck":["Strike_B","Strike_B","Strike_B","Strike_B","Defend_B","Defend_B","Defend_B","Defend_B","Zap","Dualcast","Axe Kick","Sunder+1","White Noise+1","Double Energy+1","Cold Snap","Conserve Battery","Streamline","Capacitor+1","Mind Blast+1","Cold Snap"],"max_hp_per_floor":[75,75,75,75,75,75,75,75,75,75,75,75,75,75,75,75],"relics":["Cracked Core","Old Coin","Smiling Mask","Frozen Egg 2","Odd Mushroom"],"card_choices":[{"not_picked":["Rebound","Skim"],"picked":"Axe Kick","floor":0},{"not_picked":["Leap","Rebound"],"picked":"Sunder","floor":1},{"not_picked":["Skim","Barrage"],"picked":"White Noise","floor":2},{"not_picked":["Reinforced Body","Chaos"],"picked":"Double Energy","floor":3},{"not_picked":["Consume","Barrage"],"picked":"Cold Snap","floor":4},{"not_picked":["Go for the Eyes","Barrage"],"picked":"Conserve Battery","floor":7},{"not_picked":["Go for the Eyes","Storm"],"picked":"Streamline","floor":10},{"not_picked":["Turbo","Go for the Eyes"],"picked":"Cold Snap","floor":14}],"player_experience":203890,"potions_floor_usage":[],"damage_taken":[{"damage":0,"enemies":"Jaw Worm","floor":1,"turns":3},{"damage":0,"enemies":"Small Slimes","floor":2,"turns":2},{"damage":0,"enemies":"2 Louse","floor":3,"turns":3},{"damage":6,"enemies":"Exordium Wildlife","floor":4,"turns":4},{"damage":2,"enemies":"3 Louse","floor":7,"turns":3},{"damage":2,"enemies":"Large Slime","floor":10,"turns":4},{"damage":13,"enemies":"The Mushroom Lair","floor":14,"turns":3},{"damage":57,"enemies":"Hexaghost","floor":16,"turns":11}],"event_choices":[{"event_name":"Big Fish","player_choice":"Box","floor":5,"damage_taken":0},{"event_name":"Liars Game","player_choice":"disagreed","floor":11,"damage_taken":0},{"event_name":"Mushrooms","player_choice":"Fought Mushrooms","floor":14,"damage_taken":0}],"boss_relics":[],"potions_floor_spawned":[1,3,7],"seed_played":"6357078495751070052","killed_by":"Hexaghost","ascension_level":0,"is_trial":false}