{"gold_per_floor":[110,71,146,157,157,187,187,221,258,280,252,295,307,339,351,440,452,484,511,541,563,176,101,101,132,156,190,190,38,70,90,90,162,162,181,196,206,220,11,46,46,77,77,77,77,111,123,123],"floor_reached":48,"playtime":3361,"items_purged":["Strike_G","Strike_G"],"score":1321,"play_id":"ae2ec0e1-03c2-4e53-9150-9b50765a6a6b","local_time":"20190423123932","is_ascension_mode":true,"campfire_choices":[{"data":"Footwork","floor":7,"key":"SMITH"},{"data":"Neutralize","floor":13,"key":"SMITH"},{"data":"Dash","floor":15,"key":"SMITH"},{"data":"Caltrops","floor":24,"key":"SMITH"},{"floor":28,"key":"REST"},{"floor":32,"key":"REST"},{"floor":41,"key":"REST"}],"neow_cost":"NONE","seed_source_timestamp":433096900160103,"circlet_count":0,"master_deck":["AscendersBane","Defend_G","Defend_G","Defend_G","Defend_G+1","Defend_G","Strike_G+1","Survivor","Neutralize+1","Dash+1","Cloak And Dagger+1","Footwork+1","Quick Slash","Backflip","Leg Sweep","Leg Sweep","Deadly Poison","Caltrops+1","Well Laid Plans","PiercingWail","Footwork+1","PiercingWail+1","Calculated Gamble","Deadly Poison","Dodge and Roll+1","Night Terror","Crippling Poison","PiercingWail","Bouncing Flask+1","Calculated Gamble","Bouncing Flask+1","PiercingWail"],"relics":["Ring of the Snake","NeowsBlessing","Boot","MawBank","War Paint","Ancient Tea Set","Velvet Choker","DollysMirror","Mercury Hourglass","Snake Skull","Happy Flower","Whetstone","Cursed Key","Bag of Preparation","Anchor","Nunchaku","Darkstone Periapt"],"potions_floor_usage":[12,16,18,20,30,37,42],"damage_taken":[{"damage":0,"enemies":"Cultist","floor":1,"turns":1},{"damage":0,"enemies":"Small Slimes","floor":4,"turns":1},{"damage":0,"enemies":"Gremlin Nob","floor":6,"turns":1},{"damage":8,"enemies":"3 Sentries","floor":8,"turns":11},{"damage":0,"enemies":"2 Louse","floor":10,"turns":2},{"damage":5,"enemies":"Lagavulin","floor":12,"turns":12},{"damage":0,"enemies":"Red Slaver","floor":14,"turns":2},{"damage":12,"enemies":"The Guardian","floor":16,"turns":18},{"damage":0,"enemies":"Chosen","floor":18,"turns":7},{"damage":0,"enemies":"Spheric Guardian","floor":19,"turns":8},{"damage":17,"enemies":"3 Cultists","floor":20,"turns":8},{"damage":6,"enemies":"Cultist and Chosen","floor":21,"turns":9},{"damage":16,"enemies":"Gremlin Leader","floor":25,"turns":9},{"damage":0,"enemies":"Book of Stabbing","floor":27,"turns":6},{"damage":8,"enemies":"Slavers","floor":30,"turns":6},{"damage":4,"enemies":"Sentry and Sphere","floor":31,"turns":6},{"damage":2,"enemies":"Automaton","floor":33,"turns":13},{"damage":0,"enemies":"Orb Walker","floor":35,"turns":4},{"damage":0,"enemies":"3 Darklings","floor":36,"turns":6},{"damage":0,"enemies":"Writhing Mass","floor":37,"turns":8},{"damage":37,"enemies":"Transient","floor":38,"turns":6},{"damage":3,"enemies":"Reptomancer","floor":40,"turns":9},{"damage":3,"enemies":"Giant Head","floor":42,"turns":9},{"damage":7,"enemies":"Nemesis","floor":46,"turns":9},{"damage":6,"enemies":"Maw","floor":47,"turns":7},{"damage":31,"enemies":"Reptomancer","floor":48,"turns":4}],"seed_played":"-1988456837333299763","potions_obtained":[{"floor":4,"key":"Ancient Potion"},{"floor":11,"key":"Fire Potion"},{"floor":11,"key":"Dexterity Potion"},{"floor":14,"key":"Strength Potion"},{"floor":16,"key":"Weak Potion"},{"floor":18,"key":"AttackPotion"},{"floor":21,"key":"Explosive Potion"},{"floor":25,"key":"SteroidPotion"},{"floor":27,"key":"Poison Potion"},{"floor":36,"key":"Fruit Juice"},{"floor":37,"key":"Swift Potion"},{"floor":38,"key":"AttackPotion"},{"floor":40,"key":"EssenceOfSteel"},{"floor":42,"key":"EntropicBrew"}],"is_trial":false,"path_per_floor":["?","?","?","M","?","?","?"],"character_chosen":"THE_SILENT","items_purchased":["Dash","Well Laid Plans","PiercingWail","DollysMirror","Deadly Poison","Bag of Preparation","PiercingWail"],"campfire_rested":3,"item_purchase_floors":[2,22,22,22,29,39,39],"current_hp_per_floor":[59,59,48,48,48,48,48,40,40,40,40,35,35,35,35,23,55,55,55,38,32,32,32,32,16,16,16,35,35,27,23,42,40,60,60,60,65,28,28,25,46,43,43,43,43,36,30,0],"gold":123,"neow_bonus":"THREE_ENEMY_KILL","is_prod":false,"is_daily":false,"chose_seed":false,"campfire_upgraded":4,"win_rate":0,"timestamp":1556012372,"path_taken":["M","$","?","M","?","E","R","E","T","M","?","E","R","?","R","BOSS","M","M","M","M","$","?","R","E","T","E","R","$","E","M","R","BOSS","M","M","M","M","$","E","R","E","T","?","?","E","M","E"],"build_version":"2019-01-23","purchased_purges":2,"victory":false,"max_hp_per_floor":[66,66,66,66,66,66,66,66,66,66,66,66,66,66,66,66,66,66,66,66,66,66,66,66,66,66,66,66,66,66,66,66,66,66,66,66,71,71,71,71,71,71,71,71,71,71,71,71],"card_choices":[{"not_picked":["PiercingWail","All Out Attack"],"picked":"Dagger Spray","floor":1},{"not_picked":["Sucker Punch","Flechettes"],"picked":"Cloak And Dagger","floor":4},{"not_picked":["Underhanded Strike","Catalyst"],"picked":"Footwork","floor":6},{"not_picked":["Outmaneuver","A Thousand Cuts","Sucker Punch"],"picked":"SKIP","floor":8},{"not_picked":["Masterful Stab","Flying Knee"],"picked":"Quick Slash","floor":10},{"not_picked":["Quick Slash","Terror"],"picked":"Backflip","floor":12},{"not_picked":["Outmaneuver","Dagger Spray"],"picked":"Leg Sweep","floor":14},{"not_picked":["Finisher","Backstab+1"],"picked":"Leg Sweep","floor":18},{"not_picked":["Dodge and Roll+1","Prepared"],"picked":"Deadly Poison","floor":19},{"not_picked":["Sucker Punch","Concentrate"],"picked":"Caltrops","floor":20},{"not_picked":["Escape Plan","Underhanded Strike","Heel Hook"],"picked":"SKIP","floor":21},{"not_picked":["Slice","Terror"],"picked":"PiercingWail+1","floor":25},{"not_picked":["Tactician+1","Underhanded Strike"],"picked":"Calculated Gamble","floor":27},{"not_picked":["Outmaneuver","Predator"],"picked":"Dodge and Roll+1","floor":30},{"not_picked":["Deadly Poison","Prepared","Concentrate"],"picked":"SKIP","floor":31},{"not_picked":["Venomology","Burst"],"picked":"Night Terror","floor":33},{"not_picked":["Heel Hook","Setup+1","Deflect"],"picked":"SKIP","floor":35},{"not_picked":["Outmaneuver+1","Reflex+1","Deadly Poison"],"picked":"SKIP","floor":36},{"not_picked":["Distraction+1","Deflect","Blade Dance"],"picked":"SKIP","floor":37},{"not_picked":["Cloak And Dagger+1","Accuracy+1"],"picked":"Crippling Poison","floor":38},{"not_picked":["Accuracy","Acrobatics"],"picked":"Bouncing Flask+1","floor":40},{"not_picked":["Finisher","Underhanded Strike"],"picked":"Calculated Gamble","floor":42},{"not_picked":["Backstab","Slice"],"picked":"Bouncing Flask+1","floor":46},{"not_picked":["Quick Slash","Concentrate"],"picked":"PiercingWail","floor":47}],"player_experience":1825330,"relics_obtained":[{"floor":6,"key":"Boot"},{"floor":8,"key":"MawBank"},{"floor":9,"key":"War Paint"},{"floor":12,"key":"Ancient Tea Set"},{"floor":25,"key":"Mercury Hourglass"},{"floor":26,"key":"Snake Skull"},{"floor":27,"key":"Happy Flower"},{"floor":30,"key":"Whetstone"},{"floor":40,"key":"Anchor"},{"floor":42,"key":"Nunchaku"},{"floor":46,"key":"Darkstone Periapt"}],"event_choices":[{"damage_healed":0,"gold_gain":75,"player_choice":"Gather Gold","damage_taken":11,"max_hp_gain":0,"max_hp_loss":0,"event_name":"World of Goop","floor":3,"gold_loss":0},{"cards_removed":["Strike_G"],"damage_healed":0,"gold_gain":0,"player_choice":"Forget","damage_taken":0,"max_hp_gain":0,"max_hp_loss":0,"event_name":"Living Wall","floor":5,"gold_loss":0},{"damage_healed":0,"gold_gain":0,"player_choice":"Bought 3 Potions","damage_taken":0,"max_hp_gain":0,"max_hp_loss":0,"event_name":"The Woman in Blue","floor":11,"gold_loss":0},{"cards_removed":["Strike_G"],"damage_healed":0,"gold_gain":0,"player_choice":"Gave Gold","damage_taken":0,"max_hp_gain":0,"max_hp_loss":0,"event_name":"Beggar","floor":23,"gold_loss":75},{"cards_removed":["Dagger Spray"],"damage_healed":0,"gold_gain":0,"player_choice":"Removed Attack","damage_taken":0,"max_hp_gain":0,"max_hp_loss":0,"event_name":"Falling","floor":44,"gold_loss":0},{"cards_removed":["Pain"],"damage_healed":0,"gold_gain":0,"player_choice":"Removed Curses","damage_taken":0,"max_hp_gain":0,"max_hp_loss":0,"event_name":"Fountain of Cleansing","floor":45,"gold_loss":0}],"is_beta":false,"boss_relics":[{"not_picked":["Runic Dome","White Beast Statue"],"picked":"Velvet Choker"},{"not_picked":["Lizard Tail","Runic Pyramid"],"picked":"Cursed Key"}],"items_purged_floors":[22,29],"is_endless":false,"potions_floor_spawned":[4,14,16,18,21,25,27,36,37,38,40,42],"killed_by":"Reptomancer","ascension_level":20}