{"gold_per_floor":[109,123,135,150,169,169,201,201,226,226,236,236,236,188,188,283,283,302,150,160,173,183,183,217,217,294,294,312,312,324,359,359,464,464,482,500,516,516,527,561,561,177,177,205,165,182,192,223,223,223],"floor_reached":51,"playtime":3703,"items_purged":["Defend_R","Strike_R"],"score":781,"play_id":"dcbbdd9e-db87-47a3-8e9c-ab85d804b462","local_time":"20190425111058","is_ascension_mode":false,"campfire_choices":[{"data":"Shockwave","floor":6.0,"key":"SMITH"},{"data":"Shrug It Off","floor":10.0,"key":"SMITH"},{"data":"Ghostly Armor","floor":12.0,"key":"SMITH"},{"data":"Armaments","floor":15.0,"key":"SMITH"},{"data":"Bludgeon","floor":23.0,"key":"SMITH"},{"data":"Bludgeon","floor":25.0,"key":"SMITH"},{"data":"Carnage","floor":27.0,"key":"SMITH"},{"data":"Flame Barrier","floor":32.0,"key":"SMITH"},{"data":"Immolate","floor":41.0,"key":"SMITH"},{"floor":49.0,"key":"REST"}],"neow_cost":"NONE","seed_source_timestamp":1121677560873300,"circlet_count":0,"master_deck":["Strike_R","Strike_R","Strike_R","Strike_R","Defend_R","Defend_R","Bash+1","Shrug It Off+1","Headbutt","Shockwave+1","Ghostly Armor+1","Clothesline+1","Metallicize","Armaments+1","Bludgeon+1","Shrug It Off","Carnage+1","Flame Barrier+1","Battle Trance+1","Bludgeon+1","Reaper","Power Through+1","Ghostly Armor","Immolate+1","Feel No Pain+1","Headbutt+1","Madness","Madness","Dark Embrace","Enlightenment+1","Spot Weakness+1","Iron Wave+1"],"special_seed":0,"relics":["Burning Blood","Bag of Preparation","Ancient Tea Set","Snecko Eye","Pen Nib","Bottled Flame","Boot","Cursed Key","Toxic Egg 2","Bag of Marbles","Bottled Tornado","Darkstone Periapt"],"potions_floor_usage":[50,50,50,50,50,50],"damage_taken":[{"damage":1.0,"enemies":"Cultist","floor":1.0,"turns":3.0},{"damage":5.0,"enemies":"2 Louse","floor":2.0,"turns":3.0},{"damage":0.0,"enemies":"Jaw Worm","floor":3.0,"turns":5.0},{"damage":9.0,"enemies":"Gremlin Gang","floor":4.0,"turns":8.0},{"damage":0.0,"enemies":"Blue Slaver","floor":5.0,"turns":6.0},{"damage":19.0,"enemies":"Lagavulin","floor":7.0,"turns":8.0},{"damage":2.0,"enemies":"2 Fungi Beasts","floor":11.0,"turns":4.0},{"damage":32.0,"enemies":"Hexaghost","floor":16.0,"turns":15.0},{"damage":0.0,"enemies":"Spheric Guardian","floor":18.0,"turns":1.0},{"damage":0.0,"enemies":"3 Byrds","floor":20.0,"turns":4.0},{"damage":0.0,"enemies":"Centurion and Healer","floor":21.0,"turns":3.0},{"damage":1.0,"enemies":"Snake Plant","floor":22.0,"turns":2.0},{"damage":1.0,"enemies":"Book of Stabbing","floor":24.0,"turns":4.0},{"damage":6.0,"enemies":"Cultist and Chosen","floor":28.0,"turns":4.0},{"damage":0.0,"enemies":"Centurion and Healer","floor":30.0,"turns":3.0},{"damage":0.0,"enemies":"Slavers","floor":31.0,"turns":5.0},{"damage":22.0,"enemies":"Collector","floor":33.0,"turns":3.0},{"damage":0.0,"enemies":"Orb Walker","floor":35.0,"turns":2.0},{"damage":0.0,"enemies":"3 Darklings","floor":36.0,"turns":2.0},{"damage":0.0,"enemies":"Sphere and 2 Shapes","floor":37.0,"turns":3.0},{"damage":17.0,"enemies":"Spire Growth","floor":39.0,"turns":4.0},{"damage":6.0,"enemies":"Reptomancer","floor":40.0,"turns":6.0},{"damage":19.0,"enemies":"Giant Head","floor":44.0,"turns":6.0},{"damage":0.0,"enemies":"3 Darklings","floor":46.0,"turns":2.0},{"damage":0.0,"enemies":"Sphere and 2 Shapes","floor":47.0,"turns":3.0},{"damage":17.0,"enemies":"Reptomancer","floor":48.0,"turns":5.0},{"damage":28,"enemies":"Donu and Deca","floor":50,"turns":6}],"seed_played":"3616227877452396815","potions_obtained":[{"floor":2.0,"key":"EssenceOfSteel"},{"floor":5.0,"key":"FearPotion"},{"floor":7.0,"key":"Energy Potion"},{"floor":24.0,"key":"Fire Potion"},{"floor":31.0,"key":"SpeedPotion"},{"floor":39.0,"key":"Strength Potion"},{"floor":40.0,"key":"LiquidBronze"},{"floor":45.0,"key":"EntropicBrew"}],"is_trial":false,"path_per_floor":["M","M","M","M","M","R","E","?","T","R","M","R","?","$","R","B",null,"M","$","M","M","M","R","E","R","T","R","M","?","M","E","R","B",null,"M","M","M","?","M","E","R","$","T","E","?","M","M","E","R","B",null],"character_chosen":"IRONCLAD","items_purchased":["Armaments","Carnage","Bag of Marbles","Strength Potion","Enlightenment+1"],"campfire_rested":1,"item_purchase_floors":[14,19,42,42,42],"current_hp_per_floor":[80,80,80,77,80,80,67,67,67,67,71,71,71,71,71,45,80,80,80,80,80,80,80,80,80,80,80,80,80,80,80,80,64,80,80,80,80,70,64,76,76,76,76,69,69,75,80,69,80,63],"gold":223,"neow_bonus":"UPGRADE_CARD","is_prod":false,"is_daily":false,"chose_seed":false,"campfire_upgraded":9,"win_rate":1,"timestamp":1556215858,"path_taken":["M","M","?","M","M","R","E","?","T","R","?","R","?","$","R","BOSS","M","$","?","M","M","R","E","R","T","R","M","?","M","E","R","BOSS","M","M","?","?","M","E","R","$","T","E","?","?","M","E","R","BOSS"],"build_version":"2019-01-23","purchased_purges":2,"victory":true,"max_hp_per_floor":[80,80,80,80,80,80,80,80,80,80,80,80,80,80,80,80,80,80,80,80,80,80,80,80,80,80,80,80,80,80,80,80,80,80,80,80,80,80,80,80,80,80,80,80,80,80,80,80,80,80],"card_choices":[{"not_picked":["Pommel Strike","Warcry"],"picked":"Shrug It Off","floor":1.0},{"not_picked":["Thunderclap","Havoc"],"picked":"Headbutt","floor":2.0},{"not_picked":["Clash","Thunderclap"],"picked":"Shockwave","floor":3.0},{"not_picked":["Intimidate","Bloodletting"],"picked":"Ghostly Armor","floor":4.0},{"not_picked":["Fire Breathing","Thunderclap"],"picked":"Clothesline","floor":5.0},{"not_picked":["Warcry","Bloodletting"],"picked":"Metallicize","floor":11.0},{"not_picked":["Limit Break","Berserk"],"picked":"Bludgeon","floor":16.0},{"not_picked":["Perfected Strike","Reckless Charge+1"],"picked":"Shrug It Off","floor":18.0},{"not_picked":["True Grit+1","Sever Soul"],"picked":"Flame Barrier","floor":20.0},{"not_picked":["Clash+1","Wild Strike","Rupture"],"picked":"SKIP","floor":21.0},{"not_picked":["Flex","Perfected Strike"],"picked":"Battle Trance+1","floor":22.0},{"not_picked":["Havoc+1","Evolve"],"picked":"Bludgeon","floor":24.0},{"not_picked":["Perfected Strike+1","Armaments","Clash+1"],"picked":"SKIP","floor":28.0},{"not_picked":["Perfected Strike+1","Armaments","Clash+1"],"picked":"SKIP","floor":28.0},{"not_picked":["Cleave","True Grit"],"picked":"Power Through+1","floor":30.0},{"not_picked":["Perfected Strike","Burning Pact"],"picked":"Ghostly Armor","floor":31.0},{"not_picked":["Brutality","Barricade"],"picked":"Immolate","floor":33.0},{"not_picked":["Anger","Warcry","Body Slam+1"],"picked":"SKIP","floor":35.0},{"not_picked":["Combust+1","Perfected Strike"],"picked":"Feel No Pain+1","floor":36.0},{"not_picked":["Cleave","Clothesline"],"picked":"Headbutt+1","floor":37.0},{"not_picked":["Thunderclap+1","Pommel Strike+1","True Grit"],"picked":"SKIP","floor":39.0},{"not_picked":["Dark Embrace","Entrench+1","Anger"],"picked":"SKIP","floor":40.0},{"not_picked":["Entrench+1","Anger"],"picked":"Dark Embrace","floor":40.0},{"not_picked":["Shrug It Off+1","Spot Weakness+1","Uppercut+1"],"picked":"SKIP","floor":44.0},{"not_picked":["Shrug It Off+1","Uppercut+1"],"picked":"Spot Weakness+1","floor":44.0},{"not_picked":["Heavy Blade+1","Armaments+1","Infernal Blade+1"],"picked":"SKIP","floor":46.0},{"not_picked":["Anger+1","Body Slam"],"picked":"Iron Wave+1","floor":47.0},{"not_picked":["Rage+1","Dropkick+1","Cleave+1"],"picked":"SKIP","floor":48.0}],"player_experience":577696,"relics_obtained":[{"floor":7.0,"key":"Bag of Preparation"},{"floor":9.0,"key":"Ancient Tea Set"},{"floor":24.0,"key":"Pen Nib"},{"floor":26.0,"key":"Bottled Flame"},{"floor":31.0,"key":"Boot"},{"floor":40.0,"key":"Toxic Egg 2"},{"floor":44.0,"key":"Bottled Tornado"},{"floor":48.0,"key":"Darkstone Periapt"}],"event_choices":[{"damage_healed":0.0,"max_hp_gain":0.0,"max_hp_loss":0.0,"gold_gain":0.0,"event_name":"Upgrade Shrine","player_choice":"Upgraded","floor":8.0,"gold_loss":0.0,"damage_taken":0.0,"cards_upgraded":["Clothesline"]},{"cards_removed":["Defend_R"],"damage_healed":0.0,"max_hp_gain":0.0,"max_hp_loss":0.0,"gold_gain":0.0,"event_name":"Purifier","player_choice":"Purged","floor":13.0,"gold_loss":0.0,"damage_taken":0.0},{"damage_healed":0.0,"max_hp_gain":0.0,"max_hp_loss":0.0,"gold_gain":0.0,"event_name":"Match and Keep!","player_choice":"1 cards matched","floor":29.0,"gold_loss":0.0,"damage_taken":0.0,"cards_obtained":["Reaper"]},{"damage_healed":0.0,"max_hp_gain":0.0,"max_hp_loss":0.0,"gold_gain":0.0,"event_name":"Winding Halls","player_choice":"Embrace Madness","floor":38.0,"gold_loss":0.0,"damage_taken":10.0,"cards_obtained":["Madness","Madness"]},{"damage_healed":0.0,"max_hp_gain":0.0,"max_hp_loss":0.0,"gold_gain":0.0,"event_name":"The Woman in Blue","player_choice":"Bought 3 Potions","floor":45.0,"gold_loss":0.0,"damage_taken":0.0}],"is_beta":false,"boss_relics":[{"not_picked":["Sozu","Black Blood"],"picked":"Snecko Eye"},{"not_picked":["Calling Bell","Coffee Dripper"],"picked":"Cursed Key"}],"items_purged_floors":[19,42],"is_endless":false,"potions_floor_spawned":[2,5,7,11,20,24,28,31,37,39,40],"ascension_level":0}