{"gold_per_floor":[119,137,87,99,99,99,99,127,127,141,171,185,29,29,29,129,129,144,157,157,174,174,174,201,201,228,228,228,188,188,201,201,298,298,311,164,264,66,0,0,16,16,41,58,73,73,23,33,33,33],"floor_reached":51,"playtime":2911,"items_purged":["Defend_B","Reprogram+1"],"score":663,"play_id":"8eda5e81-c7bd-48dd-8a7d-b17fd22f8a3b","local_time":"20181211205223","is_ascension_mode":false,"campfire_choices":[{"data":"Zap","floor":6,"key":"SMITH"},{"floor":15,"key":"REST"},{"floor":23,"key":"REST"},{"floor":28,"key":"REST"},{"data":"Go for the Eyes","floor":30,"key":"SMITH"},{"floor":32,"key":"REST"},{"data":"Rip and Tear","floor":40,"key":"SMITH"},{"floor":46,"key":"REST"},{"floor":49,"key":"REST"}],"neow_cost":"NONE","seed_source_timestamp":417777408058573,"circlet_count":0,"master_deck":["Strike_B+1","Strike_B+1","Strike_B+1","Defend_B+1","Defend_B+1","Defend_B+1","Zap+1","Dualcast","Beam Cell+1","Beam Cell+1","Beam Cell","Self Repair","Go for the Eyes+1","Electrodynamics","Ball Lightning","Conserve Battery","Cold Snap+1","Lockon+1","Seek","Reinforced Body+1","Rip and Tear+1","Coolheaded+1","Parasite","Sweeping Beam+1","Ball Lightning+1"],"relics":["Cracked Core","Smiling Mask","Dodecahedron","Mercury Hourglass","Pen Nib","Regal Pillow","Bag of Marbles","Bag of Preparation","Lizard Tail","Anchor","Torii","OrangePellets","Red Mask","Centennial Puzzle"],"potions_floor_usage":[8,8,16,21,24,24,27,27,31,33,33,50,50,50],"damage_taken":[{"damage":6,"enemies":"Cultist","floor":1,"turns":4},{"damage":0,"enemies":"2 Louse","floor":2,"turns":1},{"damage":1,"enemies":"Jaw Worm","floor":4,"turns":2},{"damage":18,"enemies":"Gremlin Nob","floor":8,"turns":3},{"damage":10,"enemies":"Exordium Wildlife","floor":10,"turns":3},{"damage":5,"enemies":"3 Louse","floor":12,"turns":3},{"damage":42,"enemies":"Hexaghost","floor":16,"turns":9},{"damage":27,"enemies":"2 Thieves","floor":18,"turns":3},{"damage":5,"enemies":"Chosen","floor":19,"turns":3},{"damage":14,"enemies":"Centurion and Healer","floor":21,"turns":4},{"damage":59,"enemies":"Book of Stabbing","floor":24,"turns":6},{"damage":7,"enemies":"Colosseum Slavers","floor":27,"turns":3},{"damage":17,"enemies":"Shelled Parasite and Fungi","floor":31,"turns":3},{"damage":75,"enemies":"Champ","floor":33,"turns":10},{"damage":8,"enemies":"Orb Walker","floor":35,"turns":2},{"damage":0,"enemies":"Mind Bloom Boss Battle","floor":37,"turns":5},{"damage":1,"enemies":"3 Darklings","floor":41,"turns":3},{"damage":25,"enemies":"Writhing Mass","floor":44,"turns":5},{"damage":26,"enemies":"Jaw Worm Horde","floor":45,"turns":4},{"damage":22,"enemies":"Maw","floor":48,"turns":7},{"damage":100,"enemies":"Time Eater","floor":50,"turns":13}],"seed_played":"5585499156755728158","potions_obtained":[{"floor":1,"key":"Dexterity Potion"},{"floor":2,"key":"Poison Potion"},{"floor":4,"key":"Block Potion"},{"floor":8,"key":"FearPotion"},{"floor":18,"key":"EssenceOfSteel"},{"floor":19,"key":"SkillPotion"},{"floor":21,"key":"GamblersBrew"},{"floor":24,"key":"Regen Potion"},{"floor":29,"key":"Dexterity Potion"},{"floor":29,"key":"AttackPotion"},{"floor":29,"key":"Energy Potion"},{"floor":35,"key":"GamblersBrew"},{"floor":45,"key":"Poison Potion"},{"floor":48,"key":"Block Potion"}],"is_trial":false,"path_per_floor":["M","M","$","M","?","R","?","E","T","M","?","M","$","?","R","B",null,"M","M","?","M","?","R","E","?","T","?","R","?","R","M","R","B",null,"M","$","?","$","?","R","M","?","T","M","M","R","$","M","R","B",null],"character_chosen":"DEFECT","items_purchased":["Regal Pillow","Anchor","OrangePellets"],"campfire_rested":6,"item_purchase_floors":[13,36,38],"current_hp_per_floor":[69,69,69,68,68,68,68,50,50,47,47,49,49,34,71,36,75,48,50,50,43,29,68,16,16,16,18,57,57,57,47,80,12,80,79,79,80,80,80,80,79,79,79,54,35,74,74,59,80,47],"gold":33,"neow_bonus":"RANDOM_COMMON_RELIC","is_prod":false,"is_daily":false,"chose_seed":false,"campfire_upgraded":3,"win_rate":0.0,"timestamp":1544579543,"path_taken":["M","M","$","M","?","R","?","E","T","?","?","M","$","?","R","BOSS","M","M","?","?","?","R","E","?","T","?","R","?","R","?","R","BOSS","M","$","?","$","?","R","M","?","T","M","M","R","$","M","R","BOSS"],"build_version":"2018-12-06","purchased_purges":2,"victory":true,"max_hp_per_floor":[75,75,75,75,75,75,75,75,75,75,75,75,75,75,75,75,75,75,75,75,75,80,80,80,80,80,80,80,80,80,80,80,80,80,80,80,80,80,80,80,80,80,80,80,80,80,80,80,80,80],"card_choices":[{"not_picked":["Steam Power","Compile Driver"],"picked":"Beam Cell","floor":1},{"not_picked":["Static Discharge","Sweeping Beam"],"picked":"Beam Cell","floor":2},{"not_picked":["Darkness","Aggregate"],"picked":"Beam Cell","floor":4},{"not_picked":["Darkness","Reboot"],"picked":"Self Repair","floor":8},{"not_picked":["Steam","Conserve Battery"],"picked":"Go for the Eyes","floor":10},{"not_picked":["Force Field","Conserve Battery","Double Energy"],"picked":"SKIP","floor":12},{"not_picked":["Biased Cognition","Amplify"],"picked":"Electrodynamics","floor":16},{"not_picked":["Fusion","Compile Driver"],"picked":"Ball Lightning","floor":18},{"not_picked":["Scrape","Streamline"],"picked":"Conserve Battery","floor":19},{"not_picked":["Conserve Battery","Rebound"],"picked":"Reprogram+1","floor":21},{"not_picked":["Go for the Eyes","Conserve Battery"],"picked":"Cold Snap+1","floor":24},{"not_picked":["Beam Cell","Sweeping Beam"],"picked":"Lockon+1","floor":31},{"not_picked":["Reboot","Thunder Strike"],"picked":"Seek","floor":33},{"not_picked":["Scrape+1","Hologram+1"],"picked":"Reinforced Body+1","floor":35},{"not_picked":["Rebound","Streamline"],"picked":"Rip and Tear","floor":37},{"not_picked":["Blizzard","Cold Snap+1"],"picked":"Coolheaded+1","floor":41},{"not_picked":["Auto Shields","Fusion"],"picked":"Sweeping Beam+1","floor":44},{"not_picked":["FTL","Ball Lightning","Chaos"],"picked":"SKIP","floor":45},{"not_picked":["Coolheaded+1","Streamline+1"],"picked":"Ball Lightning+1","floor":48}],"player_experience":31801,"relics_obtained":[{"floor":8,"key":"Dodecahedron"},{"floor":9,"key":"Mercury Hourglass"},{"floor":24,"key":"Bag of Marbles"},{"floor":26,"key":"Bag of Preparation"},{"floor":37,"key":"Torii"},{"floor":43,"key":"Centennial Puzzle"}],"event_choices":[{"damage_healed":0,"gold_gain":0,"cards_transformed":["Strike_B"],"player_choice":"Change","damage_taken":0,"max_hp_gain":0,"max_hp_loss":0,"event_name":"Living Wall","floor":5,"gold_loss":0,"cards_obtained":["Steam Power"]},{"cards_removed":["Steam Power"],"damage_healed":0,"gold_gain":0,"player_choice":"Purged","damage_taken":0,"max_hp_gain":0,"max_hp_loss":0,"event_name":"Purifier","floor":7,"gold_loss":0},{"damage_healed":0,"gold_gain":30,"player_choice":"Searched \u00272\u0027 times","damage_taken":0,"relics_obtained":["Pen Nib"],"max_hp_gain":0,"max_hp_loss":0,"event_name":"Dead Adventurer","floor":11,"gold_loss":0},{"damage_healed":0,"gold_gain":0,"player_choice":"Entered Light","damage_taken":15,"max_hp_gain":0,"max_hp_loss":0,"event_name":"Shining Light","floor":14,"gold_loss":0,"cards_upgraded":["Beam Cell","Strike_B"]},{"damage_healed":0,"gold_gain":0,"player_choice":"Ignored","damage_taken":0,"max_hp_gain":0,"max_hp_loss":0,"event_name":"N\u0027loth","floor":20,"gold_loss":0},{"damage_healed":0,"gold_gain":0,"player_choice":"Shed Blood","damage_taken":19,"max_hp_gain":5,"max_hp_loss":0,"event_name":"Forgotten Altar","floor":22,"gold_loss":0},{"damage_healed":0,"gold_gain":0,"player_choice":"Simplicity","damage_taken":0,"max_hp_gain":0,"max_hp_loss":0,"event_name":"Back to Basics","floor":25,"gold_loss":0,"cards_upgraded":["Strike_B","Strike_B","Defend_B","Defend_B","Defend_B"]},{"damage_healed":0,"gold_gain":0,"player_choice":"Fight","damage_taken":0,"max_hp_gain":0,"max_hp_loss":0,"event_name":"Colosseum","floor":27,"gold_loss":0},{"damage_healed":0,"gold_gain":0,"player_choice":"Fled From Nobs","damage_taken":0,"max_hp_gain":0,"max_hp_loss":0,"event_name":"Colosseum","floor":27,"gold_loss":0},{"damage_healed":0,"gold_gain":0,"player_choice":"Bought 3 Potions","damage_taken":0,"max_hp_gain":0,"max_hp_loss":0,"event_name":"The Woman in Blue","floor":29,"gold_loss":0},{"damage_healed":0,"gold_gain":0,"player_choice":"Fight","damage_taken":0,"max_hp_gain":0,"max_hp_loss":0,"event_name":"MindBloom","floor":37,"gold_loss":0},{"damage_healed":0,"gold_gain":0,"player_choice":"Paid","damage_taken":0,"relics_obtained":["Red Mask"],"max_hp_gain":0,"max_hp_loss":0,"event_name":"Tomb of Lord Red Mask","floor":39,"gold_loss":66},{"damage_healed":0,"gold_gain":0,"player_choice":"Upgraded","damage_taken":0,"max_hp_gain":0,"max_hp_loss":0,"event_name":"Upgrade Shrine","floor":42,"gold_loss":0,"cards_upgraded":["Beam Cell"]}],"is_beta":false,"boss_relics":[{"not_picked":["Nuclear Battery","Runic Dome","Ectoplasm"]},{"not_picked":["Snecko Eye","FrozenCore"],"picked":"Lizard Tail"}],"items_purged_floors":[3,47],"is_endless":false,"potions_floor_spawned":[1,2,4,8,18,19,21,24,35,45,48],"ascension_level":0}