{"gold_per_floor":[112,130,146,197,215,215,250,250,250,18,17,29,29,69,69,192,192,211,236,236],"floor_reached":20,"playtime":924,"items_purged":[],"score":205,"play_id":"f0a75734-6ac9-4693-bbc8-0fe400eefd70","local_time":"20181224011848","is_ascension_mode":true,"campfire_choices":[{"data":"Neutralize","floor":6,"key":"SMITH"},{"floor":8,"key":"REST"},{"data":"Noxious Fumes","floor":15,"key":"SMITH"}],"neow_cost":"NONE","seed_source_timestamp":64642964925300,"circlet_count":0,"master_deck":["Defend_G","Defend_G","Defend_G","Defend_G","Defend_G","Strike_G","Strike_G","Strike_G","Strike_G","Strike_G","Survivor","Neutralize+1","Unload","Outmaneuver","Bane","Eviscerate","Footwork","Leg Sweep","Accuracy","Blade Dance","Noxious Fumes+1","Cloak And Dagger","Injury","Adrenaline","Terror","Accuracy"],"relics":["Ring of the Snake","Boot","Paper Crane","Blood Vial","Golden Idol","Bottled Lightning","Sozu"],"potions_floor_usage":[7,14,16,16,20],"damage_taken":[{"damage":0,"enemies":"Small Slimes","floor":1,"turns":4},{"damage":1,"enemies":"2 Louse","floor":2,"turns":3},{"damage":0,"enemies":"Jaw Worm","floor":3,"turns":4},{"damage":3,"enemies":"Blue Slaver","floor":5,"turns":4},{"damage":33,"enemies":"3 Sentries","floor":7,"turns":15},{"damage":0,"enemies":"Exordium Thugs","floor":11,"turns":4},{"damage":7,"enemies":"3 Louse","floor":12,"turns":3},{"damage":14,"enemies":"Gremlin Nob","floor":14,"turns":7},{"damage":36,"enemies":"The Guardian","floor":16,"turns":13},{"damage":14,"enemies":"2 Thieves","floor":18,"turns":5},{"damage":40,"enemies":"Spheric Guardian","floor":19,"turns":6},{"damage":26,"enemies":"Snecko","floor":20,"turns":3}],"seed_played":"5874243558511955545","potions_obtained":[{"floor":2,"key":"EssenceOfSteel"},{"floor":7,"key":"GhostInAJar"},{"floor":11,"key":"Swift Potion"},{"floor":14,"key":"Poison Potion"},{"floor":16,"key":"LiquidBronze"}],"is_trial":false,"path_per_floor":["M","M","M","?","M","R","E","R","T","$","M","M","?","E","R","B",null,"M","M","M"],"character_chosen":"THE_SILENT","items_purchased":["Accuracy","Blade Dance","Blood Vial"],"campfire_rested":1,"item_purchase_floors":[10,10,10],"current_hp_per_floor":[70,69,69,69,66,66,33,54,54,54,56,51,51,39,39,5,70,56,18,0],"gold":236,"neow_bonus":"ONE_RANDOM_RARE_CARD","is_prod":false,"is_daily":false,"chose_seed":false,"campfire_upgraded":2,"win_rate":0,"timestamp":1545632328,"path_taken":["M","M","M","?","M","R","E","R","T","$","M","M","?","E","R","BOSS","M","M","M"],"build_version":"2018-12-20","purchased_purges":0,"victory":false,"max_hp_per_floor":[70,70,70,70,70,70,70,70,70,70,70,70,70,70,70,70,70,70,70,70],"card_choices":[{"not_picked":["Slice","Deflect"],"picked":"Outmaneuver","floor":1},{"not_picked":["Choke","Slice"],"picked":"Bane","floor":2},{"not_picked":["Dagger Throw","Blade Dance"],"picked":"Eviscerate","floor":3},{"not_picked":["Blade Dance","Bane"],"picked":"Footwork","floor":5},{"not_picked":["Infinite Blades","Slice"],"picked":"Leg Sweep","floor":7},{"not_picked":["Flying Knee","Dodge and Roll"],"picked":"Noxious Fumes","floor":11},{"not_picked":["Backstab","Slice"],"picked":"Cloak And Dagger","floor":12},{"not_picked":["Choke","Flying Knee","Dash"],"picked":"SKIP","floor":14},{"not_picked":["Doppelganger","Malaise"],"picked":"Adrenaline","floor":16},{"not_picked":["Quick Slash+1","Masterful Stab+1"],"picked":"Terror","floor":18},{"not_picked":["Flechettes","Dagger Throw"],"picked":"Accuracy","floor":19}],"player_experience":333040,"relics_obtained":[{"floor":7,"key":"Boot"},{"floor":9,"key":"Paper Crane"},{"floor":14,"key":"Bottled Lightning"}],"event_choices":[{"damage_healed":0,"gold_gain":51,"player_choice":"Gained Gold","damage_taken":0,"max_hp_gain":0,"max_hp_loss":0,"event_name":"Golden Wing","floor":4,"gold_loss":0},{"damage_healed":0,"gold_gain":0,"player_choice":"Take Wound","damage_taken":0,"relics_obtained":["Golden Idol"],"max_hp_gain":0,"max_hp_loss":0,"event_name":"Golden Idol","floor":13,"gold_loss":0,"cards_obtained":["Injury"]}],"is_beta":false,"boss_relics":[{"not_picked":["Tiny House","Snecko Eye"],"picked":"Sozu"}],"items_purged_floors":[],"is_endless":false,"potions_floor_spawned":[2,7,11,14,16,18],"killed_by":"Snecko","ascension_level":2}