{"gold_per_floor":[119,69,39,59,77,102,102,102,150,325,340,340,132,165,165,261,261,271,26,26,37,57,91,5,5,5,5,5,25,39,55,55,55],"floor_reached":33,"playtime":1339,"items_purged":[],"score":355,"play_id":"12ec8137-829a-4906-8bb7-291b729bf572","local_time":"20190124224615","is_ascension_mode":true,"campfire_choices":[{"data":"Streamline","floor":7,"key":"SMITH"},{"floor":12,"key":"REST"},{"floor":15,"key":"REST"},{"floor":25,"key":"REST"},{"floor":32,"key":"REST"}],"neow_cost":"NONE","seed_source_timestamp":12641657171640,"circlet_count":0,"master_deck":["Strike_B","Strike_B","Strike_B","Strike_B","Defend_B","Defend_B","Defend_B","Zap","Dualcast","White Noise","Hologram","Streamline+1","Go for the Eyes","Doubt","Hello World","Amplify","All For One","Go for the Eyes","Gash","Gash","Melter","Gash","Loop+1","Enlightenment","Beam Cell","Sweeping Beam","Gash"],"relics":["Cracked Core","Bag of Marbles","Bronze Scales","Centennial Puzzle","HandDrill","Oddly Smooth Stone","Fusion Hammer","Runic Capacitor","Blood Vial","Dodecahedron","Girya","Cables"],"potions_floor_usage":[4,23],"damage_taken":[{"damage":2,"enemies":"Small Slimes","floor":1,"turns":3},{"damage":0,"enemies":"Cultist","floor":4,"turns":2},{"damage":0,"enemies":"2 Louse","floor":5,"turns":1},{"damage":37,"enemies":"Gremlin Nob","floor":6,"turns":4},{"damage":0,"enemies":"Large Slime","floor":11,"turns":4},{"damage":30,"enemies":"3 Sentries","floor":14,"turns":5},{"damage":5,"enemies":"Slime Boss","floor":16,"turns":10},{"damage":12,"enemies":"3 Byrds","floor":18,"turns":3},{"damage":8,"enemies":"Chosen","floor":21,"turns":4},{"damage":0,"enemies":"Sentry and Sphere","floor":22,"turns":3},{"damage":62,"enemies":"Slavers","floor":23,"turns":5},{"damage":8,"enemies":"Cultist and Chosen","floor":29,"turns":4},{"damage":14,"enemies":"Snake Plant","floor":30,"turns":3},{"damage":0,"enemies":"Centurion and Healer","floor":31,"turns":5},{"damage":71,"enemies":"Collector","floor":33,"turns":6}],"seed_played":"-2148982843901831624","potions_obtained":[{"floor":1,"key":"FairyPotion"},{"floor":3,"key":"SteroidPotion"},{"floor":3,"key":"Ancient Potion"},{"floor":5,"key":"SteroidPotion"},{"floor":18,"key":"EssenceOfSteel"}],"is_trial":false,"path_per_floor":["M","?","?","M","M","E","R","?","T","?","M","R","$","E","R","B",null,"M","$","?","M","M","E","$","R","T","T","?","M","M","M","R","B"],"character_chosen":"DEFECT","items_purchased":["HandDrill","Gash","Runic Capacitor","Enlightenment"],"campfire_rested":4,"item_purchase_floors":[13,19,19,24],"current_hp_per_floor":[73,73,73,73,73,36,36,41,41,41,41,65,65,35,59,54,80,68,68,68,60,60,8,8,32,32,32,32,26,14,16,40,0],"gold":55,"neow_bonus":"RANDOM_COMMON_RELIC","is_prod":false,"is_daily":false,"chose_seed":false,"campfire_upgraded":1,"win_rate":0,"timestamp":1548387975,"path_taken":["M","?","?","?","M","E","R","?","T","?","M","R","$","E","R","BOSS","M","$","?","M","M","E","$","R","T","?","?","M","M","?","R","BOSS"],"build_version":"2019-01-23","purchased_purges":0,"victory":false,"max_hp_per_floor":[75,75,75,75,75,75,75,80,80,80,80,80,80,80,80,80,80,80,80,80,80,80,80,80,80,80,80,80,80,80,80,80,80],"card_choices":[{"not_picked":["Doom and Gloom","Beam Cell"],"picked":"White Noise","floor":1},{"not_picked":["Reprogram","Auto Shields"],"picked":"Hologram","floor":4},{"not_picked":["Coolheaded","Barrage"],"picked":"Streamline","floor":5},{"not_picked":["Recycle","Steam"],"picked":"Go for the Eyes","floor":6},{"not_picked":["Cold Snap","Ball Lightning"],"picked":"Hello World","floor":11},{"not_picked":["Streamline","Chill"],"picked":"Amplify","floor":14},{"not_picked":["Machine Learning","Fission"],"picked":"All For One","floor":16},{"not_picked":["Auto Shields","Force Field+1"],"picked":"Go for the Eyes","floor":18},{"not_picked":["Stack+1","Glacier+1"],"picked":"Melter","floor":21},{"not_picked":["Redo","Beam Cell"],"picked":"Gash","floor":22},{"not_picked":["Go for the Eyes","Stack"],"picked":"Loop+1","floor":23},{"not_picked":["Fission","Cold Snap"],"picked":"Beam Cell","floor":29},{"not_picked":["Storm","Cold Snap+1"],"picked":"Sweeping Beam","floor":30},{"not_picked":["Compile Driver","Coolheaded"],"picked":"Gash","floor":31}],"player_experience":157935,"relics_obtained":[{"floor":6,"key":"Bronze Scales"},{"floor":9,"key":"Centennial Puzzle"},{"floor":14,"key":"Oddly Smooth Stone"},{"floor":23,"key":"Blood Vial"},{"floor":26,"key":"Dodecahedron"},{"floor":27,"key":"Girya"},{"floor":28,"key":"Cables"}],"event_choices":[{"cards_removed":["Defend_B"],"damage_healed":0,"gold_gain":0,"player_choice":"Card Removal","damage_taken":0,"max_hp_gain":0,"max_hp_loss":0,"event_name":"The Cleric","floor":2,"gold_loss":50},{"damage_healed":0,"gold_gain":0,"player_choice":"Bought 2 Potions","damage_taken":0,"max_hp_gain":0,"max_hp_loss":0,"event_name":"The Woman in Blue","floor":3,"gold_loss":0},{"damage_healed":0,"gold_gain":0,"player_choice":"Donut","damage_taken":0,"max_hp_gain":5,"max_hp_loss":0,"event_name":"Big Fish","floor":8,"gold_loss":0},{"damage_healed":0,"gold_gain":175,"player_choice":"AGREE","damage_taken":0,"max_hp_gain":0,"max_hp_loss":0,"event_name":"Liars Game","floor":10,"gold_loss":0,"cards_obtained":["Doubt"]},{"damage_healed":0,"gold_gain":0,"player_choice":"Read","damage_taken":0,"max_hp_gain":0,"max_hp_loss":0,"event_name":"The Library","floor":20,"gold_loss":0,"cards_obtained":["Gash"]},{"damage_healed":0,"gold_gain":0,"player_choice":"Relic","damage_taken":0,"max_hp_gain":0,"max_hp_loss":0,"event_name":"Wheel of Change","floor":28,"gold_loss":0}],"is_beta":false,"boss_relics":[{"not_picked":["Calling Bell","Coffee Dripper"],"picked":"Fusion Hammer"}],"items_purged_floors":[],"is_endless":false,"potions_floor_spawned":[1,5,18,22],"killed_by":"Collector","ascension_level":4}