{"gold_per_floor":[109,122,122,136,146,146,13,13,13,13,43,43,107,122,122,222,222,237,237,267,55,71,99,99,116,116,140,160,0,46,64,64,64],"floor_reached":33,"playtime":1340,"items_purged":["Shame"],"score":396,"play_id":"7327f0f6-e2e2-49d4-ae3d-75309fa43dee","local_time":"20190227171934","is_ascension_mode":true,"campfire_choices":[{"data":"Armaments","floor":6,"key":"SMITH"},{"data":"Rupture","floor":10,"key":"SMITH"},{"floor":12,"key":"REST"},{"floor":15,"key":"REST"},{"floor":24,"key":"REST"},{"floor":32,"key":"REST"}],"neow_cost":"NONE","seed_source_timestamp":444340728186200,"circlet_count":0,"master_deck":["Strike_R","Strike_R","Strike_R","Strike_R","Strike_R","Defend_R","Defend_R","Defend_R","Defend_R","Bash","Forethought+1","Armaments+1","Cleave","Dropkick","Feel No Pain","Rupture+1","Shrug It Off","Parasite","Shrug It Off","Disarm","Immolate","Spot Weakness+1","Ghostly","Ghostly","Ghostly","Ghostly","Ghostly","Limit Break","Rupture+1","Flame Barrier+1","Headbutt+1","Combust+1"],"relics":["Burning Blood","Pear","Ornamental Fan","Strawberry","Runic Pyramid","Tiny Chest","FossilizedHelix","Matryoshka","Bag of Preparation","Red Skull","Centennial Puzzle","Smiling Mask"],"potions_floor_usage":[16,16,33,33],"damage_taken":[{"damage":23,"enemies":"Jaw Worm","floor":1,"turns":4},{"damage":10,"enemies":"2 Louse","floor":2,"turns":5},{"damage":10,"enemies":"Small Slimes","floor":4,"turns":3},{"damage":6,"enemies":"2 Fungi Beasts","floor":5,"turns":5},{"damage":67,"enemies":"Gremlin Nob","floor":11,"turns":6},{"damage":25,"enemies":"3 Sentries","floor":13,"turns":11},{"damage":8,"enemies":"Blue Slaver","floor":14,"turns":4},{"damage":51,"enemies":"Slime Boss","floor":16,"turns":9},{"damage":25,"enemies":"Shell Parasite","floor":18,"turns":7},{"damage":21,"enemies":"Chosen","floor":22,"turns":10},{"damage":30,"enemies":"Gremlin Leader","floor":23,"turns":10},{"damage":3,"enemies":"Shelled Parasite and Fungi","floor":25,"turns":7},{"damage":14,"enemies":"Centurion and Healer","floor":28,"turns":12},{"damage":13,"enemies":"Sentry and Sphere","floor":31,"turns":7},{"damage":30,"enemies":"Automaton","floor":33,"turns":6}],"seed_played":"-9004862995546256008","potions_obtained":[{"floor":2,"key":"EssenceOfSteel"},{"floor":5,"key":"SmokeBomb"},{"floor":11,"key":"PowerPotion"},{"floor":16,"key":"SpeedPotion"},{"floor":23,"key":"LiquidBronze"}],"is_trial":false,"path_per_floor":["M","M","?","M","M","R","$","?","T","R","E","R","?","M","R","B",null,"M","?","?","$","M","E","R","M","T","T","M","?","T","M","R","B"],"character_chosen":"IRONCLAD","items_purchased":["Rupture","Shrug It Off","Limit Break"],"campfire_rested":4,"item_purchase_floors":[7,7,21],"current_hp_per_floor":[55,51,51,47,47,47,47,67,77,77,16,43,31,29,58,13,76,57,48,48,48,33,9,23,26,26,26,18,18,18,11,25,0],"gold":64,"neow_bonus":"RANDOM_COLORLESS","is_prod":false,"is_daily":false,"chose_seed":false,"campfire_upgraded":2,"win_rate":0,"timestamp":1551305974,"path_taken":["M","M","?","M","M","R","$","?","T","R","E","R","?","M","R","BOSS","M","?","?","$","M","E","R","M","T","?","?","?","?","M","R","BOSS"],"build_version":"2019-01-23","purchased_purges":1,"victory":false,"max_hp_per_floor":[80,80,80,80,80,80,80,80,90,90,90,90,97,97,97,97,97,97,48,48,48,48,48,48,48,48,48,48,48,48,48,48,48],"card_choices":[{"not_picked":["Ghostly Armor","Anger"],"picked":"Armaments","floor":1},{"not_picked":["Clash","Sword Boomerang"],"picked":"Cleave","floor":2},{"not_picked":["Clash","Seeing Red"],"picked":"Dropkick","floor":4},{"not_picked":["Warcry","Fire Breathing"],"picked":"Feel No Pain","floor":5},{"not_picked":["Dropkick","True Grit"],"picked":"Shrug It Off","floor":11},{"not_picked":["Reckless Charge","Warcry"],"picked":"Disarm","floor":14},{"not_picked":["Berserk","Exhume"],"picked":"Immolate","floor":16},{"not_picked":["Dropkick","Pommel Strike"],"picked":"Spot Weakness+1","floor":18},{"not_picked":["Anger","Fire Breathing"],"picked":"Rupture+1","floor":22},{"not_picked":["Perfected Strike","Warcry","Reckless Charge"],"picked":"SKIP","floor":23},{"not_picked":["Pommel Strike+1","Twin Strike"],"picked":"Flame Barrier+1","floor":25},{"not_picked":["Shrug It Off","Pommel Strike"],"picked":"Headbutt+1","floor":28},{"not_picked":["True Grit","Spot Weakness"],"picked":"Combust+1","floor":31}],"player_experience":497076,"relics_obtained":[{"floor":9,"key":"Pear"},{"floor":11,"key":"Ornamental Fan"},{"floor":23,"key":"FossilizedHelix"},{"floor":26,"key":"Matryoshka"},{"floor":27,"key":"Bag of Preparation"},{"floor":27,"key":"Red Skull"},{"floor":30,"key":"Centennial Puzzle"},{"floor":30,"key":"Smiling Mask"}],"event_choices":[{"damage_healed":0,"gold_gain":0,"player_choice":"Grow","damage_taken":0,"max_hp_gain":0,"max_hp_loss":0,"event_name":"Living Wall","floor":3,"gold_loss":0,"cards_upgraded":["Forethought"]},{"damage_healed":20,"gold_gain":0,"player_choice":"Healed and dodged fight","damage_taken":0,"max_hp_gain":0,"max_hp_loss":0,"event_name":"Mushrooms","floor":8,"gold_loss":0,"cards_obtained":["Parasite"]},{"damage_healed":0,"gold_gain":0,"player_choice":"Searched \u00272\u0027 times","damage_taken":0,"relics_obtained":["Strawberry"],"max_hp_gain":0,"max_hp_loss":0,"event_name":"Dead Adventurer","floor":13,"gold_loss":0},{"damage_healed":0,"gold_gain":0,"player_choice":"Became a Ghost","damage_taken":0,"max_hp_gain":0,"max_hp_loss":49,"event_name":"Ghosts","floor":19,"gold_loss":0,"cards_obtained":["Ghostly","Ghostly","Ghostly","Ghostly","Ghostly"]},{"damage_healed":0,"gold_gain":0,"player_choice":"Stole Relic","damage_taken":0,"relics_obtained":["Tiny Chest"],"max_hp_gain":0,"max_hp_loss":0,"event_name":"Addict","floor":20,"gold_loss":0,"cards_obtained":["Shame"]},{"damage_healed":0,"gold_gain":0,"player_choice":"Paid Fearfully","damage_taken":0,"max_hp_gain":0,"max_hp_loss":0,"event_name":"Masked Bandits","floor":29,"gold_loss":160}],"is_beta":false,"boss_relics":[{"not_picked":["Ectoplasm","Black Blood"],"picked":"Runic Pyramid"}],"items_purged_floors":[21],"is_endless":false,"potions_floor_spawned":[2,5,11,16,23,28,31],"killed_by":"Automaton","ascension_level":8}