{"gold_per_floor":[113,68,68,79,98,132,132,145,145,145,164,164,196,212,212,308,308,325,342,64,64],"floor_reached":21,"playtime":952,"items_purged":["Strike_R"],"score":239,"play_id":"7d694ccf-2e92-47fe-8bea-090fe541ea51","local_time":"20190207152618","is_ascension_mode":true,"campfire_choices":[{"data":"Hemokinesis","floor":7.0,"key":"SMITH"},{"data":"Havoc","floor":10.0,"key":"SMITH"},{"data":"Feel No Pain","floor":12.0,"key":"SMITH"},{"data":"Pommel Strike","floor":15.0,"key":"SMITH"}],"neow_cost":"TEN_PERCENT_HP_LOSS","seed_source_timestamp":19344818330000,"circlet_count":0,"master_deck":["Strike_R","Strike_R","Defend_R","Defend_R","Defend_R","Defend_R","Bash","Dropkick","Feel No Pain+1","Rage+1","Thunderclap","Pommel Strike+1","Hemokinesis+1","Headbutt","Havoc+1","Rupture+1","Cleave+1","Shrug It Off","Immolate+1","Body Slam+1","Havoc"],"special_seed":0,"relics":["Black Blood","Frozen Egg 2","Molten Egg 2","Meat on the Bone","PrismaticShard"],"potions_floor_usage":[21,21],"damage_taken":[{"damage":7.0,"enemies":"2 Louse","floor":1.0,"turns":3.0},{"damage":1.0,"enemies":"Cultist","floor":4.0,"turns":4.0},{"damage":1.0,"enemies":"Jaw Worm","floor":5.0,"turns":4.0},{"damage":28.0,"enemies":"3 Sentries","floor":6.0,"turns":12.0},{"damage":2.0,"enemies":"Large Slime","floor":8.0,"turns":4.0},{"damage":2.0,"enemies":"Blue Slaver","floor":11.0,"turns":2.0},{"damage":18.0,"enemies":"Lagavulin","floor":13.0,"turns":4.0},{"damage":2.0,"enemies":"Looter","floor":14.0,"turns":2.0},{"damage":33.0,"enemies":"Hexaghost","floor":16.0,"turns":9.0},{"damage":21.0,"enemies":"3 Byrds","floor":18.0,"turns":5.0},{"damage":37.0,"enemies":"Spheric Guardian","floor":19.0,"turns":6.0},{"damage":44,"enemies":"Snecko","floor":21,"turns":5}],"seed_played":"-3146129197960627758","potions_obtained":[{"floor":1.0,"key":"SpeedPotion"},{"floor":4.0,"key":"GamblersBrew"},{"floor":6.0,"key":"SteroidPotion"},{"floor":16.0,"key":"Swift Potion"},{"floor":19.0,"key":"SteroidPotion"}],"is_trial":false,"path_per_floor":["M","$","?","M","M","E","R","M","T","R","M","R","E","M","R","B",null,"M","M","$","M"],"character_chosen":"IRONCLAD","items_purchased":["Thunderclap","PrismaticShard"],"campfire_rested":0,"item_purchase_floors":[2,20],"current_hp_per_floor":[71,71,71,72,72,50,50,54,54,54,58,58,46,50,50,35,63,52,37,37,0],"gold":64,"neow_bonus":"TRANSFORM_TWO_CARDS","is_prod":false,"is_daily":false,"chose_seed":false,"campfire_upgraded":4,"win_rate":0,"timestamp":1549571178,"path_taken":["M","$","?","M","?","E","R","M","T","R","M","R","E","M","R","BOSS","M","M","$","M"],"build_version":"2019-01-23","purchased_purges":1,"victory":false,"max_hp_per_floor":[72,72,72,72,72,72,72,72,72,72,72,72,72,72,72,72,72,72,72,72,72],"card_choices":[{"not_picked":["Armaments","Sentinel"],"picked":"Rage","floor":1.0},{"not_picked":["Heavy Blade","Thunderclap"],"picked":"Pommel Strike","floor":4.0},{"not_picked":["Havoc","Entrench"],"picked":"Hemokinesis","floor":5.0},{"not_picked":["Bloodletting","Perfected Strike"],"picked":"Headbutt","floor":6.0},{"not_picked":["Body Slam","Iron Wave"],"picked":"Havoc","floor":8.0},{"not_picked":["Iron Wave+1","Fiend Fire+1"],"picked":"Rupture+1","floor":11.0},{"not_picked":["Perfected Strike+1","Headbutt+1"],"picked":"Cleave+1","floor":13.0},{"not_picked":["Thunderclap+1","Perfected Strike+1"],"picked":"Shrug It Off","floor":14.0},{"not_picked":["Feed+1","Double Tap"],"picked":"Immolate+1","floor":16.0},{"not_picked":["Shrug It Off","Pommel Strike+1"],"picked":"Body Slam+1","floor":18.0},{"not_picked":["Carnage+1","Fire Breathing+1"],"picked":"Havoc","floor":19.0}],"player_experience":401593,"relics_obtained":[{"floor":6.0,"key":"Frozen Egg 2"},{"floor":9.0,"key":"Molten Egg 2"},{"floor":13.0,"key":"Meat on the Bone"}],"event_choices":[{"damage_healed":0.0,"max_hp_gain":0.0,"max_hp_loss":0.0,"gold_gain":0.0,"event_name":"Upgrade Shrine","player_choice":"Upgraded","floor":3.0,"gold_loss":0.0,"damage_taken":0.0,"cards_upgraded":["Rage"]}],"is_beta":false,"boss_relics":[{"not_picked":["Pandora\u0027s Box","Tiny House"],"picked":"Black Blood"}],"items_purged_floors":[20],"is_endless":false,"potions_floor_spawned":[1,4,6,16,19],"killed_by":"Snecko","ascension_level":5}