{"gold_per_floor":[114,114,40,40,40,40,68,68,68,81,10,10,20,48,48,146,146,156,174,84,9,9],"floor_reached":22,"playtime":659,"items_purged":["Strike_R"],"score":269,"play_id":"95b4b7a4-94a9-49ad-84aa-2dbae337f680","local_time":"20190416210456","is_ascension_mode":true,"campfire_choices":[{"data":"Clothesline","floor":6,"key":"SMITH"},{"data":"Bash","floor":8,"key":"SMITH"},{"data":"Inflame","floor":12,"key":"SMITH"},{"data":"Limit Break","floor":15,"key":"SMITH"}],"neow_cost":"NONE","seed_source_timestamp":39328938936231,"circlet_count":0,"master_deck":["Strike_R","Strike_R+1","Defend_R+1","Defend_R+1","Defend_R","Defend_R+1","Bash+1","Clothesline+1","Rampage+1","Sword Boomerang","Inflame+1","Iron Wave+1","Limit Break+1","Barricade+1","Thunderclap+1","Rampage+1"],"relics":["Burning Blood","NeowsBlessing","Boot","Molten Egg 2","War Paint","Black Star"],"potions_floor_usage":[16],"damage_taken":[{"damage":0,"enemies":"Jaw Worm","floor":1,"turns":1},{"damage":0,"enemies":"Gremlin Nob","floor":7,"turns":1},{"damage":0,"enemies":"Small Slimes","floor":10,"turns":1},{"damage":0,"enemies":"Cultist","floor":13,"turns":2},{"damage":10,"enemies":"Lagavulin","floor":14,"turns":5},{"damage":39,"enemies":"Hexaghost","floor":16,"turns":8},{"damage":35,"enemies":"3 Byrds","floor":18,"turns":5},{"damage":20,"enemies":"Spheric Guardian","floor":19,"turns":4},{"damage":32,"enemies":"Centurion and Healer","floor":22,"turns":4}],"seed_played":"-652687543902636618","potions_obtained":[{"floor":14,"key":"Regen Potion"}],"is_trial":false,"path_per_floor":["M","?","$","?","?","R","E","R","T","M","$","R","M","E","R","B",null,"M","M","?","$","M"],"character_chosen":"IRONCLAD","items_purchased":["Rampage","Inflame"],"campfire_rested":0,"item_purchase_floors":[3,11],"current_hp_per_floor":[80,64,64,64,64,64,70,70,70,76,76,76,80,76,76,58,75,46,32,32,32,0],"gold":9,"neow_bonus":"THREE_ENEMY_KILL","is_prod":false,"is_daily":false,"chose_seed":false,"campfire_upgraded":4,"win_rate":0,"timestamp":1555463096,"path_taken":["M","?","$","?","?","R","E","R","T","M","$","R","M","E","R","BOSS","M","?","?","$","?"],"build_version":"2019-01-23","purchased_purges":1,"victory":false,"max_hp_per_floor":[80,80,80,80,80,80,80,80,80,80,80,80,80,80,80,80,80,80,80,80,80,80],"card_choices":[{"not_picked":["Clash","Perfected Strike"],"picked":"Clothesline","floor":1},{"not_picked":["Heavy Blade","True Grit"],"picked":"Sword Boomerang","floor":7},{"not_picked":["Body Slam+1","Flex","Warcry"],"picked":"SKIP","floor":10},{"not_picked":["True Grit","Wild Strike+1"],"picked":"Iron Wave+1","floor":13},{"not_picked":["Fire Breathing","Heavy Blade+1"],"picked":"Limit Break","floor":14},{"not_picked":["Double Tap","Impervious"],"picked":"Barricade","floor":16},{"not_picked":["Pommel Strike+1","Sword Boomerang+1"],"picked":"Thunderclap+1","floor":18},{"not_picked":["Evolve","Flex+1"],"picked":"Rampage+1","floor":19}],"player_experience":309209,"relics_obtained":[{"floor":7,"key":"Boot"},{"floor":9,"key":"Molten Egg 2"},{"floor":14,"key":"War Paint"}],"event_choices":[{"damage_healed":0,"gold_gain":0,"player_choice":"Entered Light","damage_taken":16,"max_hp_gain":0,"max_hp_loss":0,"event_name":"Shining Light","floor":2,"gold_loss":0,"cards_upgraded":["Defend_R","Strike_R"]},{"damage_healed":0,"gold_gain":0,"player_choice":"Grow","damage_taken":0,"max_hp_gain":0,"max_hp_loss":0,"event_name":"Living Wall","floor":4,"gold_loss":0,"cards_upgraded":["Rampage"]},{"cards_removed":["Strike_R"],"damage_healed":0,"gold_gain":0,"player_choice":"Purged","damage_taken":0,"max_hp_gain":0,"max_hp_loss":0,"event_name":"Purifier","floor":5,"gold_loss":0},{"cards_removed":["Strike_R"],"damage_healed":0,"gold_gain":0,"player_choice":"Upgrade and Remove","damage_taken":0,"max_hp_gain":0,"max_hp_loss":0,"event_name":"Designer","floor":20,"gold_loss":90,"cards_upgraded":["Barricade"]}],"is_beta":false,"boss_relics":[{"not_picked":["Ectoplasm","Tiny House"],"picked":"Black Star"}],"items_purged_floors":[21],"is_endless":false,"potions_floor_spawned":[14],"killed_by":"Centurion and Healer","ascension_level":5}