{"gold_per_floor":[113,7,27,87,87,121,121,159,159,159,178,199,212,284,284,415,415,440,136,136,157,157,157,181,181,181,200,200,215,215,140,140,266,266,284,86,419,419,29,54,81,93,105,117],"floor_reached":44,"playtime":1193,"items_purged":["Injury","Bash"],"score":566,"play_id":"e1501d49-4095-432f-bfec-2ea18e2a1abb","local_time":"20181110164809","is_ascension_mode":true,"campfire_choices":[{"data":"1","floor":7.0,"key":"LIFT"},{"data":"2","floor":10.0,"key":"LIFT"},{"data":"3","floor":15.0,"key":"LIFT"},{"floor":23.0,"key":"REST"},{"floor":25.0,"key":"REST"},{"data":"Limit Break","floor":28.0,"key":"SMITH"},{"floor":32.0,"key":"REST"},{"floor":42,"key":"REST"}],"neow_cost":"NONE","seed_source_timestamp":0,"circlet_count":0,"master_deck":["Strike_R","Strike_R","Strike_R","Strike_R","Strike_R","Defend_R","Defend_R+1","Defend_R","Defend_R","Pummel","Inflame","Perfected Strike","Clothesline","Flex+1","Shrug It Off","Spot Weakness","Inflame","Limit Break+1","Thunderclap","Armaments+1","Reaper","Apotheosis"],"special_seed":0,"relics":["Black Blood","NeowsBlessing","Girya","Blue Candle","Incense Burner","The Courier","Runic Pyramid","Pantograph","MutagenicStrength","Singing Bowl","FossilizedHelix","Kunai","War Paint","Molten Egg 2","MawBank","Pear"],"potions_floor_usage":[],"damage_taken":[{"damage":0.0,"enemies":"2 Louse","floor":1.0,"turns":1.0},{"damage":0.0,"enemies":"Small Slimes","floor":3.0,"turns":1.0},{"damage":0.0,"enemies":"3 Sentries","floor":6.0,"turns":1.0},{"damage":20.0,"enemies":"Gremlin Nob","floor":8.0,"turns":4.0},{"damage":13.0,"enemies":"Jaw Worm","floor":11.0,"turns":2.0},{"damage":14.0,"enemies":"3 Louse","floor":12.0,"turns":3.0},{"damage":15.0,"enemies":"2 Fungi Beasts","floor":13.0,"turns":3.0},{"damage":11.0,"enemies":"Slime Boss","floor":16.0,"turns":8.0},{"damage":65.0,"enemies":"3 Byrds","floor":18.0,"turns":6.0},{"damage":16.0,"enemies":"Shell Parasite","floor":21.0,"turns":4.0},{"damage":18.0,"enemies":"Centurion and Healer","floor":24.0,"turns":5.0},{"damage":0.0,"enemies":"Sentry and Sphere","floor":27.0,"turns":2.0},{"damage":31.0,"enemies":"Chosen and Byrds","floor":29.0,"turns":5.0},{"damage":16.0,"enemies":"Collector","floor":33.0,"turns":6.0},{"damage":19.0,"enemies":"Orb Walker","floor":35.0,"turns":5.0},{"damage":85,"enemies":"Giant Head","floor":40,"turns":8},{"damage":35,"enemies":"3 Shapes","floor":41,"turns":4},{"damage":126,"enemies":"Reptomancer","floor":44,"turns":7}],"seed_played":"1077824271962922717","potions_obtained":[{"floor":1.0,"key":"Fruit Juice"},{"floor":8.0,"key":"Swift Potion"},{"floor":21.0,"key":"Strength Potion"},{"floor":24.0,"key":"Explosive Potion"},{"floor":33.0,"key":"PowerPotion"},{"floor":40,"key":"SkillPotion"}],"is_trial":false,"path_per_floor":["M","$","M","?","?","E","R","E","T","R","M","M","M","T","R","B",null,"M","$","?","M","?","R","M","R","T","M","R","M","T","?","R","B",null,"M","$","?","?","$","E","M","R","T","E"],"character_chosen":"IRONCLAD","items_purchased":["Inflame","Perfected Strike","Armaments","Pantograph","Kunai","War Paint","Molten Egg 2"],"campfire_rested":4,"item_purchase_floors":[2,2,19,19,36,39,39],"current_hp_per_floor":[80,80,80,80,80,80,80,71,71,71,64,56,47,47,47,42,85,26,26,26,16,16,41,29,54,54,62,62,39,39,39,65,79,89,82,82,82,76,76,44,45,74,84,0],"gold":117,"neow_bonus":"THREE_ENEMY_KILL","is_prod":false,"is_daily":false,"chose_seed":false,"campfire_upgraded":1,"win_rate":0,"timestamp":1541886489,"path_taken":["M","$","M","?","?","E","R","E","T","R","M","M","M","?","R","BOSS","M","$","?","M","?","R","M","R","T","?","R","?","?","?","R","BOSS","M","$","?","?","?","E","M","R","T","E"],"build_version":"2018-11-08","purchased_purges":2,"victory":false,"max_hp_per_floor":[80,80,80,80,80,80,80,85,85,85,85,85,85,85,85,85,85,85,85,85,85,85,85,85,85,85,87,87,89,89,89,89,89,89,91,91,91,95,95,97,99,99,109,109],"card_choices":[{"not_picked":["True Grit","Thunderclap"],"picked":"Pummel","floor":1.0},{"not_picked":["True Grit","Intimidate"],"picked":"Clothesline","floor":3.0},{"not_picked":["Entrench","Feel No Pain"],"picked":"Warcry","floor":6.0},{"not_picked":["Pummel","Juggernaut"],"picked":"Flex","floor":8.0},{"not_picked":["Havoc","Feel No Pain"],"picked":"Shrug It Off","floor":11.0},{"not_picked":["True Grit","Corruption"],"picked":"Spot Weakness","floor":12.0},{"not_picked":["Thunderclap","Clash"],"picked":"Inflame","floor":13.0},{"not_picked":["Reaper","Brutality"],"picked":"Limit Break","floor":16.0},{"not_picked":["Flex","Clothesline+1"],"picked":"Thunderclap","floor":18.0},{"not_picked":["Iron Wave+1","Shockwave","Corruption"],"picked":"SKIP","floor":21.0},{"not_picked":["Iron Wave+1","Sever Soul","Clothesline"],"picked":"SKIP","floor":24.0},{"not_picked":["Twin Strike+1","Headbutt","Shrug It Off+1"],"picked":"Singing Bowl","floor":27.0},{"not_picked":["Offering","Carnage","Cleave"],"picked":"Singing Bowl","floor":29.0},{"not_picked":["Brutality","Juggernaut"],"picked":"Reaper","floor":33.0},{"not_picked":["Shrug It Off+1","Spot Weakness","Thunderclap"],"picked":"Singing Bowl","floor":35.0},{"not_picked":["Panache","Master of Strategy","Purity"],"picked":"Singing Bowl","floor":38.0},{"not_picked":["Mind Blast","Panache"],"picked":"Apotheosis","floor":38.0},{"not_picked":["Trip","Swift Strike","Purity"],"picked":"Singing Bowl","floor":38.0},{"not_picked":["Corruption+1","Ghostly Armor+1","Cleave+1"],"picked":"Singing Bowl","floor":40},{"not_picked":["Sever Soul+1","Rage","Clothesline+1"],"picked":"Singing Bowl","floor":41}],"player_experience":286904,"relics_obtained":[{"floor":6.0,"key":"Girya"},{"floor":8.0,"key":"Blue Candle"},{"floor":9.0,"key":"Incense Burner"},{"floor":14.0,"key":"The Courier"},{"floor":26.0,"key":"Singing Bowl"},{"floor":30.0,"key":"FossilizedHelix"},{"floor":40,"key":"MawBank"},{"floor":43,"key":"Pear"}],"event_choices":[{"damage_healed":0.0,"max_hp_gain":0.0,"max_hp_loss":0.0,"gold_gain":60.0,"event_name":"Golden Wing","player_choice":"Gained Gold","floor":4.0,"gold_loss":0.0,"damage_taken":0.0},{"damage_healed":0.0,"max_hp_gain":0.0,"max_hp_loss":0.0,"gold_gain":0.0,"event_name":"Golden Idol","player_choice":"Take Wound","floor":5.0,"gold_loss":0.0,"damage_taken":0.0,"relics_obtained":["Golden Idol"],"cards_obtained":["Injury"]},{"damage_healed":0.0,"max_hp_gain":0.0,"max_hp_loss":0.0,"gold_gain":0.0,"event_name":"Drug Dealer","player_choice":"Inject Mutagens","floor":20.0,"gold_loss":0.0,"damage_taken":0.0,"relics_obtained":["MutagenicStrength"]},{"damage_healed":0.0,"max_hp_gain":0.0,"max_hp_loss":0.0,"gold_gain":0.0,"event_name":"Accursed Blacksmith","player_choice":"Forge","floor":22.0,"gold_loss":0.0,"damage_taken":0.0,"cards_upgraded":["Armaments"]},{"cards_removed":["Warcry"],"damage_healed":0.0,"max_hp_gain":0.0,"max_hp_loss":0.0,"gold_gain":0.0,"event_name":"Beggar","player_choice":"Gave Gold","floor":31.0,"gold_loss":75.0,"damage_taken":0.0},{"damage_healed":0.0,"max_hp_gain":0.0,"max_hp_loss":0.0,"gold_gain":333.0,"event_name":"The Moai Head","player_choice":"Gave Idol","floor":37.0,"relics_lost":["Golden Idol"],"gold_loss":0.0,"damage_taken":0.0},{"damage_healed":0.0,"max_hp_gain":0.0,"max_hp_loss":0.0,"gold_gain":0.0,"event_name":"SensoryStone","player_choice":"Memory 3","floor":38.0,"gold_loss":0.0,"damage_taken":10.0}],"is_beta":true,"boss_relics":[{"not_picked":["Fusion Hammer","Cursed Key"],"picked":"Runic Pyramid"},{"not_picked":["Mark of Pain","Runic Dome"],"picked":"Black Blood"}],"items_purged_floors":[19,39],"is_endless":false,"potions_floor_spawned":[1,8,21,24,33,40],"killed_by":"Reptomancer","ascension_level":2}