{"gold_per_floor":[119,137,154,167,40,40,40,40,40,55,68,78,94,94,94,192,192,210,220,232,232,245,245,265,285,335,351,276,292,292,306,306,306],"floor_reached":33,"playtime":2222,"items_purged":[],"score":249,"play_id":"355d04b1-69fe-490c-8a84-7f099195c44f","local_time":"20180920164206","is_ascension_mode":false,"campfire_choices":[{"data":"Noxious Fumes","floor":6,"key":"SMITH"},{"data":"Dagger Spray","floor":8,"key":"SMITH"},{"data":"Catalyst","floor":15,"key":"SMITH"},{"data":"Noxious Fumes","floor":23,"key":"SMITH"},{"floor":30,"key":"REST"},{"floor":32,"key":"REST"}],"neow_cost":"NONE","seed_source_timestamp":450338798505500,"circlet_count":0,"master_deck":["Defend_G","Defend_G","Defend_G","Defend_G","Defend_G","Strike_G","Strike_G","Strike_G","Strike_G","Survivor","Neutralize","Backstab","Dagger Spray+1","Caltrops","Accuracy+1","Noxious Fumes+1","Deadly Poison","Blade Dance","Catalyst+1","Corpse Explosion","Blade Dance+1","Backflip+1","Skewer","Noxious Fumes+1","After Image","Well Laid Plans+1","Flechettes","Calculated Gamble+1"],"relics":["Ring of the Snake","Happy Flower","Lantern","Sozu","Dream Catcher"],"potions_floor_usage":[22,33],"damage_taken":[{"damage":2,"enemies":"Small Slimes","floor":1,"turns":4},{"damage":0,"enemies":"Jaw Worm","floor":2,"turns":4},{"damage":1,"enemies":"2 Louse","floor":3,"turns":2},{"damage":0,"enemies":"Looter","floor":4,"turns":3},{"damage":3,"enemies":"Lots of Slimes","floor":10,"turns":3},{"damage":0,"enemies":"Gremlin Gang","floor":11,"turns":3},{"damage":13,"enemies":"Large Slime","floor":12,"turns":5},{"damage":0,"enemies":"3 Louse","floor":13,"turns":1},{"damage":47,"enemies":"Slime Boss","floor":16,"turns":9},{"damage":23,"enemies":"Spheric Guardian","floor":18,"turns":5},{"damage":10,"enemies":"3 Byrds","floor":19,"turns":4},{"damage":30,"enemies":"Snake Plant","floor":20,"turns":4},{"damage":12,"enemies":"Centurion and Healer","floor":22,"turns":5},{"damage":0,"enemies":"Chosen and Byrds","floor":24,"turns":3},{"damage":19,"enemies":"Snake Plant","floor":25,"turns":4},{"damage":16,"enemies":"Sentry and Sphere","floor":27,"turns":5},{"damage":14,"enemies":"Shelled Parasite and Fungi","floor":29,"turns":5},{"damage":0,"enemies":"Chosen and Byrds","floor":31,"turns":4},{"damage":55,"enemies":"Champ","floor":33,"turns":10}],"seed_played":"-6333305253888273296","potions_obtained":[{"floor":1,"key":"Energy Potion"},{"floor":2,"key":"Strength Potion"},{"floor":10,"key":"Ancient Potion"}],"is_trial":false,"path_per_floor":["M","M","M","M","$","R","?","R","T","M","M","M","M","?","R","B",null,"M","M","M","?","M","R","M","M","T","M","?","M","R","M","R"],"character_chosen":"THE_SILENT","items_purchased":["Noxious Fumes","Deadly Poison"],"campfire_rested":2,"item_purchase_floors":[5,5],"current_hp_per_floor":[68,68,67,67,67,67,67,67,67,64,64,51,51,70,70,23,70,47,37,7,70,58,58,58,39,39,23,23,9,30,30,51,0],"gold":306,"neow_bonus":"RANDOM_COMMON_RELIC","is_prod":false,"is_daily":false,"chose_seed":false,"campfire_upgraded":4,"win_rate":0.0,"timestamp":1537476126,"path_taken":["M","M","M","M","$","R","?","R","T","M","M","M","M","?","R","BOSS","M","M","M","?","M","R","M","M","T","M","?","M","R","M","R","BOSS"],"build_version":"2018-09-19","purchased_purges":0,"victory":false,"max_hp_per_floor":[70,70,70,70,70,70,70,70,70,70,70,70,70,70,70,70,70,70,70,70,70,70,70,70,70,70,70,70,70,70,70,70,70],"card_choices":[{"not_picked":["Outmaneuver","Acrobatics"],"picked":"Backstab","floor":1},{"not_picked":["Infinite Blades","Dagger Throw"],"picked":"Dagger Spray","floor":2},{"not_picked":["Quick Slash","Expertise"],"picked":"Caltrops","floor":3},{"not_picked":["Dagger Throw","Cloak And Dagger"],"picked":"Accuracy","floor":4},{"not_picked":["Prepared","Outmaneuver","A Thousand Cuts"],"picked":"SKIP","floor":10},{"not_picked":["Sucker Punch","Expertise"],"picked":"Blade Dance","floor":11},{"not_picked":["Blade Dance","Flying Knee"],"picked":"Catalyst","floor":12},{"not_picked":["Deflect","Dagger Spray"],"picked":"Catalyst","floor":13},{"not_picked":["After Image","Malaise"],"picked":"Corpse Explosion","floor":16},{"not_picked":["Quick Slash","Concentrate"],"picked":"Blade Dance+1","floor":18},{"not_picked":["Deflect","Night Terror"],"picked":"Backflip+1","floor":19},{"not_picked":["Backflip","PiercingWail"],"picked":"Skewer","floor":20},{"not_picked":["Skewer","Deadly Poison"],"picked":"Noxious Fumes","floor":22},{"not_picked":["Catalyst","Sucker Punch+1"],"picked":"After Image","floor":24},{"not_picked":["Poisoned Stab","Dagger Spray"],"picked":"Well Laid Plans+1","floor":25},{"not_picked":["Terror+1","Dagger Spray","Dagger Throw+1"],"picked":"SKIP","floor":27},{"not_picked":["Predator+1","Flying Knee"],"picked":"Flechettes","floor":29},{"not_picked":["Riddle With Holes","Deflect"],"picked":"Calculated Gamble+1","floor":30},{"not_picked":["Dagger Throw+1","Flying Knee","Predator"],"picked":"SKIP","floor":31}],"player_experience":232671,"relics_obtained":[{"floor":9,"key":"Lantern"},{"floor":26,"key":"Dream Catcher"}],"event_choices":[{"event_name":"Living Wall","player_choice":"Grow","floor":7,"damage_taken":0},{"event_name":"Big Fish","player_choice":"Banana","floor":14,"damage_taken":0},{"event_name":"Bonfire Elementals","player_choice":"UNCOMMON","floor":21,"damage_taken":0},{"event_name":"Beggar","player_choice":"Gave Gold","floor":28,"damage_taken":0}],"is_beta":true,"boss_relics":[{"not_picked":["Cursed Key","Tiny House"],"picked":"Sozu"}],"items_purged_floors":[],"is_endless":false,"potions_floor_spawned":[1,2,10,20,29,31],"killed_by":"Champ","ascension_level":0}