{"gold_per_floor":[10,26,43,58,333,360,370,384,429,429],"floor_reached":10,"playtime":277,"items_purged":[],"score":90,"play_id":"565965a2-1ae8-4ae1-a030-6d5f682eb827","local_time":"20190206012119","is_ascension_mode":true,"campfire_choices":[],"neow_cost":"NO_GOLD","seed_source_timestamp":25970395685000,"circlet_count":0,"master_deck":["Strike_B","Strike_B","Strike_B","Strike_B","Defend_B","Defend_B","Defend_B","Defend_B","Zap","Dualcast","Defragment","Conserve Battery","Auto Shields","Turbo","Regret","Double Energy","FTL","Self Repair"],"relics":["Cracked Core","Unceasing Top","Du-Vu Doll","Oddly Smooth Stone"],"potions_floor_usage":[6,7,10,10],"damage_taken":[{"damage":0,"enemies":"Cultist","floor":1,"turns":4},{"damage":0,"enemies":"Small Slimes","floor":2,"turns":3},{"damage":2,"enemies":"2 Louse","floor":3,"turns":3},{"damage":1,"enemies":"2 Fungi Beasts","floor":4,"turns":3},{"damage":44,"enemies":"Gremlin Nob","floor":6,"turns":4},{"damage":8,"enemies":"Blue Slaver","floor":7,"turns":5},{"damage":7,"enemies":"Looter","floor":8,"turns":3},{"damage":21,"enemies":"3 Sentries","floor":10,"turns":4}],"seed_played":"-6283882715769991285","potions_obtained":[{"floor":1,"key":"EssenceOfSteel"},{"floor":3,"key":"PowerPotion"},{"floor":6,"key":"FocusPotion"},{"floor":8,"key":"PowerPotion"}],"is_trial":false,"path_per_floor":["M","M","M","M","?","E","M","M","T","E"],"character_chosen":"DEFECT","items_purchased":[],"campfire_rested":0,"item_purchase_floors":[],"current_hp_per_floor":[75,75,73,72,72,28,20,13,13,0],"gold":429,"neow_bonus":"ONE_RARE_RELIC","is_prod":false,"is_daily":false,"chose_seed":true,"campfire_upgraded":0,"win_rate":0,"timestamp":1549434079,"path_taken":["M","M","?","M","?","E","?","M","T","E"],"build_version":"2019-01-23","purchased_purges":0,"victory":false,"max_hp_per_floor":[75,75,75,75,75,75,75,75,75,75],"card_choices":[{"not_picked":["Consume","Ball Lightning"],"picked":"Defragment","floor":1},{"not_picked":["Consume","Melter"],"picked":"Conserve Battery","floor":2},{"not_picked":["Barrage","White Noise"],"picked":"Auto Shields","floor":3},{"not_picked":["Barrage","Stack"],"picked":"Turbo","floor":4},{"not_picked":["Aggregate","Reinforced Body"],"picked":"Double Energy","floor":6},{"not_picked":["Machine Learning","Go for the Eyes"],"picked":"FTL","floor":7},{"not_picked":["Steam","Cold Snap"],"picked":"Self Repair","floor":8}],"player_experience":381400,"relics_obtained":[{"floor":6,"key":"Du-Vu Doll"},{"floor":9,"key":"Oddly Smooth Stone"}],"event_choices":[{"damage_healed":0,"gold_gain":275,"player_choice":"Desecrate","damage_taken":0,"max_hp_gain":0,"max_hp_loss":0,"event_name":"Golden Shrine","floor":5,"gold_loss":0,"cards_obtained":["Regret"]}],"is_beta":false,"boss_relics":[],"items_purged_floors":[],"is_endless":false,"potions_floor_spawned":[1,3,6,8],"killed_by":"3 Sentries","ascension_level":5}