{"gold_per_floor":[110,210,227,102,112,112,287,287,287,305,380,405,416,51,51,148,148,160,160,160,28,46,62,62,74,74,109,121,133,23,38,38,134,134,146,46,146,106,117,117,129,149,149,9,9,9,9,25,25,25],"floor_reached":50,"playtime":8910,"items_purged":["Strike_G","Strike_G"],"score":505,"play_id":"7900fe98-6c24-4e3f-8ba4-4f4985ce5ebd","local_time":"20190216234944","is_ascension_mode":false,"campfire_choices":[{"floor":6,"key":"REST"},{"data":"Catalyst","floor":8,"key":"SMITH"},{"data":"Deadly Poison","floor":15,"key":"SMITH"},{"floor":24,"key":"REST"},{"floor":28,"key":"REST"},{"data":"Bouncing Flask","floor":32,"key":"SMITH"},{"floor":40,"key":"REST"},{"floor":46,"key":"REST"},{"floor":49,"key":"REST"}],"neow_cost":"NONE","seed_source_timestamp":126174625893116,"circlet_count":0,"master_deck":["Defend_G","Defend_G+1","Defend_G","Defend_G","Strike_G","Strike_G","Survivor","Neutralize","Poisoned Stab","Leg Sweep","Catalyst+1","Backflip","Backstab","Doubt","All Out Attack","Deadly Poison+1","Noxious Fumes","Bane","Outmaneuver","Tools of the Trade","Outmaneuver","Crippling Poison","PiercingWail","Sucker Punch","Deadly Poison","Dash+1","Bouncing Flask+1","Terror","All Out Attack+1","Venomology+1","Poisoned Stab","PiercingWail","Dodge and Roll","Catalyst+1","Catalyst+1","Dark Shackles","Bouncing Flask+1"],"relics":["Ring of the Snake","Ginger","PreservedInsect","Lantern","Velvet Choker","MutagenicStrength","MawBank","Anchor","Runic Pyramid","The Specimen","Ancient Tea Set"],"potions_floor_usage":[23,33,41,42,42,50,50],"damage_taken":[{"damage":0,"enemies":"Small Slimes","floor":1,"turns":4},{"damage":1,"enemies":"Cultist","floor":3,"turns":3},{"damage":2,"enemies":"Jaw Worm","floor":5,"turns":5},{"damage":16,"enemies":"Large Slime","floor":10,"turns":10},{"damage":0,"enemies":"Looter","floor":13,"turns":4},{"damage":22,"enemies":"Hexaghost","floor":16,"turns":6},{"damage":11,"enemies":"Chosen","floor":18,"turns":5},{"damage":5,"enemies":"Shell Parasite","floor":22,"turns":3},{"damage":26,"enemies":"Centurion and Healer","floor":23,"turns":8},{"damage":20,"enemies":"Snecko","floor":25,"turns":5},{"damage":0,"enemies":"Chosen and Byrds","floor":31,"turns":5},{"damage":34,"enemies":"Collector","floor":33,"turns":5},{"damage":0,"enemies":"Orb Walker","floor":35,"turns":2},{"damage":11,"enemies":"Mind Bloom Boss Battle","floor":37,"turns":5},{"damage":17,"enemies":"3 Darklings","floor":39,"turns":4},{"damage":13,"enemies":"Sphere and 2 Shapes","floor":41,"turns":5},{"damage":18,"enemies":"Jaw Worm Horde","floor":42,"turns":3},{"damage":16,"enemies":"Writhing Mass","floor":48,"turns":5},{"damage":72,"enemies":"Awakened One","floor":50,"turns":8}],"seed_played":"4219879651855260963","potions_obtained":[{"floor":3,"key":"FairyPotion"},{"floor":5,"key":"Dexterity Potion"},{"floor":31,"key":"Dexterity Potion"}],"is_trial":false,"path_per_floor":["?","M","?","?","T","$","?","?","T","?","?","?","M","$","?"],"character_chosen":"THE_SILENT","items_purchased":["Catalyst","Backflip","Lantern","Noxious Fumes","Bane","Outmaneuver","Crippling Poison","PiercingWail","Terror","Poison Potion","Dark Shackles","Poison Potion"],"campfire_rested":6,"item_purchase_floors":[4,4,14,14,14,14,21,21,30,30,44,44],"current_hp_per_floor":[70,70,69,69,67,70,70,70,70,54,43,43,43,43,43,21,70,59,59,59,59,54,28,49,29,29,29,50,50,50,50,50,16,70,70,70,59,59,42,63,50,32,32,32,32,53,53,37,58,0],"gold":25,"neow_bonus":"REMOVE_CARD","is_prod":false,"is_daily":false,"chose_seed":false,"campfire_upgraded":3,"win_rate":0.0,"timestamp":1550360984,"path_taken":["M","?","?","$","M","R","?","R","T","M","?","?","M","?","R","BOSS","M","?","?","$","M","M","R","M","T","?","R","?","$","M","R","BOSS","M","$","?","?","?","R","M","M","T","?","$","R","?","M","R","BOSS"],"build_version":"2019-01-23","purchased_purges":2,"victory":false,"max_hp_per_floor":[70,70,70,70,70,70,70,70,70,70,70,70,70,70,70,70,70,70,70,70,70,70,70,70,70,70,70,70,70,70,70,70,70,70,70,70,70,70,70,70,70,70,70,70,70,70,70,70,70,70],"card_choices":[{"not_picked":["PiercingWail","Dodge and Roll"],"picked":"Poisoned Stab","floor":1},{"not_picked":["Quick Slash","Distraction"],"picked":"Leg Sweep","floor":3},{"not_picked":["Sucker Punch","PiercingWail"],"picked":"Backstab","floor":5},{"not_picked":["Blade Dance","Outmaneuver"],"picked":"All Out Attack","floor":10},{"not_picked":["Backstab","Dodge and Roll"],"picked":"Deadly Poison","floor":13},{"not_picked":["Malaise","Unload"],"picked":"Tools of the Trade","floor":16},{"not_picked":["Bane","All Out Attack"],"picked":"Outmaneuver","floor":18},{"not_picked":["Reflex","Backflip"],"picked":"Sucker Punch","floor":22},{"not_picked":["Backflip+1","Eviscerate+1"],"picked":"Deadly Poison","floor":23},{"not_picked":["Leg Sweep","Calculated Gamble"],"picked":"Dash+1","floor":25},{"not_picked":["Noxious Fumes","Doppelganger"],"picked":"All Out Attack+1","floor":31},{"not_picked":["Malaise","Unload"],"picked":"Venomology","floor":33},{"not_picked":["Expertise+1","Tactician"],"picked":"Poisoned Stab","floor":35},{"not_picked":["Blade Dance+1","Quick Slash"],"picked":"PiercingWail","floor":37},{"not_picked":["Infinite Blades+1","Corpse Explosion"],"picked":"Dodge and Roll","floor":39},{"not_picked":["Tactician","Bane"],"picked":"Catalyst+1","floor":41},{"not_picked":["Dagger Throw+1","Terror"],"picked":"Catalyst+1","floor":42},{"not_picked":["Blade Dance+1","Distraction+1"],"picked":"Bouncing Flask+1","floor":48}],"player_experience":17708,"relics_obtained":[{"floor":9,"key":"Ginger"},{"floor":12,"key":"PreservedInsect"},{"floor":26,"key":"MawBank"},{"floor":27,"key":"Anchor"},{"floor":37,"key":"The Specimen"},{"floor":43,"key":"Ancient Tea Set"}],"event_choices":[{"damage_healed":0,"gold_gain":100,"player_choice":"Pray","damage_taken":0,"max_hp_gain":0,"max_hp_loss":0,"event_name":"Golden Shrine","floor":2,"gold_loss":0},{"damage_healed":0,"gold_gain":175,"player_choice":"AGREE","damage_taken":0,"max_hp_gain":0,"max_hp_loss":0,"event_name":"Liars Game","floor":7,"gold_loss":0,"cards_obtained":["Doubt"]},{"damage_healed":0,"gold_gain":75,"player_choice":"Gather Gold","damage_taken":11,"max_hp_gain":0,"max_hp_loss":0,"event_name":"World of Goop","floor":11,"gold_loss":0},{"damage_healed":0,"gold_gain":0,"player_choice":"Inject Mutagens","damage_taken":0,"relics_obtained":["MutagenicStrength"],"max_hp_gain":0,"max_hp_loss":0,"event_name":"Drug Dealer","floor":19,"gold_loss":0},{"damage_healed":0,"gold_gain":0,"player_choice":"Ignored","damage_taken":0,"max_hp_gain":0,"max_hp_loss":0,"event_name":"Ghosts","floor":20,"gold_loss":0},{"damage_healed":0,"gold_gain":0,"player_choice":"Read","damage_taken":0,"max_hp_gain":0,"max_hp_loss":0,"event_name":"The Library","floor":29,"gold_loss":0,"cards_obtained":["Bouncing Flask"]},{"damage_healed":0,"gold_gain":0,"player_choice":"Fight","damage_taken":0,"max_hp_gain":0,"max_hp_loss":0,"event_name":"MindBloom","floor":37,"gold_loss":0},{"damage_healed":0,"gold_gain":0,"player_choice":"Upgraded Two","damage_taken":0,"max_hp_gain":0,"max_hp_loss":0,"event_name":"Designer","floor":38,"gold_loss":40,"cards_upgraded":["Venomology","Defend_G"]},{"cards_removed":["Strike_G"],"damage_healed":0,"gold_gain":0,"player_choice":"Removed Attack","damage_taken":0,"max_hp_gain":0,"max_hp_loss":0,"event_name":"Falling","floor":47,"gold_loss":0}],"is_beta":false,"boss_relics":[{"not_picked":["Astrolabe","Runic Dome"],"picked":"Velvet Choker"},{"not_picked":["Snecko Eye","Busted Crown"],"picked":"Runic Pyramid"}],"items_purged_floors":[14,36],"is_endless":false,"potions_floor_spawned":[3,5,31,48],"killed_by":"Awakened One","ascension_level":0}