{"gold_per_floor":[113,130,145,155,29,29,39,69,69,86,86,86,161,161,161,235,235,246,171,171,171,171,171,186,212,237,272,291,316,331,51,51,51],"floor_reached":33,"playtime":1650,"items_purged":["Strike_B","Heatsinks"],"score":660,"play_id":"2f787b42-6833-4ba7-bdb0-9dea1d8ecc19","local_time":"20190422222512","is_ascension_mode":true,"campfire_choices":[{"data":"Defragment","floor":6.0,"key":"SMITH"},{"floor":11,"key":"REST"},{"data":"Zap","floor":15,"key":"SMITH"},{"floor":23,"key":"REST"},{"floor":32,"key":"REST"}],"neow_cost":"PERCENT_DAMAGE","seed_source_timestamp":19305979415555,"circlet_count":0,"master_deck":["AscendersBane","Defend_B+1","Defend_B+1","Defend_B+1","Defend_B+1","Zap+1","Dualcast","Biased Cognition","Defragment+1","Reinforced Body","Coolheaded","Ball Lightning","Leap","Conserve Battery","Cold Snap","Genetic Algorithm","Fission","Glacier","Chill","Ball Lightning","White Noise","Sunder","Core Surge","Seek","Double Energy+1","Steam+1","Go for the Eyes","Hologram","Defragment","Apotheosis"],"special_seed":0,"relics":["Cracked Core","Vajra","Orrery","Enchiridion","DataDisk","Sundial","Bag of Marbles"],"potions_floor_usage":[16,25,33],"damage_taken":[{"damage":0.0,"enemies":"Cultist","floor":1.0,"turns":3.0},{"damage":3.0,"enemies":"2 Louse","floor":2.0,"turns":4.0},{"damage":7.0,"enemies":"Jaw Worm","floor":3.0,"turns":3.0},{"damage":2.0,"enemies":"2 Fungi Beasts","floor":4.0,"turns":4.0},{"damage":5.0,"enemies":"Large Slime","floor":7.0,"turns":6.0},{"damage":28,"enemies":"Gremlin Nob","floor":8,"turns":4},{"damage":0,"enemies":"Looter","floor":10,"turns":3},{"damage":1,"enemies":"Hexaghost","floor":16,"turns":11},{"damage":0,"enemies":"Spheric Guardian","floor":18,"turns":6},{"damage":0,"enemies":"3 Byrds","floor":24,"turns":6},{"damage":36,"enemies":"Book of Stabbing","floor":25,"turns":8},{"damage":10,"enemies":"Gremlin Leader","floor":27,"turns":8},{"damage":0,"enemies":"Snecko","floor":28,"turns":7},{"damage":0,"enemies":"Slavers","floor":29,"turns":4},{"damage":0,"enemies":"3 Cultists","floor":30,"turns":5},{"damage":41,"enemies":"Automaton","floor":33,"turns":10}],"seed_played":"-7870616139503455624","potions_obtained":[{"floor":1.0,"key":"Ancient Potion"},{"floor":3.0,"key":"FocusPotion"},{"floor":24,"key":"Poison Potion"},{"floor":27,"key":"EssenceOfSteel"}],"is_trial":false,"path_per_floor":["M","M","M","M","$","R","M","E","T","M","R","$","?","?","R","B",null,"M","?","?","?","?","R","M","E","T","E","M","E","M","$","R","B"],"character_chosen":"DEFECT","items_purchased":["Leap","Apotheosis"],"campfire_rested":3,"item_purchase_floors":[5,31],"current_hp_per_floor":[46,43,36,34,34,34,29,1,1,1,22,22,11,34,34,33,62,62,62,62,62,41,62,62,26,26,16,16,16,16,16,37,0],"gold":51,"neow_bonus":"THREE_RARE_CARDS","is_prod":false,"is_daily":false,"chose_seed":false,"campfire_upgraded":2,"win_rate":0,"timestamp":1555964712,"path_taken":["M","?","?","M","$","R","M","E","T","M","R","?","?","?","R","BOSS","M","?","?","?","?","R","M","E","T","E","M","E","M","$","R","BOSS"],"build_version":"2019-04-21","purchased_purges":2,"victory":false,"max_hp_per_floor":[71,71,71,71,71,71,71,71,71,71,71,71,71,71,71,71,71,71,71,71,71,71,71,71,71,71,71,71,71,71,71,71,71],"card_choices":[{"not_picked":["All For One","Hyperbeam"],"picked":"Biased Cognition","floor":0.0},{"not_picked":["Doom and Gloom","Hello World"],"picked":"Defragment","floor":1.0},{"not_picked":["Recycle","Sweeping Beam"],"picked":"Reinforced Body","floor":2.0},{"not_picked":["Loop","Rebound"],"picked":"Coolheaded","floor":3.0},{"not_picked":["Tempest","Barrage"],"picked":"Ball Lightning","floor":4.0},{"not_picked":["Redo","Streamline"],"picked":"Conserve Battery","floor":7.0},{"not_picked":["Stack","Steam"],"picked":"Cold Snap","floor":8},{"not_picked":["Hyperbeam","Beam Cell"],"picked":"Genetic Algorithm","floor":10},{"not_picked":["Buffer","Hyperbeam"],"picked":"Fission","floor":16},{"not_picked":["Streamline","Double Energy"],"picked":"Glacier","floor":17},{"not_picked":["Steam Power","Compile Driver"],"picked":"Chill","floor":17},{"not_picked":["Auto Shields","Tempest"],"picked":"Ball Lightning","floor":17},{"not_picked":["Beam Cell","Cold Snap"],"picked":"White Noise","floor":17},{"not_picked":["Streamline","Turbo"],"picked":"Sunder","floor":17},{"not_picked":["Sweeping Beam","Rebound","Doom and Gloom"],"picked":"SKIP","floor":18},{"not_picked":["Leap","Barrage"],"picked":"Seek","floor":24},{"not_picked":["Rebound","Steam"],"picked":"Double Energy+1","floor":25},{"not_picked":["Cold Snap","Multi-Cast"],"picked":"Steam+1","floor":27},{"not_picked":["Lockon","Steam+1"],"picked":"Go for the Eyes","floor":28},{"not_picked":["Steam Power","Storm"],"picked":"Hologram","floor":29},{"not_picked":["Double Energy+1","Heatsinks"],"picked":"Defragment","floor":30}],"player_experience":1194996,"relics_obtained":[{"floor":9,"key":"Vajra"},{"floor":22,"key":"Enchiridion"},{"floor":25,"key":"DataDisk"},{"floor":27,"key":"Sundial"},{"floor":29,"key":"Bag of Marbles"}],"event_choices":[{"damage_healed":0,"gold_gain":75,"player_choice":"Gather Gold","damage_taken":11,"max_hp_gain":0,"max_hp_loss":0,"event_name":"World of Goop","floor":13,"gold_loss":0},{"damage_healed":23,"gold_gain":0,"player_choice":"Banana","damage_taken":0,"max_hp_gain":0,"max_hp_loss":0,"event_name":"Big Fish","floor":14,"gold_loss":0},{"cards_removed":["Strike_B"],"damage_healed":0,"gold_gain":0,"player_choice":"Gave Gold","damage_taken":0,"max_hp_gain":0,"max_hp_loss":0,"event_name":"Beggar","floor":19,"gold_loss":75},{"damage_healed":0,"gold_gain":0,"cards_transformed":["Strike_B","Strike_B"],"player_choice":"Became Test Subject","damage_taken":0,"max_hp_gain":0,"max_hp_loss":0,"event_name":"Drug Dealer","floor":20,"gold_loss":0,"cards_obtained":["Heatsinks","Core Surge"]},{"damage_healed":0,"gold_gain":0,"player_choice":"Simplicity","damage_taken":0,"max_hp_gain":0,"max_hp_loss":0,"event_name":"Back to Basics","floor":21,"gold_loss":0,"cards_upgraded":["Defend_B","Defend_B","Defend_B","Defend_B"]},{"damage_healed":0,"gold_gain":0,"player_choice":"Obtained Book","damage_taken":21,"max_hp_gain":0,"max_hp_loss":0,"event_name":"Cursed Tome","floor":22,"gold_loss":0}],"is_beta":true,"boss_relics":[{"not_picked":["Runic Pyramid","White Beast Statue"],"picked":"Orrery"}],"items_purged_floors":[5,31],"is_endless":false,"potions_floor_spawned":[1,3,4,24,27],"killed_by":"Automaton","ascension_level":20}