{"gold_per_floor":[116,42,42,57,57,86,86,141,166,197,208,208,227,152,152,256,256,275,291,291,310,138,163,173,199,199,199,199,219,219,219,219,316,316,330,348,448,85,85,116,130,163,163,8,27,58,77,108,108,108,108,108,108,141,141],"floor_reached":56,"playtime":4596,"items_purged":["Regret","Strike_R","Bash"],"score":1612,"play_id":"3e1934b7-7a07-4b83-9cb7-c4d0bbf8cdd8","local_time":"20190209211232","is_ascension_mode":true,"campfire_choices":[{"data":"Armaments","floor":7,"key":"SMITH"},{"data":"Metallicize","floor":12,"key":"SMITH"},{"data":"Barricade","floor":15,"key":"SMITH"},{"data":"Metallicize","floor":27,"key":"SMITH"},{"data":"Dual Wield","floor":30,"key":"SMITH"},{"data":"Spot Weakness","floor":32,"key":"SMITH"},{"floor":49,"key":"RECALL"},{"data":"True Grit","floor":52,"key":"SMITH"}],"neow_cost":"NONE","seed_source_timestamp":1233431331691902,"circlet_count":0,"master_deck":["Defend_R","Defend_R","Defend_R","Defend_R","Armaments+1","Shrug It Off","Anger","Dual Wield+1","Metallicize+1","Feel No Pain","Spot Weakness+1","Barricade+1","Reaper","True Grit+1","Body Slam","Headbutt+1","Metallicize+1","Body Slam","Inflame+1","Shrug It Off","Metallicize+1","Flame Barrier","Impervious","Seeing Red+1","Entrench+1","Metallicize+1"],"relics":["Burning Blood","NeowsBlessing","Mummified Hand","Vajra","Anchor","Bronze Scales","Kunai","Empty Cage","Omamori","Ancient Tea Set","Unceasing Top","Coffee Dripper","Ginger","DollysMirror","The Courier","Paper Frog","Frozen Egg 2","HandDrill","Oddly Smooth Stone","Bottled Tornado","Pocketwatch"],"potions_floor_usage":[18,55,55,55],"damage_taken":[{"damage":0,"enemies":"Jaw Worm","floor":1,"turns":1},{"damage":0,"enemies":"2 Louse","floor":4,"turns":1},{"damage":4,"enemies":"3 Sentries","floor":6,"turns":2},{"damage":18,"enemies":"3 Sentries","floor":8,"turns":9},{"damage":16,"enemies":"Lagavulin","floor":10,"turns":8},{"damage":1,"enemies":"Small Slimes","floor":11,"turns":3},{"damage":4,"enemies":"Exordium Wildlife","floor":13,"turns":4},{"damage":8,"enemies":"The Guardian","floor":16,"turns":9},{"damage":32,"enemies":"2 Thieves","floor":18,"turns":5},{"damage":0,"enemies":"Chosen","floor":19,"turns":8},{"damage":17,"enemies":"Snake Plant","floor":21,"turns":4},{"damage":14,"enemies":"Book of Stabbing","floor":23,"turns":7},{"damage":2,"enemies":"Snecko","floor":24,"turns":6},{"damage":20,"enemies":"Slavers","floor":25,"turns":7},{"damage":0,"enemies":"Chosen and Byrds","floor":29,"turns":5},{"damage":2,"enemies":"Champ","floor":33,"turns":9},{"damage":8,"enemies":"3 Shapes","floor":35,"turns":5},{"damage":0,"enemies":"3 Darklings","floor":36,"turns":6},{"damage":0,"enemies":"Mind Bloom Boss Battle","floor":37,"turns":5},{"damage":25,"enemies":"Nemesis","floor":40,"turns":13},{"damage":0,"enemies":"Sphere and 2 Shapes","floor":41,"turns":6},{"damage":0,"enemies":"Giant Head","floor":42,"turns":6},{"damage":17,"enemies":"Writhing Mass","floor":45,"turns":9},{"damage":9,"enemies":"Nemesis","floor":46,"turns":11},{"damage":6,"enemies":"Jaw Worm Horde","floor":47,"turns":5},{"damage":0,"enemies":"Giant Head","floor":48,"turns":5},{"damage":0,"enemies":"Donu and Deca","floor":50,"turns":6},{"damage":0,"enemies":"Shield and Spear","floor":54,"turns":5},{"damage":31,"enemies":"The Heart","floor":55,"turns":10}],"seed_played":"-6317840284193095789","potions_obtained":[{"floor":4,"key":"Fire Potion"},{"floor":8,"key":"Block Potion"},{"floor":11,"key":"Weak Potion"},{"floor":19,"key":"Block Potion"},{"floor":29,"key":"EssenceOfSteel"},{"floor":48,"key":"Energy Potion"}],"is_trial":false,"path_per_floor":["?","?","?","M","?","?","T","?","?"],"character_chosen":"IRONCLAD","items_purchased":["Shrug It Off","Anger","Metallicize","Shrug It Off","DollysMirror","HandDrill"],"campfire_rested":0,"item_purchase_floors":[2,2,22,38,38,44],"current_hp_per_floor":[80,80,80,80,80,80,80,68,68,58,63,63,65,65,65,63,80,68,79,79,68,68,60,80,80,80,80,80,80,80,80,80,80,80,80,80,80,80,80,80,80,80,80,80,80,80,80,80,80,80,80,80,80,80,55],"gold":141,"neow_bonus":"THREE_ENEMY_KILL","is_prod":false,"is_daily":false,"chose_seed":false,"campfire_upgraded":7,"win_rate":0,"timestamp":1549775552,"path_taken":["M","$","?","M","?","E","R","?","T","E","?","R","M","$","R","BOSS","M","M","?","M","$","E","M","E","T","R","?","M","R","?","R","BOSS","M","M","?","$","?","E","M","E","T","$","M","E","M","E","R","BOSS","R","$","E","BOSS"],"build_version":"2019-01-23","purchased_purges":3,"victory":true,"max_hp_per_floor":[80,80,80,80,80,80,80,80,80,80,80,80,80,80,80,80,80,80,80,80,80,80,80,80,80,80,80,80,80,80,80,80,80,80,80,80,80,80,80,80,80,80,80,80,80,80,80,80,80,80,80,80,80,80,80],"card_choices":[{"not_picked":["Combust","Feel No Pain"],"picked":"Armaments","floor":1},{"not_picked":["Cleave","Second Wind"],"picked":"Dual Wield","floor":4},{"not_picked":["Pommel Strike","Sentinel"],"picked":"Feel No Pain","floor":6},{"not_picked":["Body Slam","Perfected Strike"],"picked":"Spot Weakness","floor":10},{"not_picked":["Clash","Cleave","Disarm"],"picked":"SKIP","floor":11},{"not_picked":["Clash","Armaments"],"picked":"Barricade","floor":13},{"not_picked":["Feed","Double Tap"],"picked":"Reaper","floor":16},{"not_picked":["Thunderclap+1","Uppercut+1"],"picked":"True Grit","floor":18},{"not_picked":["Warcry","Heavy Blade"],"picked":"Body Slam","floor":19},{"not_picked":["Thunderclap+1","Cleave+1"],"picked":"Headbutt+1","floor":21},{"not_picked":["Disarm+1","Clash"],"picked":"Body Slam","floor":23},{"not_picked":["Carnage","Thunderclap","Body Slam+1"],"picked":"SKIP","floor":24},{"not_picked":["Flex","Headbutt","Sentinel"],"picked":"SKIP","floor":25},{"not_picked":["Warcry","Heavy Blade"],"picked":"Rampage","floor":29},{"not_picked":["Blood for Blood+1","Headbutt","Armaments"],"picked":"SKIP","floor":35},{"not_picked":["Twin Strike+1","Inflame+1","Pummel+1"],"picked":"SKIP","floor":36},{"not_picked":["Twin Strike+1","Pummel+1"],"picked":"Inflame+1","floor":36},{"not_picked":["Anger+1","Armaments","Dropkick"],"picked":"SKIP","floor":40},{"not_picked":["Body Slam","Anger"],"picked":"Flame Barrier","floor":41},{"not_picked":["Double Tap","Wild Strike"],"picked":"Impervious","floor":42},{"not_picked":["Perfected Strike+1","Armaments+1"],"picked":"Seeing Red+1","floor":45},{"not_picked":["Spot Weakness+1","Inflame+1"],"picked":"Entrench+1","floor":46},{"not_picked":["Uppercut","Sword Boomerang","Spot Weakness+1"],"picked":"SKIP","floor":47},{"not_picked":["Armaments","Dual Wield","Rupture+1"],"picked":"SKIP","floor":48},{"not_picked":["Reckless Charge+1","Spot Weakness"],"picked":"Metallicize+1","floor":54}],"player_experience":52118,"relics_obtained":[{"floor":6,"key":"Vajra"},{"floor":8,"key":"Anchor"},{"floor":9,"key":"Bronze Scales"},{"floor":10,"key":"Kunai"},{"floor":23,"key":"Omamori"},{"floor":25,"key":"Ancient Tea Set"},{"floor":26,"key":"Unceasing Top"},{"floor":37,"key":"Ginger"},{"floor":40,"key":"The Courier"},{"floor":42,"key":"Paper Frog"},{"floor":43,"key":"Frozen Egg 2"},{"floor":46,"key":"Oddly Smooth Stone"},{"floor":48,"key":"Bottled Tornado"},{"floor":54,"key":"Pocketwatch"}],"event_choices":[{"damage_healed":0,"gold_gain":0,"player_choice":"Box","damage_taken":0,"relics_obtained":["Mummified Hand"],"max_hp_gain":0,"max_hp_loss":0,"event_name":"Big Fish","floor":3,"gold_loss":0,"cards_obtained":["Regret"]},{"damage_healed":0,"gold_gain":0,"cards_transformed":["Strike_R"],"player_choice":"Change","damage_taken":0,"max_hp_gain":0,"max_hp_loss":0,"event_name":"Living Wall","floor":5,"gold_loss":0,"cards_obtained":["Metallicize"]},{"damage_healed":0,"gold_gain":30,"player_choice":"Searched \u00272\u0027 times","damage_taken":0,"max_hp_gain":0,"max_hp_loss":0,"event_name":"Dead Adventurer","floor":8,"gold_loss":0},{"cards_removed":["Strike_R"],"damage_healed":0,"gold_gain":0,"player_choice":"Elegance","damage_taken":0,"max_hp_gain":0,"max_hp_loss":0,"event_name":"Back to Basics","floor":20,"gold_loss":0},{"damage_healed":0,"gold_gain":0,"player_choice":"Ignored","damage_taken":0,"max_hp_gain":0,"max_hp_loss":0,"event_name":"Vampires","floor":28,"gold_loss":0},{"damage_healed":0,"gold_gain":0,"player_choice":"Fight","damage_taken":0,"max_hp_gain":0,"max_hp_loss":0,"event_name":"MindBloom","floor":37,"gold_loss":0},{"cards_removed":["Rampage"],"damage_healed":0,"gold_gain":0,"player_choice":"Offered Uncommon","damage_taken":0,"max_hp_gain":0,"max_hp_loss":0,"event_name":"Bonfire Elementals","floor":39,"gold_loss":0}],"is_beta":false,"boss_relics":[{"not_picked":["Runic Cube","Snecko Eye"],"picked":"Empty Cage"},{"not_picked":["Eternal Feather","Black Star"],"picked":"Coffee Dripper"}],"items_purged_floors":[14,22,38],"is_endless":false,"potions_floor_spawned":[4,8,11,13,19,23,29,35,40,42,48,54],"ascension_level":3}