{"path_per_floor":["M","$","M","M","M","R","M","R","T","?","E","R","M","M","R","B",null,"M","$","M","?","$","R","M","R","T","M","M","R","M","M","R","B",null,"M","?","?","M","$"],"character_chosen":"DEFECT","items_purchased":["Magnetism","Mummified Hand","Art of War"],"gold_per_floor":[216,37,56,72,87,87,98,98,151,226,261,261,281,293,293,396,396,396,8,8,8,8,8,8,8,8,8,8,8,8,8,8,8,8,8,0,0,0,0,0],"floor_reached":40,"campfire_rested":4,"playtime":2456,"current_hp_per_floor":[75,75,69,66,45,45,35,57,57,46,28,50,47,50,50,15,75,70,70,61,61,61,61,44,44,44,41,28,50,48,43,65,62,75,69,69,69,52,52,0],"items_purged":[],"gold":0,"score":392,"play_id":"5abb11e1-7cc5-45aa-9a70-e4b6160ae013","local_time":"20180430224156","is_prod":false,"is_daily":false,"chose_seed":false,"is_ascension_mode":false,"campfire_upgraded":4,"timestamp":1525142516,"path_taken":["M","$","?","M","M","R","M","R","T","?","E","R","M","?","R","BOSS","M","$","M","?","$","R","M","R","T","M","M","R","?","M","R","BOSS","M","?","?","M","?","E"],"build_version":"2018-04-27v3","seed_source_timestamp":126977143945372,"purchased_purges":0,"victory":false,"master_deck":["Strike_B","Strike_B","Strike_B","Defend_B","Defend_B","Defend_B","Defend_B","Zap","Dualcast","White Noise+1","Magnetism","Ball Lightning","Static Discharge","Storm","Undo+1","Static Discharge+1","Sunder","Echo Form+1","Static Discharge+1","Rebound","Biased Cognition","Panache"],"max_hp_per_floor":[75,75,75,75,75,75,75,75,75,75,75,75,75,75,75,75,75,75,75,75,75,75,75,75,75,75,75,75,75,75,75,75,75,75,75,75,75,75,75,75],"relics":["Cracked Core","Anchor","Centennial Puzzle","Ectoplasm","Mummified Hand","Art of War","The Courier","Runic Pyramid","Red Mask"],"card_choices":[{"not_picked":["Steam Power","Cold Snap"],"picked":"White Noise","floor":1},{"not_picked":["Scrape","Skim"],"picked":"Ball Lightning","floor":3},{"not_picked":["Blaster","Stack"],"picked":"Static Discharge","floor":4},{"not_picked":["Tempest","Hologram"],"picked":"Storm","floor":7},{"not_picked":["Streamline","Redo"],"picked":"Undo","floor":11},{"not_picked":["Skim","Coolheaded"],"picked":"Static Discharge","floor":13},{"not_picked":["Undo","Chaos"],"picked":"Sunder","floor":14},{"not_picked":["Creative AI","Biased Cognition"],"picked":"Echo Form","floor":16},{"not_picked":["Ball Lightning","Barrage"],"picked":"Static Discharge","floor":20},{"not_picked":["Sweeping Beam","Chaos"],"picked":"Rebound","floor":28},{"not_picked":["Meteor Strike","Rainbow"],"picked":"Biased Cognition","floor":33},{"not_picked":["Dramatic Entrance","Mind Blast"],"picked":"Panache","floor":37}],"player_experience":172297,"potions_floor_usage":[7,11,11,16,24,28,31,33,40],"damage_taken":[{"damage":0,"enemies":"Cultist","floor":1,"turns":4},{"damage":6,"enemies":"Jaw Worm","floor":3,"turns":4},{"damage":3,"enemies":"Small Slimes","floor":4,"turns":3},{"damage":28,"enemies":"Gremlin Gang","floor":5,"turns":5},{"damage":10,"enemies":"Exordium Thugs","floor":7,"turns":4},{"damage":18,"enemies":"Gremlin Nob","floor":11,"turns":3},{"damage":16,"enemies":"Lots of Slimes","floor":13,"turns":4},{"damage":4,"enemies":"3 Louse","floor":14,"turns":3},{"damage":35,"enemies":"Hexaghost","floor":16,"turns":4},{"damage":15,"enemies":"Chosen","floor":18,"turns":3},{"damage":9,"enemies":"Spheric Guardian","floor":20,"turns":3},{"damage":17,"enemies":"Snake Plant","floor":24,"turns":2},{"damage":3,"enemies":"Snecko","floor":27,"turns":2},{"damage":24,"enemies":"Cultist and Chosen","floor":28,"turns":5},{"damage":19,"enemies":"Centurion and Healer","floor":30,"turns":4},{"damage":5,"enemies":"Chosen and Byrds","floor":31,"turns":3},{"damage":3,"enemies":"Champ","floor":33,"turns":8},{"damage":35,"enemies":"3 Darklings","floor":35,"turns":4},{"damage":17,"enemies":"Orb Walker","floor":38,"turns":4},{"damage":82,"enemies":"Giant Head","floor":40,"turns":7}],"event_choices":[{"event_name":"World of Goop","player_choice":"Gather Gold","floor":10,"damage_taken":0},{"event_name":"Wheel of Change","player_choice":"Card Removal","floor":21,"damage_taken":0},{"event_name":"Tomb of Lord Red Mask","player_choice":"Paid","floor":36,"damage_taken":0},{"event_name":"SensoryStone","player_choice":"Memory 1","floor":37,"damage_taken":0}],"boss_relics":[{"not_picked":["Nuclear Battery","Inserter"],"picked":"Ectoplasm"},{"not_picked":["Astrolabe","Calling Bell"],"picked":"Runic Pyramid"}],"potions_floor_spawned":[1,4,5,7,16,20,27,30,35],"seed_played":"-1476976175993508039","killed_by":"Giant Head","ascension_level":0,"is_trial":false}