{"gold_per_floor":[111,22,22,40,40,40,71,71,71,100,130,141,141,160,160,264,264,282,133,144,162,162,162,162],"floor_reached":24,"playtime":2181,"items_purged":[],"score":286,"play_id":"7c1701e1-f94b-4df9-914b-d14aaec0b6e8","local_time":"20190305193516","is_ascension_mode":true,"campfire_choices":[{"data":"Bash","floor":6.0,"key":"SMITH"},{"data":"Rage","floor":8.0,"key":"SMITH"},{"data":"Rupture","floor":13.0,"key":"SMITH"},{"data":"Disarm","floor":15,"key":"SMITH"},{"floor":23,"key":"REST"}],"neow_cost":"NONE","seed_source_timestamp":969948732348800,"circlet_count":0,"master_deck":["Strike_R","Strike_R","Strike_R","Strike_R","Strike_R","Defend_R","Defend_R","Defend_R","Defend_R","Bash+1","Thunderclap","Combust","Pommel Strike","Shrug It Off","Rage+1","Rupture+1","Perfected Strike","Disarm+1","Reaper","Disarm","Seeing Red","Rupture+1","Rupture"],"special_seed":0,"relics":["Burning Blood","Centennial Puzzle","FaceOfCleric","Omamori","Oddly Smooth Stone","Juzu Bracelet","Art of War","Eternal Feather","Nilry\u0027s Codex"],"potions_floor_usage":[14,18,24,24],"damage_taken":[{"damage":10.0,"enemies":"Small Slimes","floor":1.0,"turns":3.0},{"damage":2.0,"enemies":"Jaw Worm","floor":4.0,"turns":5.0},{"damage":32.0,"enemies":"Gremlin Nob","floor":7.0,"turns":4.0},{"damage":19.0,"enemies":"3 Sentries","floor":10.0,"turns":6.0},{"damage":6.0,"enemies":"Cultist","floor":12.0,"turns":3.0},{"damage":1,"enemies":"Exordium Wildlife","floor":14,"turns":3},{"damage":18,"enemies":"Hexaghost","floor":16,"turns":8},{"damage":18,"enemies":"Chosen","floor":18,"turns":7},{"damage":19,"enemies":"3 Byrds","floor":20,"turns":6},{"damage":34,"enemies":"Snecko","floor":21,"turns":4},{"damage":63,"enemies":"Slavers","floor":24,"turns":3}],"seed_played":"-618957706546000051","potions_obtained":[{"floor":4.0,"key":"Dexterity Potion"},{"floor":7.0,"key":"Strength Potion"},{"floor":14,"key":"LiquidBronze"},{"floor":20,"key":"PowerPotion"}],"is_trial":false,"path_per_floor":["M","$","?","M","?","R","E","R","T","E","?","M","R","M","R","B",null,"M","$","M","M","?","R","E"],"character_chosen":"IRONCLAD","items_purchased":["Combust","Pommel Strike","Disarm","Seeing Red"],"campfire_rested":1,"item_purchase_floors":[2,2,19,19],"current_hp_per_floor":[68,68,73,77,77,77,52,52,52,40,40,41,41,47,47,36,77,66,66,60,39,23,62,0],"gold":162,"neow_bonus":"RANDOM_COMMON_RELIC","is_prod":false,"is_daily":false,"chose_seed":false,"campfire_upgraded":4,"win_rate":0,"timestamp":1551832516,"path_taken":["M","$","?","M","?","R","E","R","T","E","?","M","R","M","R","BOSS","M","$","M","M","?","R","E"],"build_version":"2019-01-23","purchased_purges":0,"victory":false,"max_hp_per_floor":[80,80,85,85,85,85,86,86,86,87,87,88,88,89,89,90,90,91,91,92,93,93,93,93],"card_choices":[{"not_picked":["True Grit","Twin Strike"],"picked":"Thunderclap","floor":1.0},{"not_picked":["Sever Soul","Anger"],"picked":"Shrug It Off","floor":4.0},{"not_picked":["Heavy Blade","Sword Boomerang"],"picked":"Rage","floor":7.0},{"not_picked":["Clothesline","Fire Breathing"],"picked":"Rupture","floor":10.0},{"not_picked":["Dark Embrace","Twin Strike"],"picked":"Perfected Strike","floor":12.0},{"not_picked":["Wild Strike","Warcry"],"picked":"Disarm","floor":14},{"not_picked":["Offering","Fiend Fire"],"picked":"Reaper","floor":16},{"not_picked":["Iron Wave","Clash","Burning Pact"],"picked":"SKIP","floor":18},{"not_picked":["Metallicize","Sword Boomerang"],"picked":"Rupture+1","floor":20},{"not_picked":["Wild Strike","Cleave"],"picked":"Rupture","floor":21}],"player_experience":522311,"relics_obtained":[{"floor":7.0,"key":"Omamori"},{"floor":9.0,"key":"Oddly Smooth Stone"},{"floor":10.0,"key":"Juzu Bracelet"},{"floor":22,"key":"Nilry\u0027s Codex"}],"event_choices":[{"damage_healed":0.0,"max_hp_gain":5.0,"max_hp_loss":0.0,"gold_gain":0.0,"event_name":"Big Fish","player_choice":"Donut","floor":3.0,"gold_loss":0.0,"damage_taken":0.0},{"damage_healed":0.0,"max_hp_gain":0.0,"max_hp_loss":0.0,"gold_gain":0.0,"event_name":"FaceTrader","player_choice":"Trade","floor":5.0,"gold_loss":0.0,"damage_taken":0.0,"relics_obtained":["FaceOfCleric"]},{"damage_healed":0.0,"max_hp_gain":0.0,"max_hp_loss":0.0,"gold_gain":30.0,"event_name":"Dead Adventurer","player_choice":"Searched \u00273\u0027 times","floor":11.0,"gold_loss":0.0,"damage_taken":0.0,"relics_obtained":["Art of War"]},{"damage_healed":0,"gold_gain":0,"player_choice":"Obtained Book","damage_taken":16,"max_hp_gain":0,"max_hp_loss":0,"event_name":"Cursed Tome","floor":22,"gold_loss":0}],"is_beta":false,"boss_relics":[{"not_picked":["Coffee Dripper","Pandora\u0027s Box"],"picked":"Eternal Feather"}],"items_purged_floors":[],"is_endless":false,"potions_floor_spawned":[4,7,14,20],"killed_by":"Slavers","ascension_level":8}