{"path_per_floor":["M","M","M","M","M","R","M","R","T","M","?","?","?","M","R"],"character_chosen":"THE_SILENT","items_purchased":[],"gold_per_floor":[113,131,141,158,171,171,186,186,186,198,198,198,198,210,210,210],"floor_reached":16,"campfire_rested":1,"playtime":914,"current_hp_per_floor":[64,64,64,64,51,51,43,64,64,64,64,64,64,64,64,0],"items_purged":[],"gold":210,"score":96,"play_id":"99ad9e76-4cc4-4f19-a675-ea83a740ca88","local_time":"20180424233120","is_prod":false,"is_daily":false,"chose_seed":false,"is_ascension_mode":false,"campfire_upgraded":2,"timestamp":1524627080,"path_taken":["M","M","M","M","M","R","M","R","T","M","?","?","?","M","R","BOSS"],"build_version":"2018-04-19","seed_source_timestamp":46712842001303,"purchased_purges":0,"victory":false,"master_deck":["Defend_G","Defend_G","Defend_G","Defend_G","Defend_G","Strike_G","Strike_G","Strike_G","Strike_G","Survivor","Neutralize+1","Footwork+1","Underhanded Strike","Backstab+1","Flying Knee","Predator","Dash","Backflip","Regret","Malaise","Deflect"],"max_hp_per_floor":[70,70,70,70,70,70,70,70,70,70,70,70,70,70,70,70],"relics":["Ring of the Snake","Smiling Mask","Gremlin Horn"],"card_choices":[{"not_picked":["Prepared","Sucker Punch"],"picked":"Footwork","floor":1},{"not_picked":["Prepared","Deadly Poison"],"picked":"Underhanded Strike","floor":2},{"not_picked":["Malaise","Underhanded Strike"],"picked":"Backstab","floor":3},{"not_picked":["Eviscerate","Caltrops"],"picked":"Flying Knee","floor":4},{"not_picked":["Blade Dance","PiercingWail"],"picked":"Predator","floor":5},{"not_picked":["Cloak And Dagger","Dagger Throw"],"picked":"Dash","floor":7},{"not_picked":["Corpse Explosion","Predator"],"picked":"Backflip","floor":10},{"not_picked":["Crippling Poison","Flying Knee"],"picked":"Deflect","floor":14}],"player_experience":156286,"potions_floor_usage":[16,16,16],"damage_taken":[{"damage":6,"enemies":"Cultist","floor":1,"turns":6},{"damage":0,"enemies":"Small Slimes","floor":2,"turns":4},{"damage":0,"enemies":"2 Louse","floor":3,"turns":3},{"damage":0,"enemies":"Blue Slaver","floor":4,"turns":4},{"damage":13,"enemies":"Large Slime","floor":5,"turns":7},{"damage":8,"enemies":"Lots of Slimes","floor":7,"turns":5},{"damage":0,"enemies":"2 Fungi Beasts","floor":10,"turns":2},{"damage":0,"enemies":"Blue Slaver","floor":14,"turns":3},{"damage":84,"enemies":"Slime Boss","floor":16,"turns":19}],"event_choices":[{"event_name":"Big Fish","player_choice":"Box","floor":11,"damage_taken":0},{"event_name":"Liars Game","player_choice":"disagreed","floor":12,"damage_taken":0},{"event_name":"Transmorgrifier","player_choice":"Transform","floor":13,"damage_taken":0}],"boss_relics":[],"potions_floor_spawned":[3,4,5,14],"seed_played":"4867372337024890291","killed_by":"Slime Boss","ascension_level":0,"is_trial":false}