{"gold_per_floor":[119,134,150,39,39,65,65,80,159,177,190,190,216,231,231,328,328,342,353,367,88,88,19,19,19],"floor_reached":25,"playtime":2086,"items_purged":["Strike_R"],"score":331,"play_id":"a24184bc-137f-42c3-acba-d4a3e5f0e3ef","local_time":"20190322222941","is_ascension_mode":true,"campfire_choices":[{"data":"Clothesline","floor":7,"key":"SMITH"},{"data":"1","floor":12,"key":"LIFT"},{"data":"Limit Break","floor":15,"key":"SMITH"},{"data":"Armaments","floor":24,"key":"SMITH"}],"neow_cost":"NONE","seed_source_timestamp":232555641840240,"circlet_count":0,"master_deck":["Strike_R","Strike_R","Defend_R","Defend_R","Defend_R","Defend_R","Bash+1","Clothesline+1","Disarm","Shrug It Off","Spot Weakness","Shrug It Off","Heavy Blade","Limit Break+1","Anger","Pummel","Ghostly Armor","Headbutt","Armaments+1","Writhe","Metallicize+1"],"relics":["Burning Blood","Girya","Frozen Egg 2","Red Skull","Empty Cage","Brimstone","Thread and Needle"],"potions_floor_usage":[6,19,25,25],"damage_taken":[{"damage":6,"enemies":"Cultist","floor":1,"turns":3},{"damage":5,"enemies":"2 Louse","floor":2,"turns":3},{"damage":4,"enemies":"Jaw Worm","floor":3,"turns":3},{"damage":37,"enemies":"Gremlin Nob","floor":6,"turns":5},{"damage":0,"enemies":"Exordium Wildlife","floor":8,"turns":5},{"damage":2,"enemies":"Red Slaver","floor":10,"turns":4},{"damage":2,"enemies":"2 Fungi Beasts","floor":11,"turns":4},{"damage":27,"enemies":"3 Sentries","floor":13,"turns":10},{"damage":8,"enemies":"Looter","floor":14,"turns":3},{"damage":0,"enemies":"Slime Boss","floor":16,"turns":3},{"damage":9,"enemies":"Chosen","floor":18,"turns":5},{"damage":33,"enemies":"Spheric Guardian","floor":19,"turns":6},{"damage":8,"enemies":"Snake Plant","floor":20,"turns":5},{"damage":44,"enemies":"Book of Stabbing","floor":25,"turns":5}],"seed_played":"3138142061504671959","potions_obtained":[{"floor":1,"key":"Strength Potion"},{"floor":8,"key":"Strength Potion"},{"floor":13,"key":"SkillPotion"},{"floor":14,"key":"Swift Potion"}],"is_trial":false,"path_per_floor":["$","?","?"],"character_chosen":"IRONCLAD","items_purchased":["Spot Weakness","Brimstone","Armaments","SpeedPotion","Metallicize+1"],"campfire_rested":0,"item_purchase_floors":[4,21,21,21,23],"current_hp_per_floor":[80,80,80,80,80,49,49,55,55,59,63,63,42,40,40,46,72,69,42,40,40,40,40,40,0],"gold":19,"neow_bonus":"UPGRADE_CARD","is_prod":false,"is_daily":false,"chose_seed":false,"campfire_upgraded":3,"win_rate":0,"timestamp":1553293781,"path_taken":["M","M","M","?","?","E","R","M","T","M","M","R","E","M","R","BOSS","M","M","M","$","?","$","R","E"],"build_version":"2019-01-23","purchased_purges":1,"victory":false,"max_hp_per_floor":[80,80,80,80,80,80,80,80,80,80,80,80,80,80,80,80,80,80,80,80,80,80,80,80,80],"card_choices":[{"not_picked":["Flex","Metallicize"],"picked":"Clothesline","floor":1},{"not_picked":["Shrug It Off","Power Through"],"picked":"Disarm","floor":2},{"not_picked":["Havoc","Pommel Strike"],"picked":"Shrug It Off","floor":3},{"not_picked":["Ghostly Armor","Wild Strike"],"picked":"Shrug It Off","floor":6},{"not_picked":["Power Through","Disarm","Cleave"],"picked":"SKIP","floor":8},{"not_picked":["Infernal Blade","Evolve+1","Warcry"],"picked":"SKIP","floor":10},{"not_picked":["Dual Wield","Searing Blow"],"picked":"Heavy Blade","floor":11},{"not_picked":["Thunderclap","Pommel Strike"],"picked":"Limit Break","floor":13},{"not_picked":["Pommel Strike","Havoc"],"picked":"Anger","floor":14},{"not_picked":["Blood for Blood","Wild Strike"],"picked":"Pummel","floor":18},{"not_picked":["Combust+1","Warcry"],"picked":"Ghostly Armor","floor":19},{"not_picked":["Entrench","Perfected Strike"],"picked":"Headbutt","floor":20}],"player_experience":292888,"relics_obtained":[{"floor":6,"key":"Girya"},{"floor":9,"key":"Frozen Egg 2"},{"floor":13,"key":"Red Skull"}],"event_choices":[{"damage_healed":0,"gold_gain":0,"player_choice":"Leave","damage_taken":0,"max_hp_gain":0,"max_hp_loss":0,"event_name":"The Cleric","floor":5,"gold_loss":0},{"damage_healed":0,"gold_gain":0,"player_choice":"Opened","damage_taken":0,"relics_obtained":["Thread and Needle"],"max_hp_gain":0,"max_hp_loss":0,"event_name":"The Mausoleum","floor":22,"gold_loss":0,"cards_obtained":["Writhe"]}],"is_beta":false,"boss_relics":[{"not_picked":["Tiny House","Runic Cube"],"picked":"Empty Cage"}],"items_purged_floors":[4],"is_endless":false,"potions_floor_spawned":[1,8,13,14],"killed_by":"Book of Stabbing","ascension_level":5}