{"gold_per_floor":[114,134,144,39,39,66,66,83,106,106,120,154,154,174,174,297,297,322,322,337,352,370,370,370],"floor_reached":24,"playtime":1603,"items_purged":[],"score":284,"play_id":"e6e1c427-abd8-4d26-bc4a-3670f023d3ab","local_time":"20190324144658","is_ascension_mode":true,"campfire_choices":[{"data":"Neutralize","floor":7,"key":"SMITH"},{"floor":10,"key":"REST"},{"data":"After Image","floor":15,"key":"SMITH"},{"floor":23,"key":"REST"}],"neow_cost":"NONE","seed_source_timestamp":476601757934563,"circlet_count":0,"master_deck":["Defend_G","Defend_G","Defend_G","Defend_G","Defend_G","Strike_G","Strike_G","Strike_G","Strike_G","Strike_G+1","Survivor","Neutralize+1","Underhanded Strike","Underhanded Strike","Dodge and Roll","Infinite Blades","Flying Knee","Terror","Skewer+1","Escape Plan","All Out Attack","After Image+1","Adrenaline","Blade Dance","Backflip","Burst","PiercingWail","Predator","Deflect","PiercingWail+1"],"special_seed":0,"relics":["Ring of the Snake","Ancient Tea Set","Centennial Puzzle","Golden Idol","Orrery","Nloth\u0027s Gift"],"potions_floor_usage":[16,21,22],"damage_taken":[{"damage":3.0,"enemies":"Small Slimes","floor":1.0,"turns":6.0},{"damage":1,"enemies":"2 Louse","floor":2,"turns":3},{"damage":1,"enemies":"Cultist","floor":3,"turns":4},{"damage":30,"enemies":"3 Sentries","floor":6,"turns":12},{"damage":6,"enemies":"Large Slime","floor":8,"turns":6},{"damage":7,"enemies":"2 Fungi Beasts","floor":11,"turns":4},{"damage":16,"enemies":"Lagavulin","floor":12,"turns":7},{"damage":1,"enemies":"Exordium Wildlife","floor":14,"turns":2},{"damage":7,"enemies":"Hexaghost","floor":16,"turns":9},{"damage":11,"enemies":"3 Byrds","floor":18,"turns":9},{"damage":6,"enemies":"Shell Parasite","floor":20,"turns":7},{"damage":8,"enemies":"3 Cultists","floor":21,"turns":6},{"damage":24,"enemies":"Sentry and Sphere","floor":22,"turns":7},{"damage":23,"enemies":"Snecko","floor":24,"turns":6}],"seed_played":"8676209116723558970","potions_obtained":[{"floor":1.0,"key":"Fire Potion"},{"floor":11,"key":"GamblersBrew"},{"floor":12,"key":"Ancient Potion"},{"floor":16,"key":"Fire Potion"},{"floor":18,"key":"PowerPotion"},{"floor":22,"key":"Ancient Potion"}],"is_trial":false,"path_per_floor":["?","?","?"],"character_chosen":"THE_SILENT","items_purchased":["Infinite Blades","Flying Knee"],"campfire_rested":2,"item_purchase_floors":[4,4],"current_hp_per_floor":[60,59,58,58,58,28,28,22,22,43,36,20,20,19,19,12,52,41,41,35,27,3,22,0],"gold":370,"neow_bonus":"RANDOM_COMMON_RELIC","is_prod":false,"is_daily":false,"chose_seed":false,"campfire_upgraded":2,"win_rate":0,"timestamp":1553464018,"path_taken":["M","M","M","$","?","E","R","M","T","R","M","E","?","M","R","BOSS","M","?","M","M","M","R","M"],"build_version":"2019-01-23","purchased_purges":0,"victory":false,"max_hp_per_floor":[70,70,70,70,70,70,70,70,70,70,70,70,65,65,65,65,65,65,65,65,65,65,65,65],"card_choices":[{"not_picked":["Prepared","Poisoned Stab"],"picked":"Underhanded Strike","floor":1.0},{"not_picked":["Bouncing Flask","Dodge and Roll"],"picked":"Underhanded Strike","floor":2},{"not_picked":["Flechettes","Underhanded Strike"],"picked":"Dodge and Roll","floor":3},{"not_picked":["Flying Knee","Dagger Throw"],"picked":"Terror","floor":6},{"not_picked":["Acrobatics","Setup"],"picked":"Skewer","floor":8},{"not_picked":["Underhanded Strike","Poisoned Stab"],"picked":"Escape Plan","floor":11},{"not_picked":["Dagger Spray","Flying Knee"],"picked":"All Out Attack","floor":12},{"not_picked":["Infinite Blades","Bane"],"picked":"After Image","floor":14},{"not_picked":["A Thousand Cuts","Storm of Steel"],"picked":"Adrenaline","floor":16},{"not_picked":["Dagger Spray","Underhanded Strike"],"picked":"Blade Dance","floor":17},{"not_picked":["Deflect","Terror"],"picked":"Backflip","floor":17},{"not_picked":["Deadly Poison","Slice"],"picked":"Burst","floor":17},{"not_picked":["Expertise","Slice"],"picked":"PiercingWail","floor":17},{"not_picked":["Distraction","Choke"],"picked":"Predator","floor":17},{"not_picked":["Quick Slash","Endless Agony"],"picked":"Deflect","floor":18},{"not_picked":["Riddle With Holes","Poisoned Stab","Flying Knee"],"picked":"SKIP","floor":20},{"not_picked":["Finisher+1","Underhanded Strike"],"picked":"PiercingWail+1","floor":21},{"not_picked":["Underhanded Strike","Flechettes","Bouncing Flask+1"],"picked":"SKIP","floor":22}],"player_experience":112843,"relics_obtained":[{"floor":6,"key":"Centennial Puzzle"},{"floor":12,"key":"Whetstone"}],"event_choices":[{"damage_healed":0,"gold_gain":0,"player_choice":"Leave","damage_taken":0,"max_hp_gain":0,"max_hp_loss":0,"event_name":"The Cleric","floor":5,"gold_loss":0},{"damage_healed":0,"gold_gain":0,"player_choice":"Lose Max HP","damage_taken":0,"relics_obtained":["Golden Idol"],"max_hp_gain":0,"max_hp_loss":5,"event_name":"Golden Idol","floor":13,"gold_loss":0},{"damage_healed":0,"gold_gain":0,"player_choice":"Traded Relic","damage_taken":0,"relics_obtained":["Nloth\u0027s Gift"],"max_hp_gain":0,"max_hp_loss":0,"event_name":"N\u0027loth","floor":19,"relics_lost":["Whetstone"],"gold_loss":0}],"is_beta":false,"boss_relics":[{"not_picked":["Tiny House","Runic Pyramid"],"picked":"Orrery"}],"items_purged_floors":[],"is_endless":false,"potions_floor_spawned":[1,11,12,16,18,22],"killed_by":"Snecko","ascension_level":7}