{"gold_per_floor":[109,184,198,198,213,243,243,256,256,256,273,286,25,41,41,138,138,155,175,187,187,187],"floor_reached":22,"playtime":2154,"items_purged":[],"score":238,"play_id":"2273a1df-a970-450a-95fb-09067355ea0c","local_time":"20190317020047","is_ascension_mode":true,"campfire_choices":[{"data":"Rampage","floor":7,"key":"SMITH"},{"data":"Searing Blow","floor":10,"key":"SMITH"},{"data":"Searing Blow+1","floor":15,"key":"SMITH"}],"neow_cost":"NONE","seed_source_timestamp":356796145074222,"circlet_count":0,"master_deck":["Strike_R","Strike_R","Strike_R","Strike_R","Strike_R","Defend_R","Defend_R","Defend_R","Defend_R","Bash+1","Headbutt","Searing Blow+2","Metallicize","Rampage+1","Dropkick","Feel No Pain","Impervious","Reaper","Body Slam+1","Ghostly Armor","Metallicize","Decay"],"relics":["Burning Blood","Oddly Smooth Stone","Darkstone Periapt","Bottled Tornado","Mark of Pain"],"potions_floor_usage":[6,6,14,16,16,16],"damage_taken":[{"damage":2,"enemies":"Jaw Worm","floor":1,"turns":3},{"damage":0,"enemies":"Small Slimes","floor":3,"turns":3},{"damage":2,"enemies":"2 Louse","floor":5,"turns":2},{"damage":25,"enemies":"3 Sentries","floor":6,"turns":12},{"damage":13,"enemies":"Exordium Wildlife","floor":8,"turns":4},{"damage":17,"enemies":"Exordium Thugs","floor":11,"turns":4},{"damage":15,"enemies":"Blue Slaver","floor":12,"turns":5},{"damage":6,"enemies":"3 Louse","floor":14,"turns":4},{"damage":33,"enemies":"The Guardian","floor":16,"turns":10},{"damage":31,"enemies":"Shell Parasite","floor":18,"turns":6},{"damage":17,"enemies":"Spheric Guardian","floor":19,"turns":4},{"damage":20,"enemies":"Cultist and Chosen","floor":20,"turns":7},{"damage":34,"enemies":"Snecko","floor":22,"turns":6}],"seed_played":"-390702553240614723","potions_obtained":[{"floor":3,"key":"EntropicBrew"},{"floor":8,"key":"Weak Potion"},{"floor":11,"key":"Block Potion"},{"floor":14,"key":"Regen Potion"},{"floor":16,"key":"Ancient Potion"},{"floor":18,"key":"Regen Potion"},{"floor":20,"key":"GamblersBrew"}],"is_trial":false,"path_per_floor":["?","?","?"],"character_chosen":"IRONCLAD","items_purchased":["Bottled Tornado"],"campfire_rested":0,"item_purchase_floors":[13],"current_hp_per_floor":[88,77,83,83,87,68,68,61,61,61,50,41,41,41,41,29,73,48,37,28,34,0],"gold":187,"neow_bonus":"TEN_PERCENT_HP_BONUS","is_prod":false,"is_daily":false,"chose_seed":false,"campfire_upgraded":3,"win_rate":0,"timestamp":1552788047,"path_taken":["M","?","M","?","M","E","R","M","T","R","M","M","$","M","R","BOSS","M","M","M","?","M"],"build_version":"2019-01-23","purchased_purges":0,"victory":false,"max_hp_per_floor":[88,88,88,88,88,88,88,88,88,88,88,88,88,88,88,88,88,88,88,88,94,94],"card_choices":[{"not_picked":["Shrug It Off","Heavy Blade"],"picked":"Headbutt","floor":1},{"not_picked":["Clash","Combust"],"picked":"Searing Blow","floor":3},{"not_picked":["Body Slam","Warcry"],"picked":"Metallicize","floor":5},{"not_picked":["Havoc","Evolve"],"picked":"Rampage","floor":6},{"not_picked":["Seeing Red","Anger"],"picked":"Dropkick","floor":8},{"not_picked":["Thunderclap","Clothesline"],"picked":"Feel No Pain","floor":11},{"not_picked":["Flex","Uppercut"],"picked":"Impervious","floor":12},{"not_picked":["Thunderclap","Anger","Bloodletting"],"picked":"SKIP","floor":14},{"not_picked":["Exhume","Bludgeon"],"picked":"Reaper","floor":16},{"not_picked":["Seeing Red","Battle Trance"],"picked":"Body Slam+1","floor":18},{"not_picked":["Whirlwind","Searing Blow"],"picked":"Ghostly Armor","floor":19},{"not_picked":["Cleave","Flame Barrier"],"picked":"Metallicize","floor":20}],"player_experience":254150,"relics_obtained":[{"floor":6,"key":"Oddly Smooth Stone"},{"floor":9,"key":"Darkstone Periapt"}],"event_choices":[{"damage_healed":0,"gold_gain":75,"player_choice":"Gather Gold","damage_taken":11,"max_hp_gain":0,"max_hp_loss":0,"event_name":"World of Goop","floor":2,"gold_loss":0},{"damage_healed":0,"gold_gain":0,"player_choice":"Grow","damage_taken":0,"max_hp_gain":0,"max_hp_loss":0,"event_name":"Living Wall","floor":4,"gold_loss":0,"cards_upgraded":["Bash"]},{"damage_healed":0,"gold_gain":0,"player_choice":"Smashed Altar","damage_taken":0,"max_hp_gain":0,"max_hp_loss":0,"event_name":"Forgotten Altar","floor":21,"gold_loss":0,"cards_obtained":["Decay"]}],"is_beta":false,"boss_relics":[{"not_picked":["Coffee Dripper","Philosopher\u0027s Stone"],"picked":"Mark of Pain"}],"items_purged_floors":[],"is_endless":false,"potions_floor_spawned":[3,8,11,14,16,18,20],"killed_by":"Snecko","ascension_level":5}