{"gold_per_floor":[109,125,140,33,102,102,102,129,156,156,156,172,184,219,219,317,317,333,348,21,21,21,21,21,54,54,88,15,15,15,32,32,134,134,145,145,161,29,48,48,48,48,48,62,62,62],"floor_reached":46,"playtime":4706,"items_purged":["Strike_G"],"score":760,"play_id":"732e481a-5e6a-4f3e-b8ff-2505a9148143","local_time":"20190405175505","is_ascension_mode":true,"campfire_choices":[{"data":"Sucker Punch","floor":7,"key":"SMITH"},{"floor":10,"key":"REST"},{"data":"Footwork","floor":15,"key":"SMITH"},{"floor":23,"key":"REST"},{"floor":30,"key":"REST"},{"floor":32,"key":"REST"},{"floor":40,"key":"REST"},{"floor":42,"key":"RECALL"}],"neow_cost":"NONE","seed_source_timestamp":342871663803034,"circlet_count":0,"master_deck":["AscendersBane","Defend_G","Defend_G","Defend_G+1","Defend_G","Strike_G","Strike_G","Survivor","Neutralize+1","Flying Knee","Backstab","Sucker Punch+1","Footwork+1","Deflect+1","PiercingWail","Backflip","All Out Attack","Finisher","Die Die Die","Prepared","Caltrops","Choke","Backflip","Bandage Up","Tools of the Trade","Poisoned Stab","Concentrate","Quick Slash","Well Laid Plans","Writhe","Bouncing Flask","Malaise","Calculated Gamble+1","Noxious Fumes","PiercingWail","Poisoned Stab+1"],"relics":["Ring of the Snake","Snake Skull","War Paint","Bag of Marbles","Fusion Hammer","Vajra","Happy Flower","Matryoshka","Dead Branch","Black Star","Ancient Tea Set","Question Card"],"potions_floor_usage":[6,16,27,33,46],"damage_taken":[{"damage":0,"enemies":"Cultist","floor":1,"turns":4},{"damage":4,"enemies":"Jaw Worm","floor":2,"turns":7},{"damage":0,"enemies":"2 Louse","floor":3,"turns":2},{"damage":0,"enemies":"3 Sentries","floor":6,"turns":2},{"damage":20,"enemies":"Lagavulin","floor":8,"turns":9},{"damage":4,"enemies":"Large Slime","floor":12,"turns":6},{"damage":0,"enemies":"2 Fungi Beasts","floor":13,"turns":3},{"damage":16,"enemies":"Gremlin Nob","floor":14,"turns":5},{"damage":19,"enemies":"Slime Boss","floor":16,"turns":12},{"damage":5,"enemies":"Chosen","floor":18,"turns":3},{"damage":5,"enemies":"2 Thieves","floor":19,"turns":5},{"damage":30,"enemies":"Book of Stabbing","floor":25,"turns":7},{"damage":15,"enemies":"Slavers","floor":27,"turns":4},{"damage":1,"enemies":"Shelled Parasite and Fungi","floor":31,"turns":4},{"damage":62,"enemies":"Champ","floor":33,"turns":11},{"damage":6,"enemies":"3 Darklings","floor":35,"turns":3},{"damage":1,"enemies":"Orb Walker","floor":37,"turns":2},{"damage":7,"enemies":"Sphere and 2 Shapes","floor":39,"turns":4},{"damage":22,"enemies":"Jaw Worm Horde","floor":44,"turns":5},{"damage":57,"enemies":"3 Darklings","floor":46,"turns":4}],"seed_played":"8259659923873340942","potions_obtained":[{"floor":1,"key":"SmokeBomb"},{"floor":13,"key":"PowerPotion"},{"floor":14,"key":"SteroidPotion"},{"floor":16,"key":"Regen Potion"},{"floor":33,"key":"Weak Potion"},{"floor":44,"key":"SpeedPotion"}],"is_trial":false,"path_per_floor":["?","?","?","?","?","?","?","?","?","M"],"character_chosen":"THE_SILENT","items_purchased":["Footwork","Deflect","Caltrops","Choke","Backflip","Bandage Up","Well Laid Plans","Noxious Fumes","PiercingWail"],"campfire_rested":5,"item_purchase_floors":[4,4,20,20,20,20,28,38,38],"current_hp_per_floor":[63,59,59,59,59,59,59,39,39,60,60,56,56,40,40,21,58,53,48,48,48,48,69,56,30,30,19,19,19,41,44,66,23,62,56,56,55,55,52,71,71,71,71,49,49,0],"gold":62,"neow_bonus":"UPGRADE_CARD","is_prod":false,"is_daily":false,"chose_seed":false,"campfire_upgraded":2,"win_rate":0,"timestamp":1554483305,"path_taken":["M","M","M","$","?","E","R","E","T","R","?","M","M","E","R","BOSS","M","M","$","?","?","R","?","E","T","E","$","?","R","M","R","BOSS","M","?","M","$","M","R","?","R","T","M","?","?"],"build_version":"2019-01-23","purchased_purges":1,"victory":false,"max_hp_per_floor":[70,70,70,70,70,70,70,70,70,70,70,70,70,70,70,70,70,70,70,70,70,70,70,75,75,75,75,75,75,75,75,75,75,75,75,71,71,71,71,71,71,71,71,71,71,71],"card_choices":[{"not_picked":["Backflip","Reflex"],"picked":"Flying Knee","floor":1},{"not_picked":["Quick Slash","Deadly Poison"],"picked":"Backstab","floor":2},{"not_picked":["Accuracy","Flying Knee"],"picked":"Sucker Punch","floor":3},{"not_picked":["Deflect","Heel Hook"],"picked":"PiercingWail","floor":8},{"not_picked":["Deadly Poison","Grand Finale"],"picked":"Backflip","floor":12},{"not_picked":["Deadly Poison","Flying Knee"],"picked":"All Out Attack","floor":13},{"not_picked":["Dagger Throw","Riddle With Holes"],"picked":"Finisher","floor":14},{"not_picked":["Phantasmal Killer","Bullet Time"],"picked":"Die Die Die","floor":16},{"not_picked":["Setup+1","Dagger Spray","Slice"],"picked":"SKIP","floor":18},{"not_picked":["Catalyst","Bane"],"picked":"Prepared","floor":19},{"not_picked":["Dagger Throw+1","Bane+1"],"picked":"Concentrate","floor":25},{"not_picked":["Underhanded Strike","Predator"],"picked":"Quick Slash","floor":27},{"not_picked":["Acrobatics","Dagger Throw"],"picked":"Bouncing Flask","floor":31},{"not_picked":["Doppelganger","Envenom"],"picked":"Malaise","floor":33},{"not_picked":["Setup+1","Bane"],"picked":"Calculated Gamble+1","floor":35},{"not_picked":["Dagger Throw+1","Underhanded Strike+1","Outmaneuver+1"],"picked":"SKIP","floor":37},{"not_picked":["Underhanded Strike+1","Quick Slash+1"],"picked":"Poisoned Stab+1","floor":39},{"not_picked":["Setup+1","Poisoned Stab","Predator","Outmaneuver"],"picked":"SKIP","floor":44}],"player_experience":464111,"relics_obtained":[{"floor":8,"key":"Snake Skull"},{"floor":9,"key":"War Paint"},{"floor":14,"key":"Bag of Marbles"},{"floor":25,"key":"Vajra"},{"floor":26,"key":"Happy Flower"},{"floor":27,"key":"Matryoshka"},{"floor":43,"key":"Ancient Tea Set"},{"floor":43,"key":"Question Card"}],"event_choices":[{"damage_healed":0,"gold_gain":69,"player_choice":"Gained Gold","damage_taken":0,"max_hp_gain":0,"max_hp_loss":0,"event_name":"Golden Wing","floor":5,"gold_loss":0},{"damage_healed":0,"gold_gain":0,"player_choice":"Ignored","damage_taken":0,"max_hp_gain":0,"max_hp_loss":0,"event_name":"Liars Game","floor":11,"gold_loss":0},{"damage_healed":0,"gold_gain":0,"player_choice":"Ignored","damage_taken":0,"max_hp_gain":0,"max_hp_loss":0,"event_name":"Ghosts","floor":21,"gold_loss":0},{"damage_healed":0,"gold_gain":0,"cards_transformed":["Strike_G","Strike_G"],"player_choice":"Became Test Subject","damage_taken":0,"max_hp_gain":0,"max_hp_loss":0,"event_name":"Drug Dealer","floor":22,"gold_loss":0,"cards_obtained":["Tools of the Trade","Poisoned Stab"]},{"damage_healed":0,"gold_gain":0,"player_choice":"Shed Blood","damage_taken":18,"max_hp_gain":5,"max_hp_loss":0,"event_name":"Forgotten Altar","floor":24,"gold_loss":0},{"damage_healed":0,"gold_gain":0,"player_choice":"Opened","damage_taken":0,"relics_obtained":["Dead Branch"],"max_hp_gain":0,"max_hp_loss":0,"event_name":"The Mausoleum","floor":29,"gold_loss":0,"cards_obtained":["Writhe"]},{"damage_healed":0,"gold_gain":0,"player_choice":"Max HP","damage_taken":0,"max_hp_gain":0,"max_hp_loss":4,"event_name":"Winding Halls","floor":36,"gold_loss":0},{"damage_healed":0,"gold_gain":0,"player_choice":"Ignored","damage_taken":0,"max_hp_gain":0,"max_hp_loss":0,"event_name":"Mysterious Sphere","floor":41,"gold_loss":0},{"cards_removed":["Defend_G"],"damage_healed":0,"gold_gain":0,"player_choice":"Removed Skill","damage_taken":0,"max_hp_gain":0,"max_hp_loss":0,"event_name":"Falling","floor":45,"gold_loss":0}],"is_beta":false,"boss_relics":[{"not_picked":["Orrery","Tiny House"],"picked":"Fusion Hammer"},{"not_picked":["WristBlade","Coffee Dripper"],"picked":"Black Star"}],"items_purged_floors":[20],"is_endless":false,"potions_floor_spawned":[1,13,14,16,25,33,44],"killed_by":"3 Darklings","ascension_level":11}