{"gold_per_floor":[118,118,268,543,556,588,60,60,60,80,5,15,42,53,53,127,127,139,39,39,58,58,58,89,26,77,2,2,2,18,18],"floor_reached":31,"playtime":1039,"items_purged":["Regret","Doubt"],"score":572,"play_id":"b1927dd2-4dbc-4d25-aab1-4dafa09f7fff","local_time":"20190420165835","is_ascension_mode":true,"campfire_choices":[{"data":"Defragment","floor":8.0,"key":"SMITH"},{"data":"Fission","floor":15,"key":"SMITH"},{"data":"Loop","floor":23,"key":"SMITH"},{"floor":28,"key":"REST"}],"neow_cost":"NONE","seed_source_timestamp":30420532574996,"circlet_count":0,"master_deck":["AscendersBane","Strike_B+1","Defend_B+1","Defend_B","Defend_B","Defend_B","Zap","Dualcast+1","Cold Snap","Loop+1","Ball Lightning","Defragment+1","BootSequence","Compile Driver+1","Fission+1","Gash+1","Amplify+1","Barrage+1","Sweeping Beam+1","Streamline+1","Glacier","Leap","Blizzard+1","Coolheaded+1"],"special_seed":0,"relics":["Cracked Core","NeowsBlessing","Pen Nib","Molten Egg 2","Oddly Smooth Stone","Juzu Bracelet","Omamori","Eternal Feather","Enchiridion","The Courier","War Paint"],"potions_floor_usage":[21],"damage_taken":[{"damage":0.0,"enemies":"Jaw Worm","floor":1.0,"turns":1.0},{"damage":0.0,"enemies":"Small Slimes","floor":5.0,"turns":1.0},{"damage":0.0,"enemies":"Lagavulin","floor":6.0,"turns":1.0},{"damage":2.0,"enemies":"Cultist","floor":10.0,"turns":3.0},{"damage":7,"enemies":"3 Louse","floor":12,"turns":2},{"damage":6,"enemies":"3 Sentries","floor":13,"turns":7},{"damage":0,"enemies":"2 Fungi Beasts","floor":14,"turns":2},{"damage":23,"enemies":"Slime Boss","floor":16,"turns":11},{"damage":17,"enemies":"Chosen","floor":18,"turns":5},{"damage":1,"enemies":"3 Byrds","floor":21,"turns":6},{"damage":39,"enemies":"Slavers","floor":24,"turns":7},{"damage":20,"enemies":"Centurion and Healer","floor":30,"turns":11},{"damage":19,"enemies":"Book of Stabbing","floor":31,"turns":4}],"seed_played":"-7676047947827111730","potions_obtained":[{"floor":6.0,"key":"SteroidPotion"},{"floor":10.0,"key":"Ancient Potion"},{"floor":14,"key":"Regen Potion"}],"is_trial":false,"path_per_floor":["M","?","?","?","M","E","$","R","T","M","$","M","E","M","R","B",null,"M","$","?","M","?","R","E","$","T","?","R","$","M","E"],"character_chosen":"DEFECT","items_purchased":["Defragment","Molten Egg 2","Oddly Smooth Stone","Blizzard+1"],"campfire_rested":1,"item_purchase_floors":[7,7,7,25],"current_hp_per_floor":[64,43,43,43,43,43,43,43,43,41,41,34,28,28,28,5,55,38,38,17,31,31,43,4,4,4,4,37,37,17,0],"gold":18,"neow_bonus":"THREE_ENEMY_KILL","is_prod":false,"is_daily":false,"chose_seed":false,"campfire_upgraded":3,"win_rate":0,"timestamp":1555772315,"path_taken":["M","?","?","?","M","E","$","R","T","M","$","M","E","M","R","BOSS","M","$","?","M","?","R","E","$","T","?","R","$","M","E"],"build_version":"2019-04-04","purchased_purges":2,"victory":false,"max_hp_per_floor":[71,71,71,71,71,71,71,71,71,71,71,71,71,71,71,71,71,71,71,71,71,71,71,71,71,71,71,71,71,71,71],"card_choices":[{"not_picked":["Compile Driver","Reinforced Body"],"picked":"Cold Snap","floor":1.0},{"not_picked":["Steam","Steam Power"],"picked":"Loop","floor":5.0},{"not_picked":["Darkness","Undo"],"picked":"Ball Lightning","floor":6.0},{"not_picked":["Conserve Battery","Double Energy"],"picked":"BootSequence","floor":10.0},{"not_picked":["Seek","Turbo"],"picked":"Compile Driver+1","floor":12},{"not_picked":["Seek","Hello World"],"picked":"Fission","floor":13},{"not_picked":["Coolheaded","Ball Lightning+1"],"picked":"Gash+1","floor":14},{"not_picked":["Multi-Cast","Rainbow"],"picked":"Amplify","floor":16},{"not_picked":["Stack","Heatsinks"],"picked":"Barrage+1","floor":18},{"not_picked":["Tempest","Rebound+1"],"picked":"Sweeping Beam+1","floor":21},{"not_picked":["Steam","BootSequence"],"picked":"Leap","floor":24},{"not_picked":["Beam Cell+1","Reprogram"],"picked":"Coolheaded+1","floor":30}],"player_experience":1174980,"relics_obtained":[{"floor":6.0,"key":"Pen Nib"},{"floor":9.0,"key":"Juzu Bracelet"},{"floor":13,"key":"Omamori"},{"floor":20,"key":"Enchiridion"},{"floor":24,"key":"The Courier"},{"floor":26,"key":"War Paint"}],"event_choices":[{"damage_healed":0.0,"max_hp_gain":0.0,"max_hp_loss":0.0,"gold_gain":0.0,"event_name":"Shining Light","player_choice":"Entered Light","floor":2.0,"gold_loss":0.0,"damage_taken":21.0,"cards_upgraded":["Strike_B","Defend_B"]},{"damage_healed":0.0,"max_hp_gain":0.0,"max_hp_loss":0.0,"gold_gain":150.0,"event_name":"Liars Game","player_choice":"AGREE","floor":3.0,"gold_loss":0.0,"damage_taken":0.0,"cards_obtained":["Doubt"]},{"damage_healed":0.0,"max_hp_gain":0.0,"max_hp_loss":0.0,"gold_gain":275.0,"event_name":"Golden Shrine","player_choice":"Desecrate","floor":4.0,"gold_loss":0.0,"damage_taken":0.0,"cards_obtained":["Regret"]},{"damage_healed":0,"gold_gain":0,"player_choice":"Obtained Book","damage_taken":21,"max_hp_gain":0,"max_hp_loss":0,"event_name":"Cursed Tome","floor":20,"gold_loss":0},{"damage_healed":0,"gold_gain":0,"cards_transformed":["Strike_B","Strike_B"],"player_choice":"Became Test Subject","damage_taken":0,"max_hp_gain":0,"max_hp_loss":0,"event_name":"Drug Dealer","floor":22,"gold_loss":0,"cards_obtained":["Streamline","Glacier"]},{"cards_removed":["Strike_B"],"damage_healed":0,"gold_gain":0,"player_choice":"Gave Gold","damage_taken":0,"max_hp_gain":0,"max_hp_loss":0,"event_name":"Beggar","floor":27,"gold_loss":75}],"is_beta":true,"boss_relics":[{"not_picked":["FrozenCore","Tiny House"],"picked":"Eternal Feather"}],"items_purged_floors":[11,19],"is_endless":false,"potions_floor_spawned":[6,10,12,14],"killed_by":"Book of Stabbing","ascension_level":20}