{"gold_per_floor":[119,134,134,152,167,194,221,249,249,249,29,46,46,66,66,143,143,160,177,30,44,44,44,44,44,92,92,118,0,20,20,20,92,92,106,106,125,139,149,149,149,149,149,159,171,184,184,201,201,201],"floor_reached":50,"playtime":5683,"items_purged":["Strike_G"],"score":810,"play_id":"f4125df1-ed9c-45e7-818d-977d4eee9c72","local_time":"20190413235418","is_ascension_mode":true,"campfire_choices":[{"floor":15,"key":"REST"},{"floor":23,"key":"REST"},{"data":"Footwork","floor":27,"key":"SMITH"},{"floor":32,"key":"REST"},{"floor":40,"key":"REST"},{"floor":42,"key":"REST"},{"floor":47,"key":"REST"},{"floor":49,"key":"REST"}],"neow_cost":"NONE","seed_source_timestamp":238221016981897,"circlet_count":0,"master_deck":["AscendersBane","Defend_G","Defend_G","Defend_G","Defend_G","Defend_G","Strike_G","Strike_G","Strike_G","Survivor","Neutralize+1","Poisoned Stab","Well Laid Plans","Dash","Sucker Punch","Dagger Spray","Deadly Poison","Footwork+1","Noxious Fumes","Poisoned Stab","Corpse Explosion","Leg Sweep","Deadly Poison","Noxious Fumes","Dodge and Roll","Burst","Prepared","Noxious Fumes","Shame","Catalyst","Catalyst"],"relics":["Ring of the Snake","Mango","Odd Mushroom","Centennial Puzzle","Letter Opener","Cursed Key","Nilry\u0027s Codex","Potion Belt","Molten Egg 2","Pantograph","Velvet Choker","PreservedInsect"],"potions_floor_usage":[6,8,14,16,19,28,39,48,50,50],"damage_taken":[{"damage":0,"enemies":"2 Louse","floor":1,"turns":3},{"damage":0,"enemies":"Jaw Worm","floor":2,"turns":5},{"damage":0,"enemies":"Cultist","floor":4,"turns":5},{"damage":17,"enemies":"Exordium Thugs","floor":5,"turns":6},{"damage":12,"enemies":"3 Sentries","floor":6,"turns":12},{"damage":23,"enemies":"The Mushroom Lair","floor":7,"turns":4},{"damage":12,"enemies":"Gremlin Nob","floor":8,"turns":5},{"damage":0,"enemies":"3 Louse","floor":12,"turns":2},{"damage":2,"enemies":"Blue Slaver","floor":14,"turns":4},{"damage":22,"enemies":"The Guardian","floor":16,"turns":10},{"damage":9,"enemies":"Shell Parasite","floor":18,"turns":7},{"damage":31,"enemies":"3 Byrds","floor":19,"turns":4},{"damage":18,"enemies":"Snake Plant","floor":21,"turns":4},{"damage":47,"enemies":"Book of Stabbing","floor":28,"turns":6},{"damage":5,"enemies":"3 Cultists","floor":30,"turns":4},{"damage":48,"enemies":"Champ","floor":33,"turns":12},{"damage":2,"enemies":"Orb Walker","floor":35,"turns":4},{"damage":24,"enemies":"3 Shapes","floor":37,"turns":3},{"damage":6,"enemies":"Maw","floor":38,"turns":9},{"damage":29,"enemies":"Jaw Worm Horde","floor":39,"turns":6},{"damage":22,"enemies":"3 Darklings","floor":44,"turns":3},{"damage":18,"enemies":"Writhing Mass","floor":45,"turns":8},{"damage":5,"enemies":"Sphere and 2 Shapes","floor":46,"turns":4},{"damage":41,"enemies":"4 Shapes","floor":48,"turns":5},{"damage":63,"enemies":"Donu and Deca","floor":50,"turns":7}],"seed_played":"-5666346534008733957","potions_obtained":[{"floor":2,"key":"Block Potion"},{"floor":6,"key":"Ancient Potion"},{"floor":12,"key":"Fruit Juice"},{"floor":14,"key":"FearPotion"},{"floor":16,"key":"Strength Potion"},{"floor":18,"key":"Fire Potion"},{"floor":21,"key":"Energy Potion"},{"floor":33,"key":"Poison Potion"},{"floor":39,"key":"Fruit Juice"},{"floor":44,"key":"GhostInAJar"}],"is_trial":false,"path_per_floor":["?","?","?","M","?","?","?","T","?","M","M","?"],"character_chosen":"THE_SILENT","items_purchased":["Noxious Fumes","EssenceOfSteel","Noxious Fumes","Regen Potion"],"campfire_rested":7,"item_purchase_floors":[11,11,20,20],"current_hp_per_floor":[63,63,63,63,46,48,25,13,13,13,13,13,13,16,42,20,72,63,32,32,14,14,40,24,53,53,53,20,20,15,15,41,18,71,69,69,45,39,15,42,42,69,69,47,29,24,51,10,37,0],"gold":201,"neow_bonus":"UPGRADE_CARD","is_prod":false,"is_daily":false,"chose_seed":false,"campfire_upgraded":1,"win_rate":0,"timestamp":1555196058,"path_taken":["M","M","?","M","M","E","?","E","T","?","$","?","$","M","R","BOSS","M","M","$","M","$","R","?","?","T","R","E","?","M","?","R","BOSS","M","?","?","?","M","R","?","R","T","M","M","M","R","M","R","BOSS"],"build_version":"2019-01-23","purchased_purges":1,"victory":false,"max_hp_per_floor":[70,70,70,70,70,84,84,84,84,84,84,84,84,89,89,89,89,89,89,89,89,89,89,89,89,89,89,89,89,89,89,89,89,89,89,86,86,86,91,91,91,91,91,91,91,91,91,91,91,91],"card_choices":[{"not_picked":["Blade Dance","Cloak And Dagger"],"picked":"Poisoned Stab","floor":1},{"not_picked":["Underhanded Strike","Dagger Throw"],"picked":"Well Laid Plans","floor":2},{"not_picked":["Tools of the Trade","All Out Attack"],"picked":"Dash","floor":4},{"not_picked":["Cloak And Dagger","Blur"],"picked":"Sucker Punch","floor":5},{"not_picked":["Reflex","Backflip"],"picked":"Dagger Spray","floor":6},{"not_picked":["Predator","Quick Slash"],"picked":"Deadly Poison","floor":7},{"not_picked":["Predator","Caltrops"],"picked":"Footwork","floor":8},{"not_picked":["Flying Knee","Blade Dance","Infinite Blades"],"picked":"SKIP","floor":12},{"not_picked":["Prepared","Masterful Stab"],"picked":"Poisoned Stab","floor":14},{"not_picked":["Wraith Form v2","Phantasmal Killer"],"picked":"Corpse Explosion","floor":16},{"not_picked":["Heel Hook","Bane"],"picked":"Leg Sweep","floor":18},{"not_picked":["Tactician","Flying Knee+1"],"picked":"Deadly Poison","floor":19},{"not_picked":["Dagger Throw","Backstab","Noxious Fumes"],"picked":"SKIP","floor":21},{"not_picked":["Underhanded Strike","Expertise"],"picked":"Dodge and Roll","floor":28},{"not_picked":["Blade Dance","Expertise","Heel Hook+1"],"picked":"SKIP","floor":30},{"not_picked":["Glass Knife+1","Storm of Steel"],"picked":"Burst","floor":33},{"not_picked":["Bane+1","Blade Dance","Deadly Poison"],"picked":"SKIP","floor":35},{"not_picked":["Slice+1","Dagger Spray+1","Die Die Die+1"],"picked":"SKIP","floor":37},{"not_picked":["Backstab+1","Poisoned Stab+1"],"picked":"Prepared","floor":38},{"not_picked":["Bane+1","Blade Dance"],"picked":"Noxious Fumes","floor":39},{"not_picked":["Quick Slash+1","Outmaneuver","Dagger Throw+1"],"picked":"SKIP","floor":44},{"not_picked":["Sucker Punch+1","Poisoned Stab+1"],"picked":"Catalyst","floor":45},{"not_picked":["Finisher+1","Backstab+1"],"picked":"Catalyst","floor":46},{"not_picked":["Predator+1","Deadly Poison","Poisoned Stab+1"],"picked":"SKIP","floor":48}],"player_experience":609834,"relics_obtained":[{"floor":6,"key":"Mango"},{"floor":7,"key":"Odd Mushroom"},{"floor":8,"key":"Centennial Puzzle"},{"floor":9,"key":"Letter Opener"},{"floor":24,"key":"Nilry\u0027s Codex"},{"floor":26,"key":"Potion Belt"},{"floor":28,"key":"Molten Egg 2"},{"floor":31,"key":"Pantograph"},{"floor":43,"key":"PreservedInsect"}],"event_choices":[{"damage_healed":0,"gold_gain":0,"player_choice":"Ignored","damage_taken":0,"max_hp_gain":0,"max_hp_loss":0,"event_name":"Golden Wing","floor":3,"gold_loss":0},{"damage_healed":0,"gold_gain":0,"player_choice":"Fought Mushrooms","damage_taken":0,"max_hp_gain":0,"max_hp_loss":0,"event_name":"Mushrooms","floor":7,"gold_loss":0},{"damage_healed":0,"gold_gain":0,"cards_transformed":["Strike_G"],"player_choice":"Transformed","damage_taken":0,"max_hp_gain":0,"max_hp_loss":0,"event_name":"Transmorgrifier","floor":10,"gold_loss":0,"cards_obtained":["Outmaneuver"]},{"damage_healed":0,"gold_gain":0,"player_choice":"Obtained Book","damage_taken":16,"max_hp_gain":0,"max_hp_loss":0,"event_name":"Cursed Tome","floor":24,"gold_loss":0},{"damage_healed":29,"gold_gain":0,"player_choice":"Heal","damage_taken":0,"max_hp_gain":0,"max_hp_loss":0,"event_name":"The Library","floor":25,"gold_loss":0},{"damage_healed":0,"gold_gain":0,"player_choice":"Paid Fearfully","damage_taken":0,"max_hp_gain":0,"max_hp_loss":0,"event_name":"Masked Bandits","floor":29,"gold_loss":118},{"cards_removed":["Doubt","Parasite"],"damage_healed":0,"gold_gain":0,"player_choice":"Removed Curses","damage_taken":0,"max_hp_gain":0,"max_hp_loss":0,"event_name":"Fountain of Cleansing","floor":36,"gold_loss":0},{"cards_removed":["Outmaneuver"],"damage_healed":0,"gold_gain":0,"player_choice":"Removed Skill","damage_taken":0,"max_hp_gain":0,"max_hp_loss":0,"event_name":"Falling","floor":41,"gold_loss":0}],"is_beta":false,"boss_relics":[{"not_picked":["Black Star","Fusion Hammer"],"picked":"Cursed Key"},{"not_picked":["Sozu","White Beast Statue"],"picked":"Velvet Choker"}],"items_purged_floors":[11],"is_endless":false,"potions_floor_spawned":[2,6,12,14,16,18,21,33,39,44],"killed_by":"Donu and Deca","ascension_level":13}