{"gold_per_floor":[210,210,210,1,15,15,38,38,86,116,116,128,128,162,162,236,236,249,249,164,114,125,125,155,169,192,237,249,295,326,338,350,436,448,479,46,1045,1063,755,790,790,601,683,697,715,221,249,0,0,0,0,0,0,0,28,28],"floor_reached":57,"playtime":4530,"items_purged":["Setup","Strike_G","Strike_G","Strike_G","Deflect"],"score":2919,"play_id":"4c6b2635-6617-4778-b72e-2124759dc99f","local_time":"20190420124445","is_ascension_mode":true,"campfire_choices":[{"data":"Apotheosis","floor":6,"key":"SMITH"},{"floor":8,"key":"REST"},{"data":"Glass Knife","floor":13,"key":"SMITH"},{"data":"Acrobatics","floor":15,"key":"SMITH"},{"data":"Wraith Form v2","floor":23,"key":"SMITH"},{"floor":28,"key":"REST"},{"floor":32,"key":"REST"},{"floor":41,"key":"RECALL"},{"data":"Wraith Form v2","floor":49,"key":"SMITH"},{"floor":53,"key":"REST"}],"neow_cost":"NONE","seed_source_timestamp":173011668450680,"circlet_count":0,"master_deck":["AscendersBane","Defend_G","Defend_G","Defend_G","Defend_G","Defend_G","Survivor","Neutralize+1","Apotheosis+1","Cloak And Dagger","Noxious Fumes","Acrobatics+1","Glass Knife+1","Poisoned Stab","Wraith Form v2+1","Acrobatics","Dagger Spray","Leg Sweep","Calculated Gamble","Wraith Form v2+1","Deadly Poison","After Image","Quick Slash+1","Bouncing Flask","Dash+1","Backflip","Deadly Poison","Well Laid Plans+1","Caltrops","Dodge and Roll","Adrenaline","Crippling Poison","Malaise","PiercingWail","Burst","Bouncing Flask"],"relics":["Ring of the Snake","Odd Mushroom","Smiling Mask","Blue Candle","Bird Faced Urn","Pen Nib","HoveringKite","Bronze Scales","Omamori","MawBank","Pear","Mercury Hourglass","Orrery","Bottled Tornado","Oddly Smooth Stone","Mummified Hand","Orichalcum","Red Mask","Vajra"],"potions_floor_usage":[24,27,33,56,56],"damage_taken":[{"damage":2,"enemies":"2 Louse","floor":1,"turns":5},{"damage":0,"enemies":"Small Slimes","floor":5,"turns":4},{"damage":11,"enemies":"The Mushroom Lair","floor":7,"turns":7},{"damage":10,"enemies":"Lagavulin","floor":10,"turns":10},{"damage":4,"enemies":"Jaw Worm","floor":12,"turns":4},{"damage":19,"enemies":"3 Sentries","floor":14,"turns":8},{"damage":0,"enemies":"The Guardian","floor":16,"turns":10},{"damage":14,"enemies":"3 Byrds","floor":18,"turns":6},{"damage":3,"enemies":"2 Thieves","floor":22,"turns":4},{"damage":36,"enemies":"Gremlin Leader","floor":24,"turns":10},{"damage":3,"enemies":"Snake Plant","floor":25,"turns":4},{"damage":18,"enemies":"Slavers","floor":27,"turns":7},{"damage":9,"enemies":"Book of Stabbing","floor":29,"turns":6},{"damage":26,"enemies":"Centurion and Healer","floor":30,"turns":10},{"damage":12,"enemies":"Champ","floor":33,"turns":15},{"damage":6,"enemies":"Orb Walker","floor":35,"turns":4},{"damage":0,"enemies":"3 Shapes","floor":38,"turns":5},{"damage":9,"enemies":"Nemesis","floor":40,"turns":9},{"damage":6,"enemies":"Writhing Mass","floor":44,"turns":6},{"damage":11,"enemies":"4 Shapes","floor":45,"turns":5},{"damage":0,"enemies":"Giant Head","floor":47,"turns":9},{"damage":34,"enemies":"Awakened One","floor":50,"turns":16},{"damage":46,"enemies":"Time Eater","floor":51,"turns":13},{"damage":0,"enemies":"Shield and Spear","floor":55,"turns":7},{"damage":63,"enemies":"The Heart","floor":56,"turns":10}],"seed_played":"7759984959191858290","potions_obtained":[{"floor":1,"key":"LiquidBronze"},{"floor":10,"key":"SkillPotion"},{"floor":25,"key":"EssenceOfSteel"},{"floor":27,"key":"FearPotion"},{"floor":29,"key":"PowerPotion"},{"floor":35,"key":"Regen Potion"},{"floor":40,"key":"FearPotion"}],"is_trial":false,"path_per_floor":["?","?","?","?","?","?","?","$","?","?"],"character_chosen":"THE_SILENT","items_purchased":["Apotheosis","Bottled Tornado","Caltrops","Dodge and Roll","Adrenaline","Crippling Poison","PiercingWail","GhostInAJar","Mummified Hand","Burst"],"campfire_rested":4,"item_purchase_floors":[4,36,36,36,39,39,42,42,46,46],"current_hp_per_floor":[57,57,62,62,62,62,51,71,71,61,50,46,46,29,29,31,61,51,51,51,51,48,48,16,17,17,13,37,32,12,12,36,32,69,67,67,67,75,75,78,78,78,78,81,76,76,81,81,81,57,23,67,81,81,81,28],"gold":28,"neow_bonus":"HUNDRED_GOLD","is_prod":false,"is_daily":false,"chose_seed":false,"campfire_upgraded":5,"win_rate":0,"timestamp":1555753485,"path_taken":["M","?","?","$","M","R","?","R","T","E","?","M","R","E","R","BOSS","M","?","?","$","M","R","E","M","T","E","R","E","M","?","R","BOSS","M","?","?","M","$","E","R","$","T","M","M","$","E","?","R","BOSS","BOSS","R","$","E","BOSS"],"build_version":"2019-01-23","purchased_purges":5,"victory":true,"max_hp_per_floor":[66,66,71,71,71,71,71,71,71,71,71,71,71,71,71,71,71,71,71,71,71,71,71,71,71,71,81,81,81,81,81,81,81,81,81,81,81,81,81,81,81,81,81,81,81,81,81,81,81,81,81,81,81,81,81,81],"card_choices":[{"not_picked":["Flechettes","Terror"],"picked":"Deflect","floor":1},{"not_picked":["Bane","Deadly Poison"],"picked":"Cloak And Dagger","floor":5},{"not_picked":["Outmaneuver","Poisoned Stab"],"picked":"Noxious Fumes","floor":7},{"not_picked":["Prepared","Deflect"],"picked":"Acrobatics","floor":10},{"not_picked":["Outmaneuver","Calculated Gamble"],"picked":"Glass Knife","floor":12},{"not_picked":["Dagger Throw","Calculated Gamble"],"picked":"Poisoned Stab","floor":14},{"not_picked":["Doppelganger","Bullet Time"],"picked":"Wraith Form v2","floor":16},{"not_picked":["Dagger Throw","Prepared","Slice+1"],"picked":"SKIP","floor":18},{"not_picked":["Endless Agony","Deflect"],"picked":"Dagger Spray","floor":22},{"not_picked":["Masterful Stab","Sucker Punch+1","Prepared"],"picked":"SKIP","floor":24},{"not_picked":["Cloak And Dagger","Backstab"],"picked":"Leg Sweep","floor":25},{"not_picked":["Caltrops","Dagger Spray"],"picked":"Calculated Gamble","floor":27},{"not_picked":["Underhanded Strike+1","Calculated Gamble"],"picked":"Wraith Form v2","floor":29},{"not_picked":["Bane","Dodge and Roll"],"picked":"Deadly Poison","floor":30},{"not_picked":["Phantasmal Killer","Venomology"],"picked":"After Image","floor":33},{"not_picked":["Deflect","Outmaneuver+1"],"picked":"Quick Slash+1","floor":34},{"not_picked":["Infinite Blades+1","Choke"],"picked":"Bouncing Flask","floor":34},{"not_picked":["All Out Attack+1","Bane"],"picked":"Dash+1","floor":34},{"not_picked":["Bane","Dash"],"picked":"Backflip","floor":34},{"not_picked":["Terror","Prepared"],"picked":"Deadly Poison","floor":34},{"not_picked":["Flying Knee","Crippling Poison"],"picked":"Well Laid Plans+1","floor":35},{"not_picked":["Slice","Infinite Blades","Dagger Spray"],"picked":"SKIP","floor":38},{"not_picked":["Dagger Throw","Cloak And Dagger"],"picked":"Malaise","floor":40},{"not_picked":["Quick Slash","Slice","Underhanded Strike+1"],"picked":"SKIP","floor":44},{"not_picked":["Dash","Blade Dance","Bane"],"picked":"SKIP","floor":45},{"not_picked":["Envenom","Quick Slash"],"picked":"Bouncing Flask","floor":47},{"not_picked":["Bane","Poisoned Stab","Noxious Fumes+1"],"picked":"SKIP","floor":55}],"player_experience":1754968,"relics_obtained":[{"floor":7,"key":"Odd Mushroom"},{"floor":9,"key":"Smiling Mask"},{"floor":10,"key":"Blue Candle"},{"floor":14,"key":"Pen Nib"},{"floor":24,"key":"Omamori"},{"floor":26,"key":"MawBank"},{"floor":27,"key":"Pear"},{"floor":29,"key":"Mercury Hourglass"},{"floor":40,"key":"Oddly Smooth Stone"},{"floor":47,"key":"Orichalcum"},{"floor":55,"key":"Vajra"}],"event_choices":[{"damage_healed":0,"gold_gain":0,"player_choice":"Grow","damage_taken":0,"max_hp_gain":0,"max_hp_loss":0,"event_name":"Living Wall","floor":2,"gold_loss":0,"cards_upgraded":["Neutralize"]},{"damage_healed":0,"gold_gain":0,"player_choice":"Donut","damage_taken":0,"max_hp_gain":5,"max_hp_loss":0,"event_name":"Big Fish","floor":3,"gold_loss":0},{"damage_healed":0,"gold_gain":0,"player_choice":"Fought Mushrooms","damage_taken":0,"max_hp_gain":0,"max_hp_loss":0,"event_name":"Mushrooms","floor":7,"gold_loss":0},{"damage_healed":0,"gold_gain":0,"player_choice":"Success","damage_taken":11,"relics_obtained":["Bird Faced Urn"],"max_hp_gain":0,"max_hp_loss":0,"event_name":"Scrap Ooze","floor":11,"gold_loss":0},{"damage_healed":0,"gold_gain":0,"cards_transformed":["Strike_G","Strike_G"],"player_choice":"Became Test Subject","damage_taken":0,"max_hp_gain":0,"max_hp_loss":0,"event_name":"Drug Dealer","floor":19,"gold_loss":0,"cards_obtained":["Setup","Acrobatics"]},{"damage_healed":0,"gold_gain":0,"player_choice":"Obtained Relic","damage_taken":0,"relics_obtained":["Bronze Scales"],"max_hp_gain":0,"max_hp_loss":0,"event_name":"Addict","floor":20,"gold_loss":85},{"damage_healed":0,"gold_gain":0,"player_choice":"Got Potions","damage_taken":0,"max_hp_gain":0,"max_hp_loss":0,"event_name":"Lab","floor":31,"gold_loss":0},{"damage_healed":0,"gold_gain":999,"player_choice":"Gold","damage_taken":0,"max_hp_gain":0,"max_hp_loss":0,"event_name":"MindBloom","floor":37,"gold_loss":0,"cards_obtained":["Normality","Normality"]},{"damage_healed":0,"gold_gain":0,"player_choice":"Paid","damage_taken":0,"relics_obtained":["Red Mask"],"max_hp_gain":0,"max_hp_loss":0,"event_name":"Tomb of Lord Red Mask","floor":48,"gold_loss":249}],"is_beta":false,"boss_relics":[{"not_picked":["WristBlade","White Beast Statue"],"picked":"HoveringKite"},{"not_picked":["Eternal Feather","Black Star"],"picked":"Orrery"}],"items_purged_floors":[21,36,39,42,46],"is_endless":false,"potions_floor_spawned":[1,10,14,16,18,25,27,29,35,40],"ascension_level":20}