{"path_per_floor":["M","?","M","M","?","R","?","E","T","?","M","R","$","M","R","B",null,"M","?","$","M","?","R","E","M","T","R","$"],"character_chosen":"THE_SILENT","items_purchased":["Noxious Fumes","Backflip","Noxious Fumes","Catalyst","Deadly Poison","Catalyst","Dodge and Roll"],"gold_per_floor":[116,116,132,157,107,107,107,148,223,223,248,248,115,136,136,256,256,250,250,13,38,38,38,82,97,145,145,10],"floor_reached":29,"campfire_rested":3,"playtime":1152,"current_hp_per_floor":[66,66,66,66,66,66,59,29,29,29,26,47,47,45,45,42,70,40,40,40,12,12,41,33,15,15,44,44],"items_purged":["Normality"],"gold":10,"score":267,"play_id":"d505df6c-4371-4d88-8299-6fb893d3003d","is_prod":false,"is_daily":false,"is_ascension_mode":false,"campfire_upgraded":2,"path_taken":["M","?","M","M","?","R","?","E","T","?","?","R","$","M","R","BOSS","M","?","$","?","?","R","E","M","T","R","?","E"],"build_version":"2018-02-15-PROD1","purchased_purges":2,"victory":false,"master_deck":["Defend_G","Defend_G","Defend_G","Defend_G","Defend_G","Survivor","Neutralize","Backflip","Poisoned Stab+1","Deflect","Calculated Gamble","All Out Attack","Noxious Fumes+1","Backflip","Prepared","Infinite Blades+1","Noxious Fumes","Catalyst","Deadly Poison","Poisoned Stab","Bite","Bite","Bite","Bite","Bite","Backflip","Bane+1","Catalyst","Dodge and Roll"],"max_hp_per_floor":[70,70,70,70,70,70,70,70,70,70,70,70,70,70,70,70,70,70,70,70,70,49,49,49,49,49,49,49],"relics":["Ring of the Snake","Golden Idol","Snake Skull","Frozen Eye","Kunai","Question Card","Regal Pillow","Toolbox","Blood Vial"],"card_choices":[{"not_picked":["Underhanded Strike","Dagger Spray"],"picked":"Backflip"},{"not_picked":["Sucker Punch","Dodge and Roll"],"picked":"Poisoned Stab"},{"not_picked":["Quick Slash","Tools of the Trade"],"picked":"Deflect"},{"not_picked":["Sucker Punch","Finisher"],"picked":"Calculated Gamble"},{"not_picked":["Quick Slash","Cloak And Dagger"],"picked":"All Out Attack"},{"not_picked":["Sucker Punch","Dagger Spray"],"picked":"Prepared"},{"not_picked":["Dagger Spray","Predator","Slice"],"picked":"Infinite Blades"},{"not_picked":["Slice","Underhanded Strike","Quick Slash"],"picked":"Poisoned Stab"},{"not_picked":["Slice","Underhanded Strike","Infinite Blades"],"picked":"Backflip"},{"not_picked":["Quick Slash","Storm of Steel","Sucker Punch"],"picked":"Bane"}],"player_experience":98678,"potions_floor_usage":[24,24],"damage_taken":[{"damage":4,"enemies":"2 Louse","floor":1,"turns":3},{"damage":0,"enemies":"Small Slimes","floor":3,"turns":4},{"damage":0,"enemies":"Cultist","floor":4,"turns":5},{"damage":30,"enemies":"3 Sentries","floor":8,"turns":15},{"damage":3,"enemies":"Red Slaver","floor":11,"turns":5},{"damage":2,"enemies":"Blue Slaver","floor":14,"turns":5},{"damage":3,"enemies":"The Guardian","floor":16,"turns":9},{"damage":30,"enemies":"2 Thieves","floor":18,"turns":4},{"damage":28,"enemies":"Chosen","floor":21,"turns":5},{"damage":24,"enemies":"Gremlin Leader","floor":24,"turns":9},{"damage":24,"enemies":"Centurion and Healer","floor":25,"turns":6},{"damage":60,"enemies":"Slavers","floor":29,"turns":3}],"event_choices":[{"event_name":"Golden Idol","player_choice":"Take Wound","floor":2,"damage_taken":0},{"event_name":"The Cleric","player_choice":"Card Removal","floor":5,"damage_taken":0},{"event_name":"Scrap Ooze","player_choice":"success","floor":7,"damage_taken":7},{"event_name":"Fountain of Cleansing","player_choice":"Removed Curse","floor":10,"damage_taken":0},{"event_name":"Accursed Blacksmith","player_choice":"Rummage","floor":19,"damage_taken":0},{"event_name":"Vampires","player_choice":"Became a vampire","floor":22,"damage_taken":0}],"boss_relics":[{"not_picked":["Velvet Choker","Runic Pyramid"],"picked":"Question Card"}],"potions_floor_spawned":[3,4,16],"seed_played":"-8756063420328396509","killed_by":"Slavers","ascension_level":0,"is_trial":false}