{"gold_per_floor":[111,111,44,57,77,104,121,121,121,121,141,141,155,174,174,174],"floor_reached":16,"playtime":1770,"items_purged":[],"score":130,"play_id":"9c0e8143-16f5-48c6-b93a-b332fa143df9","local_time":"20190322230000","is_ascension_mode":true,"campfire_choices":[{"data":"Clothesline","floor":10,"key":"SMITH"},{"data":"Flame Barrier","floor":12,"key":"SMITH"},{"data":"Uppercut","floor":15,"key":"SMITH"}],"neow_cost":"NONE","seed_source_timestamp":234687212096690,"circlet_count":0,"master_deck":["Strike_R","Strike_R","Strike_R","Strike_R","Defend_R","Defend_R","Defend_R","Defend_R","Bash","Clothesline+1","Carnage","Inflame","Iron Wave","Flame Barrier+1","Pommel Strike","True Grit","Uppercut+1"],"relics":["Burning Blood","Torii","FaceOfCleric","Du-Vu Doll"],"potions_floor_usage":[14,16,16,16],"damage_taken":[{"damage":8,"enemies":"Jaw Worm","floor":1,"turns":4},{"damage":0,"enemies":"Cultist","floor":4,"turns":4},{"damage":6,"enemies":"2 Louse","floor":5,"turns":3},{"damage":45,"enemies":"3 Sentries","floor":6,"turns":7},{"damage":17,"enemies":"Blue Slaver","floor":7,"turns":4},{"damage":7,"enemies":"Lots of Slimes","floor":11,"turns":6},{"damage":10,"enemies":"Large Slime","floor":13,"turns":7},{"damage":3,"enemies":"Exordium Thugs","floor":14,"turns":6},{"damage":43,"enemies":"Slime Boss","floor":16,"turns":6}],"seed_played":"4191243431982179354","potions_obtained":[{"floor":5,"key":"Strength Potion"},{"floor":6,"key":"EssenceOfSteel"},{"floor":11,"key":"Fire Potion"},{"floor":14,"key":"Strength Potion"}],"is_trial":false,"path_per_floor":["?","M","?","M"],"character_chosen":"IRONCLAD","items_purchased":["Carnage"],"campfire_rested":0,"item_purchase_floors":[3],"current_hp_per_floor":[86,86,86,88,88,49,38,38,38,38,38,38,35,39,39,0],"gold":174,"neow_bonus":"TEN_PERCENT_HP_BONUS","is_prod":false,"is_daily":false,"chose_seed":false,"campfire_upgraded":3,"win_rate":0,"timestamp":1553295600,"path_taken":["M","?","$","?","M","E","M","?","T","R","?","R","M","M","R","BOSS"],"build_version":"2019-01-23","purchased_purges":0,"victory":false,"max_hp_per_floor":[88,88,88,88,88,88,88,88,88,88,89,89,90,91,91,91],"card_choices":[{"not_picked":["Headbutt","Clash"],"picked":"Clothesline","floor":1},{"not_picked":["Seeing Red","Twin Strike","Blood for Blood"],"picked":"SKIP","floor":4},{"not_picked":["Sword Boomerang","Heavy Blade"],"picked":"Inflame","floor":5},{"not_picked":["Thunderclap","Warcry"],"picked":"Iron Wave","floor":6},{"not_picked":["Body Slam","Dual Wield"],"picked":"Flame Barrier","floor":7},{"not_picked":["Havoc","Intimidate"],"picked":"Pommel Strike","floor":11},{"not_picked":["Impervious","Entrench"],"picked":"True Grit","floor":13},{"not_picked":["Spot Weakness","Clothesline"],"picked":"Uppercut","floor":14}],"player_experience":294995,"relics_obtained":[{"floor":6,"key":"Torii"},{"floor":9,"key":"Du-Vu Doll"}],"event_choices":[{"cards_removed":["Strike_R"],"damage_healed":0,"gold_gain":0,"player_choice":"Purged","damage_taken":0,"max_hp_gain":0,"max_hp_loss":0,"event_name":"Purifier","floor":2,"gold_loss":0},{"damage_healed":0,"gold_gain":0,"player_choice":"Trade","damage_taken":0,"relics_obtained":["FaceOfCleric"],"max_hp_gain":0,"max_hp_loss":0,"event_name":"FaceTrader","floor":8,"gold_loss":0}],"is_beta":false,"boss_relics":[],"items_purged_floors":[],"is_endless":false,"potions_floor_spawned":[5,6,11,14],"killed_by":"Slime Boss","ascension_level":5}