{"gold_per_floor":[109,184,197,197,212,212,229,245,271,66,16,34,34,48,48,148,148,161,161,172,172,184,184,134,148,148,161,111,111,111,125,125,125],"floor_reached":33,"playtime":1159,"items_purged":["Defend_R","Strike_R","Strike_R"],"score":241,"play_id":"79b7301b-6a24-4fce-8712-5ec48b916da9","local_time":"20190208172547","is_ascension_mode":false,"campfire_choices":[{"data":"Bash","floor":6.0,"key":"SMITH"},{"floor":15.0,"key":"REST"},{"floor":23,"key":"REST"},{"data":"Dropkick","floor":29,"key":"SMITH"},{"floor":32,"key":"REST"}],"neow_cost":"NONE","seed_source_timestamp":13450724352300,"circlet_count":0,"master_deck":["Defend_R","Defend_R","Defend_R","Bash+1","Dropkick+1"],"special_seed":0,"relics":["Burning Blood","Happy Flower","Smiling Mask","Vajra","Sozu","MutagenicStrength","Pen Nib"],"potions_floor_usage":[20,22,25],"damage_taken":[{"damage":6.0,"enemies":"Cultist","floor":1.0,"turns":3.0},{"damage":7.0,"enemies":"2 Louse","floor":3.0,"turns":3.0},{"damage":1.0,"enemies":"Jaw Worm","floor":5.0,"turns":4.0},{"damage":12.0,"enemies":"Large Slime","floor":7.0,"turns":5.0},{"damage":10.0,"enemies":"Looter","floor":8.0,"turns":3.0},{"damage":24.0,"enemies":"Blue Slaver","floor":12.0,"turns":3.0},{"damage":6.0,"enemies":"3 Louse","floor":14.0,"turns":4.0},{"damage":48.0,"enemies":"Slime Boss","floor":16.0,"turns":9.0},{"damage":15.0,"enemies":"Chosen","floor":18.0,"turns":4.0},{"damage":23,"enemies":"3 Byrds","floor":20,"turns":8},{"damage":26,"enemies":"Centurion and Healer","floor":22,"turns":5},{"damage":11,"enemies":"Cultist and Chosen","floor":25,"turns":6},{"damage":20,"enemies":"3 Cultists","floor":27,"turns":7},{"damage":12,"enemies":"Centurion and Healer","floor":31,"turns":5},{"damage":65,"enemies":"Champ","floor":33,"turns":10}],"seed_played":"6057521788818360516","potions_obtained":[{"floor":5.0,"key":"Poison Potion"},{"floor":7.0,"key":"Weak Potion"},{"floor":8.0,"key":"Fire Potion"},{"floor":12.0,"key":"Weak Potion"},{"floor":16.0,"key":"Swift Potion"}],"is_trial":false,"path_per_floor":["M","?","M","?","M","R","M","M","T","$","?","M","?","M","R","B",null,"M","?","M","?","M","R","$","M","T","M","$","R","?","M","R","B"],"character_chosen":"IRONCLAD","items_purchased":["Vajra"],"campfire_rested":3,"item_purchase_floors":[10],"current_hp_per_floor":[80,69,68,68,73,73,67,63,63,63,63,45,38,38,62,20,80,71,71,54,54,34,58,58,53,53,39,39,39,24,18,43,0],"gold":125,"neow_bonus":"RANDOM_COMMON_RELIC","is_prod":false,"is_daily":false,"chose_seed":false,"campfire_upgraded":2,"win_rate":0,"timestamp":1549664747,"path_taken":["M","?","M","?","M","R","M","M","T","$","?","M","?","M","R","BOSS","M","?","M","?","M","R","$","M","T","M","?","R","?","M","R","BOSS"],"build_version":"2019-01-23","purchased_purges":3,"victory":false,"max_hp_per_floor":[80,80,80,80,80,80,80,80,80,80,80,80,80,80,80,80,80,80,80,80,80,80,80,80,80,80,80,80,80,85,85,85,85],"card_choices":[{"not_picked":["Wild Strike","Sentinel","Shrug It Off"],"picked":"SKIP","floor":1.0},{"not_picked":["Feel No Pain","Body Slam","Clothesline"],"picked":"SKIP","floor":3.0},{"not_picked":["Thunderclap","Spot Weakness","Wild Strike"],"picked":"SKIP","floor":5.0},{"not_picked":["Immolate","Clash","Armaments"],"picked":"SKIP","floor":7.0},{"not_picked":["Flame Barrier","Combust","Body Slam"],"picked":"SKIP","floor":8.0},{"not_picked":["Perfected Strike","Clash","Body Slam"],"picked":"SKIP","floor":12.0},{"not_picked":["Heavy Blade","Battle Trance","Sword Boomerang"],"picked":"SKIP","floor":14.0},{"not_picked":["Headbutt+1","Warcry","Perfected Strike"],"picked":"SKIP","floor":18.0},{"not_picked":["Entrench","Ghostly Armor"],"picked":"Dropkick","floor":20},{"not_picked":["Warcry","Armaments","Feel No Pain"],"picked":"SKIP","floor":22},{"not_picked":["Armaments+1","Pommel Strike+1","Thunderclap+1"],"picked":"SKIP","floor":25},{"not_picked":["Body Slam","Cleave+1","Hemokinesis"],"picked":"SKIP","floor":27},{"not_picked":["Iron Wave","Metallicize","Rage"],"picked":"SKIP","floor":31}],"player_experience":425259,"relics_obtained":[{"floor":9.0,"key":"Smiling Mask"},{"floor":26,"key":"Pen Nib"}],"event_choices":[{"damage_healed":0.0,"max_hp_gain":0.0,"max_hp_loss":0.0,"gold_gain":75.0,"event_name":"World of Goop","player_choice":"Gather Gold","floor":2.0,"gold_loss":0.0,"damage_taken":11.0},{"damage_healed":0.0,"max_hp_gain":0.0,"max_hp_loss":0.0,"gold_gain":0.0,"event_name":"Liars Game","player_choice":"Ignored","floor":4.0,"gold_loss":0.0,"damage_taken":0.0},{"cards_removed":["Strike_R"],"damage_healed":0.0,"max_hp_gain":0.0,"max_hp_loss":0.0,"gold_gain":0.0,"event_name":"The Cleric","player_choice":"Card Removal","floor":11.0,"gold_loss":50.0,"damage_taken":0.0},{"cards_removed":["Strike_R"],"damage_healed":0.0,"max_hp_gain":0.0,"max_hp_loss":0.0,"gold_gain":0.0,"event_name":"Golden Wing","player_choice":"Card Removal","floor":13.0,"gold_loss":0.0,"damage_taken":7.0},{"damage_healed":0.0,"max_hp_gain":0.0,"max_hp_loss":0.0,"gold_gain":0.0,"event_name":"Drug Dealer","player_choice":"Inject Mutagens","floor":19.0,"gold_loss":0.0,"damage_taken":0.0,"relics_obtained":["MutagenicStrength"]},{"cards_removed":["Strike_R"],"damage_healed":0,"gold_gain":0,"player_choice":"Elegance","damage_taken":0,"max_hp_gain":0,"max_hp_loss":0,"event_name":"Back to Basics","floor":21,"gold_loss":0},{"damage_healed":0,"gold_gain":0,"player_choice":"Shed Blood","damage_taken":20,"max_hp_gain":5,"max_hp_loss":0,"event_name":"Forgotten Altar","floor":30,"gold_loss":0}],"is_beta":false,"boss_relics":[{"not_picked":["Tiny House","Philosopher\u0027s Stone"],"picked":"Sozu"}],"items_purged_floors":[10,24,28],"is_endless":false,"potions_floor_spawned":[5,7,8,12,16,18],"killed_by":"Champ","ascension_level":0}