{"gold_per_floor":[116,133,183,197,197,222,222,237,237,255,255,83,83,100,100,203,203,218,228,228,240,22,22,22,32,32,51,51,51,62,62],"floor_reached":31,"playtime":1242,"items_purged":[],"score":323,"play_id":"58bbbdfe-eaeb-44ea-b15c-e7c792d8b79d","local_time":"20190226170211","is_ascension_mode":true,"campfire_choices":[{"floor":7.0,"key":"REST"},{"data":"Rampage","floor":11.0,"key":"SMITH"},{"floor":15.0,"key":"REST"},{"data":"Armaments","floor":23.0,"key":"SMITH"}],"neow_cost":"TEN_PERCENT_HP_LOSS","seed_source_timestamp":356968592402900,"circlet_count":0,"master_deck":["Strike_R","Strike_R","Strike_R","Strike_R","Defend_R","Defend_R","Defend_R","Defend_R","Bash","Heavy Blade","Iron Wave","Disarm","Shockwave","Hemokinesis+1","Shrug It Off","Armaments+1","Rampage+1","Double Tap","Inflame","Spot Weakness","Shrug It Off","Barricade","Rage+1","Body Slam+1","Entrench+1","Inflame","Metallicize","Body Slam+1","Inflame","Normality","Ghostly Armor"],"special_seed":0,"relics":["Burning Blood","Prayer Wheel","Bag of Preparation","Mummified Hand","Cursed Key","Art of War","Bottled Flame"],"potions_floor_usage":[28],"damage_taken":[{"damage":6.0,"enemies":"Cultist","floor":1.0,"turns":4.0},{"damage":2.0,"enemies":"2 Louse","floor":2.0,"turns":2.0},{"damage":10.0,"enemies":"Jaw Worm","floor":4.0,"turns":4.0},{"damage":41.0,"enemies":"Lagavulin","floor":6.0,"turns":7.0},{"damage":9.0,"enemies":"Exordium Thugs","floor":8.0,"turns":4.0},{"damage":16.0,"enemies":"3 Louse","floor":10.0,"turns":4.0},{"damage":13.0,"enemies":"2 Fungi Beasts","floor":14.0,"turns":3.0},{"damage":27.0,"enemies":"Hexaghost","floor":16.0,"turns":11.0},{"damage":8.0,"enemies":"Shell Parasite","floor":18.0,"turns":5.0},{"damage":18.0,"enemies":"3 Byrds","floor":19.0,"turns":6.0},{"damage":15.0,"enemies":"Cultist and Chosen","floor":21.0,"turns":5.0},{"damage":0.0,"enemies":"Snake Plant","floor":25.0,"turns":6.0},{"damage":15,"enemies":"3 Cultists","floor":27,"turns":6},{"damage":22,"enemies":"Colosseum Slavers","floor":28,"turns":3},{"damage":7,"enemies":"Centurion and Healer","floor":30,"turns":6},{"damage":22,"enemies":"Slavers","floor":31,"turns":1}],"seed_played":"-8760568720668701550","potions_obtained":[{"floor":1.0,"key":"SneckoOil"},{"floor":4.0,"key":"SteroidPotion"},{"floor":8.0,"key":"LiquidBronze"},{"floor":18.0,"key":"GamblersBrew"},{"floor":27,"key":"AttackPotion"}],"is_trial":false,"path_per_floor":["M","M","?","M","?","E","R","M","T","M","R","$","?","M","R","B",null,"M","M","?","M","$","R","$","M","T","M","?","?","M","E"],"character_chosen":"IRONCLAD","items_purchased":["Double Tap","Inflame","Metallicize","Art of War"],"campfire_rested":2,"item_purchase_floors":[12,12,22,22],"current_hp_per_floor":[72,72,72,68,68,33,54,51,51,41,41,41,41,34,55,34,63,61,49,49,40,40,40,40,46,46,37,21,21,20,0],"gold":62,"neow_bonus":"ONE_RARE_RELIC","is_prod":false,"is_daily":false,"chose_seed":false,"campfire_upgraded":2,"win_rate":0,"timestamp":1551218531,"path_taken":["M","M","?","M","?","E","R","M","T","M","R","$","?","M","R","BOSS","M","?","?","M","$","R","?","M","T","?","?","?","M","E"],"build_version":"2019-01-23","purchased_purges":0,"victory":false,"max_hp_per_floor":[72,72,72,72,72,72,72,72,72,72,72,72,72,72,72,72,72,72,72,72,72,72,72,72,72,72,72,72,72,72,72],"card_choices":[{"not_picked":["Entrench","Feel No Pain"],"picked":"Heavy Blade","floor":1.0},{"not_picked":["Searing Blow","Clothesline"],"picked":"Iron Wave","floor":1.0},{"not_picked":["Heavy Blade","True Grit"],"picked":"Disarm","floor":2.0},{"not_picked":["Perfected Strike","Sentinel"],"picked":"Shockwave","floor":2.0},{"not_picked":["Corruption","Wild Strike"],"picked":"Hemokinesis","floor":4.0},{"not_picked":["Double Tap","Body Slam","Rupture"],"picked":"SKIP","floor":4.0},{"not_picked":["Anger","Power Through","Sword Boomerang"],"picked":"SKIP","floor":6.0},{"not_picked":["True Grit","Sever Soul"],"picked":"Shrug It Off","floor":8.0},{"not_picked":["Headbutt","Warcry"],"picked":"Armaments","floor":8.0},{"not_picked":["Twin Strike","Flame Barrier"],"picked":"Rampage","floor":10.0},{"not_picked":["Blood for Blood","Seeing Red","Perfected Strike"],"picked":"SKIP","floor":10.0},{"not_picked":["Flame Barrier","Evolve"],"picked":"Spot Weakness","floor":14.0},{"not_picked":["Twin Strike","Flex"],"picked":"Shrug It Off","floor":14.0},{"not_picked":["Bludgeon","Dark Embrace"],"picked":"Barricade","floor":16.0},{"not_picked":["Warcry","Carnage"],"picked":"Rage+1","floor":18.0},{"not_picked":["Twin Strike","Clothesline","Spot Weakness"],"picked":"SKIP","floor":18.0},{"not_picked":["Havoc+1","Twin Strike+1"],"picked":"Body Slam+1","floor":19.0},{"not_picked":["Clash","Metallicize+1"],"picked":"Entrench+1","floor":19.0},{"not_picked":["Armaments","Spot Weakness+1","Pommel Strike"],"picked":"SKIP","floor":21.0},{"not_picked":["Clash","Anger+1","True Grit"],"picked":"SKIP","floor":21.0},{"not_picked":["Thunderclap+1","Infernal Blade"],"picked":"Body Slam+1","floor":25.0},{"not_picked":["Headbutt","Pommel Strike+1"],"picked":"Inflame","floor":25.0},{"not_picked":["Heavy Blade","Iron Wave"],"picked":"Ghostly Armor","floor":27},{"not_picked":["Combust","Wild Strike","Cleave"],"picked":"SKIP","floor":27},{"not_picked":["Offering","Headbutt","Anger"],"picked":"SKIP","floor":30},{"not_picked":["True Grit+1","Disarm+1","Warcry"],"picked":"SKIP","floor":30}],"player_experience":485108,"relics_obtained":[{"floor":6.0,"key":"Bag of Preparation"},{"floor":9.0,"key":"Mummified Hand"},{"floor":26.0,"key":"Bottled Flame"}],"event_choices":[{"damage_healed":0.0,"max_hp_gain":0.0,"max_hp_loss":0.0,"gold_gain":50.0,"event_name":"Golden Wing","player_choice":"Gained Gold","floor":3.0,"gold_loss":0.0,"damage_taken":0.0},{"damage_healed":0.0,"max_hp_gain":0.0,"max_hp_loss":0.0,"gold_gain":0.0,"event_name":"Living Wall","player_choice":"Grow","floor":5.0,"gold_loss":0.0,"damage_taken":0.0,"cards_upgraded":["Hemokinesis"]},{"cards_removed":["Strike_R"],"damage_healed":0.0,"max_hp_gain":0.0,"max_hp_loss":0.0,"gold_gain":0.0,"event_name":"Purifier","player_choice":"Purged","floor":13.0,"gold_loss":0.0,"damage_taken":0.0},{"damage_healed":0.0,"max_hp_gain":0.0,"max_hp_loss":0.0,"gold_gain":0.0,"event_name":"Duplicator","player_choice":"Copied","floor":20.0,"gold_loss":0.0,"damage_taken":0.0,"cards_obtained":["Inflame"]},{"damage_healed":0,"gold_gain":0,"player_choice":"Fight","damage_taken":0,"max_hp_gain":0,"max_hp_loss":0,"event_name":"Colosseum","floor":28,"gold_loss":0},{"damage_healed":0,"gold_gain":0,"player_choice":"Fled From Nobs","damage_taken":0,"max_hp_gain":0,"max_hp_loss":0,"event_name":"Colosseum","floor":28,"gold_loss":0},{"damage_healed":0,"gold_gain":0,"player_choice":"Ignored","damage_taken":0,"max_hp_gain":0,"max_hp_loss":0,"event_name":"Beggar","floor":29,"gold_loss":0}],"is_beta":false,"boss_relics":[{"not_picked":["Eternal Feather","Runic Dome"],"picked":"Cursed Key"}],"items_purged_floors":[],"is_endless":false,"potions_floor_spawned":[1,4,8,18,27,28],"killed_by":"Slavers","ascension_level":7}