{"gold_per_floor":[111,261,261,29,39,39,52,85,85,160,173,173,173],"floor_reached":13,"playtime":553,"items_purged":["Doubt"],"score":166,"play_id":"5b167e92-c6ae-4cb6-a9d0-61dc7bc28255","local_time":"20190422105157","is_ascension_mode":true,"campfire_choices":[{"data":"Glass Knife","floor":6,"key":"SMITH"}],"neow_cost":"NONE","seed_source_timestamp":343043980486114,"circlet_count":0,"master_deck":["AscendersBane","Defend_G","Defend_G+1","Defend_G+1","Defend_G","Defend_G","Strike_G","Strike_G","Strike_G","Strike_G","Strike_G","Survivor","Neutralize","Glass Knife+1","Deadly Poison","Noxious Fumes","Quick Slash","Bane","Backflip","Catalyst","Well Laid Plans+1"],"relics":["Ring of the Snake","Potion Belt","Frozen Egg 2","Question Card"],"potions_floor_usage":[],"damage_taken":[{"damage":1,"enemies":"Cultist","floor":1,"turns":3},{"damage":0,"enemies":"2 Louse","floor":5,"turns":2},{"damage":0,"enemies":"Small Slimes","floor":7,"turns":3},{"damage":23,"enemies":"Lagavulin","floor":8,"turns":6},{"damage":1,"enemies":"Looter","floor":11,"turns":4},{"damage":4,"enemies":"Exordium Thugs","floor":13,"turns":2}],"seed_played":"4004284562043850721","potions_obtained":[{"floor":8,"key":"Poison Potion"}],"is_trial":false,"path_per_floor":["?","?","?","T"],"character_chosen":"THE_SILENT","items_purchased":["Noxious Fumes","SteroidPotion","Quick Slash"],"campfire_rested":0,"item_purchase_floors":[4,4,4],"current_hp_per_floor":[58,58,38,38,38,38,38,15,15,4,3,3,0],"gold":173,"neow_bonus":"ONE_RANDOM_RARE_CARD","is_prod":false,"is_daily":false,"chose_seed":false,"campfire_upgraded":1,"win_rate":0,"timestamp":1555919517,"path_taken":["M","?","?","$","M","R","M","E","T","?","M","?","M"],"build_version":"2019-01-23","purchased_purges":1,"victory":false,"max_hp_per_floor":[66,66,66,66,66,66,66,66,66,66,66,66,66],"card_choices":[{"not_picked":["Blade Dance","Deflect"],"picked":"Deadly Poison","floor":1},{"not_picked":["Backflip","Blur"],"picked":"Bane","floor":5},{"not_picked":["Prepared","Deflect"],"picked":"Backflip","floor":7},{"not_picked":["Infinite Blades","Setup"],"picked":"Catalyst","floor":8},{"not_picked":["Accuracy+1","Bane"],"picked":"Well Laid Plans+1","floor":11}],"player_experience":1791112,"relics_obtained":[{"floor":8,"key":"Potion Belt"},{"floor":9,"key":"Frozen Egg 2"},{"floor":12,"key":"Question Card"}],"event_choices":[{"damage_healed":0,"gold_gain":150,"player_choice":"AGREE","damage_taken":0,"max_hp_gain":0,"max_hp_loss":0,"event_name":"Liars Game","floor":2,"gold_loss":0,"cards_obtained":["Doubt"]},{"damage_healed":0,"gold_gain":0,"player_choice":"Entered Light","damage_taken":20,"max_hp_gain":0,"max_hp_loss":0,"event_name":"Shining Light","floor":3,"gold_loss":0,"cards_upgraded":["Defend_G","Defend_G"]},{"damage_healed":0,"gold_gain":75,"player_choice":"Gather Gold","damage_taken":11,"max_hp_gain":0,"max_hp_loss":0,"event_name":"World of Goop","floor":10,"gold_loss":0}],"is_beta":false,"boss_relics":[],"items_purged_floors":[4],"is_endless":false,"potions_floor_spawned":[8],"killed_by":"Exordium Thugs","ascension_level":20}