{"path_per_floor":["M","?","?","M","?","R","M","E","T","M","$","?","R","M","R","B",null,"M","?","M","M","?"],"character_chosen":"THE_SILENT","items_purchased":["Deflect","Regal Pillow","Noxious Fumes","Bane"],"gold_per_floor":[219,219,294,307,307,307,317,342,342,353,41,41,41,56,56,157,187,198,198,214,232,232],"floor_reached":23,"campfire_rested":1,"playtime":1460,"current_hp_per_floor":[70,70,59,59,59,59,59,28,28,28,28,28,64,62,62,22,75,69,60,37,13,13],"items_purged":[],"gold":232,"play_id":"ac19e08b-2ea1-4124-bcfe-c6d9ccc5ca6e","is_prod":false,"is_daily":false,"is_ascension_mode":false,"campfire_upgraded":2,"path_taken":["M","?","?","?","?","R","M","E","T","M","$","?","R","M","R","BOSS","M","?","M","M","?","E"],"build_version":"2018-01-25-PROD3","purchased_purges":0,"victory":false,"master_deck":["Defend_G+1","Defend_G+1","Defend_G+1","Defend_G+1","Defend_G+1","Strike_G+1","Strike_G+1","Strike_G+1","Strike_G+1","Strike_G+1","Survivor","Neutralize+1","Flying Knee","Flying Knee","Dagger Spray","Deadly Poison","Infinite Blades+1","Deflect","Noxious Fumes+1","Bane","Deadly Poison","After Image","Dodge and Roll","Flying Knee","Skewer+1","Deadly Poison+1"],"max_hp_per_floor":[70,70,70,70,70,70,70,70,70,70,70,70,70,70,70,70,75,75,80,80,80,80],"relics":["Ring of the Snake","Bronze Scales","Unceasing Top","Regal Pillow","Tiny House"],"card_choices":[{"not_picked":["Slice","Catalyst"],"picked":"Flying Knee"},{"not_picked":["Well Laid Plans","Deflect"],"picked":"Flying Knee"},{"not_picked":["Footwork","Slice"],"picked":"Dagger Spray"},{"not_picked":["Acrobatics","Dodge and Roll"],"picked":"Deadly Poison"},{"not_picked":["Bullet Time","Prepared"],"picked":"Infinite Blades"},{"not_picked":["All Out Attack","Acrobatics"],"picked":"Deadly Poison"},{"not_picked":["Envenom","Corpse Explosion"],"picked":"After Image"},{"not_picked":["PiercingWail","Outmaneuver"],"picked":"Dodge and Roll"},{"not_picked":["Dagger Throw","Heel Hook"],"picked":"Flying Knee"},{"not_picked":["Slice","Well Laid Plans"],"picked":"Skewer"},{"not_picked":["Outmaneuver","All Out Attack"],"picked":"Deadly Poison"}],"player_experience":33011,"potions_floor_usage":[16,20,21,21],"damage_taken":[{"damage":0,"enemies":"Small Slimes","floor":1,"turns":3},{"damage":0,"enemies":"Cultist","floor":4,"turns":4},{"damage":0,"enemies":"2 Louse","floor":7,"turns":2},{"damage":31,"enemies":"Lagavulin","floor":8,"turns":11},{"damage":0,"enemies":"Large Slime","floor":10,"turns":6},{"damage":2,"enemies":"3 Louse","floor":14,"turns":3},{"damage":40,"enemies":"The Guardian","floor":16,"turns":7},{"damage":6,"enemies":"Shell Parasite","floor":18,"turns":6},{"damage":23,"enemies":"Chosen","floor":20,"turns":6},{"damage":24,"enemies":"Snake Plant","floor":21,"turns":4},{"damage":13,"enemies":"Gremlin Leader","floor":23,"turns":1}],"event_choices":[{"event_name":"The Cleric","player_choice":"Leave","floor":2,"damage_taken":0},{"event_name":"World of Goop","player_choice":"Gather Gold","floor":3,"damage_taken":0},{"event_name":"Liars Game","player_choice":"disagreed","floor":5,"damage_taken":0},{"event_name":"Upgrade Shrine","player_choice":"Upgraded","floor":12,"damage_taken":0},{"event_name":"Forgotten Altar","player_choice":"Shed Blood","floor":19,"damage_taken":0},{"event_name":"Back to Basics","player_choice":"Simplicity","floor":22,"damage_taken":0}],"boss_relics":[{"not_picked":["Runic Dome","Ectoplasm"],"picked":"Tiny House"}],"potions_floor_spawned":[8,10,14,20],"seed_played":"-8669555448106938868","killed_by":"Gremlin Leader","ascension_level":0,"is_trial":false}