{"gold_per_floor":[115,132,143,158,168,203,168,184,184,213,230,250,260,273,273,370,370,386,375,386,14,25,25,42,24,24,24,24,24,39,72,72,72],"floor_reached":33,"playtime":3198,"items_purged":[],"score":318,"play_id":"cb41264e-1ec2-48ed-8f35-c7b005f63c8d","local_time":"20190115215630","is_ascension_mode":true,"campfire_choices":[{"floor":15,"key":"REST"},{"floor":23,"key":"REST"},{"floor":32,"key":"REST"}],"neow_cost":"NONE","seed_source_timestamp":13321694789900,"circlet_count":0,"master_deck":["Defend_G","Defend_G","Defend_G+1","Defend_G+1","Defend_G","Strike_G","Strike_G","Strike_G","Strike_G","Strike_G","Survivor","Neutralize","Noxious Fumes","Blur","Poisoned Stab","Crippling Poison","Deadly Poison","Flying Knee","Heel Hook","Blur","Sucker Punch","Adrenaline","Distraction","Footwork","Glass Knife","PiercingWail","Accuracy","Secret Technique","Glass Knife","Blade Dance","Backflip","Noxious Fumes","Crippling Poison","Backflip+1"],"relics":["Ring of the Snake","NeowsBlessing","War Paint","Mummified Hand","Ninja Scroll","Velvet Choker","Membership Card","Mercury Hourglass","Toxic Egg 2"],"potions_floor_usage":[8,12,16,16,28,29,30,31],"damage_taken":[{"damage":0,"enemies":"2 Louse","floor":1,"turns":1},{"damage":0,"enemies":"Small Slimes","floor":2,"turns":1},{"damage":0,"enemies":"Jaw Worm","floor":3,"turns":1},{"damage":4,"enemies":"Exordium Wildlife","floor":4,"turns":5},{"damage":8,"enemies":"2 Fungi Beasts","floor":5,"turns":4},{"damage":12,"enemies":"3 Sentries","floor":6,"turns":6},{"damage":1,"enemies":"Blue Slaver","floor":8,"turns":2},{"damage":9,"enemies":"Gremlin Nob","floor":10,"turns":4},{"damage":17,"enemies":"Exordium Wildlife","floor":11,"turns":5},{"damage":2,"enemies":"Exordium Thugs","floor":12,"turns":3},{"damage":5,"enemies":"Gremlin Gang","floor":13,"turns":4},{"damage":0,"enemies":"Looter","floor":14,"turns":3},{"damage":45,"enemies":"Slime Boss","floor":16,"turns":13},{"damage":13,"enemies":"3 Byrds","floor":18,"turns":4},{"damage":22,"enemies":"2 Thieves","floor":19,"turns":4},{"damage":8,"enemies":"Sentry and Sphere","floor":20,"turns":5},{"damage":14,"enemies":"Shelled Parasite and Fungi","floor":22,"turns":7},{"damage":29,"enemies":"3 Cultists","floor":24,"turns":5},{"damage":0,"enemies":"Colosseum Slavers","floor":28,"turns":5},{"damage":0,"enemies":"Cultist and Chosen","floor":29,"turns":1},{"damage":0,"enemies":"Centurion and Healer","floor":30,"turns":5},{"damage":4,"enemies":"Gremlin Leader","floor":31,"turns":8},{"damage":24,"enemies":"Automaton","floor":33,"turns":6}],"seed_played":"-8413935431534311985","potions_obtained":[{"floor":1,"key":"Dexterity Potion"},{"floor":6,"key":"Fire Potion"},{"floor":12,"key":"Strength Potion"},{"floor":13,"key":"LiquidBronze"},{"floor":14,"key":"EssenceOfSteel"},{"floor":18,"key":"Weak Potion"},{"floor":20,"key":"SmokeBomb"},{"floor":22,"key":"Explosive Potion"},{"floor":30,"key":"Block Potion"}],"is_trial":false,"path_per_floor":["M","M","M","M","M","E","?","M","T","E","M","M","M","M","R","B",null,"M","M","M","$","M","R","M","$","T","?","?","M","M","E","R","B"],"character_chosen":"THE_SILENT","items_purchased":["Membership Card","Secret Technique","Glass Knife","Noxious Fumes"],"campfire_rested":3,"item_purchase_floors":[21,21,21,25],"current_hp_per_floor":[70,70,70,66,58,46,63,62,62,53,36,34,29,29,50,5,70,57,35,27,27,13,34,5,5,5,5,5,5,5,1,22,0],"gold":72,"neow_bonus":"THREE_ENEMY_KILL","is_prod":false,"is_daily":false,"chose_seed":false,"campfire_upgraded":0,"win_rate":0,"timestamp":1547607390,"path_taken":["M","M","M","M","M","E","?","M","T","E","M","M","M","M","R","BOSS","M","M","M","$","M","R","M","$","T","?","?","M","?","E","R","BOSS"],"build_version":"2019-01-10","purchased_purges":0,"victory":false,"max_hp_per_floor":[70,70,70,70,70,70,70,70,70,70,70,70,70,70,70,70,70,70,70,70,70,70,70,70,70,70,70,70,70,70,70,70,70],"card_choices":[{"not_picked":["Terror","PiercingWail"],"picked":"Noxious Fumes","floor":1},{"not_picked":["Acrobatics","Prepared"],"picked":"Blur","floor":2},{"not_picked":["Blade Dance","Sucker Punch"],"picked":"Poisoned Stab","floor":3},{"not_picked":["Deadly Poison","Prepared"],"picked":"Crippling Poison","floor":4},{"not_picked":["Dagger Spray","Setup"],"picked":"Deadly Poison","floor":5},{"not_picked":["Finisher","Slice"],"picked":"Flying Knee","floor":6},{"not_picked":["Bullet Time","Bane"],"picked":"Heel Hook","floor":8},{"not_picked":["Sucker Punch","Terror"],"picked":"Blur","floor":10},{"not_picked":["Dodge and Roll","Expertise"],"picked":"Sucker Punch","floor":11},{"not_picked":["Endless Agony","Acrobatics"],"picked":"Adrenaline","floor":12},{"not_picked":["Dodge and Roll","Concentrate"],"picked":"Distraction","floor":13},{"not_picked":["Deflect","Bane"],"picked":"Footwork","floor":14},{"not_picked":["Envenom","Storm of Steel"],"picked":"Glass Knife","floor":16},{"not_picked":["Quick Slash","Cloak And Dagger+1"],"picked":"PiercingWail","floor":18},{"not_picked":["Acrobatics","Backstab"],"picked":"Accuracy","floor":19},{"not_picked":["Dodge and Roll","Dagger Throw","Backflip"],"picked":"SKIP","floor":20},{"not_picked":["Slice+1","PiercingWail+1"],"picked":"Blade Dance","floor":22},{"not_picked":["PiercingWail","Slice"],"picked":"Backflip","floor":24},{"not_picked":["Dagger Throw","Storm of Steel"],"picked":"Crippling Poison","floor":30},{"not_picked":["PiercingWail","Quick Slash+1"],"picked":"Backflip+1","floor":31}],"player_experience":343107,"relics_obtained":[{"floor":6,"key":"War Paint"},{"floor":9,"key":"Mummified Hand"},{"floor":10,"key":"Ninja Scroll"},{"floor":26,"key":"Mercury Hourglass"},{"floor":31,"key":"Toxic Egg 2"}],"event_choices":[{"damage_healed":17,"gold_gain":0,"player_choice":"Healed","damage_taken":0,"max_hp_gain":0,"max_hp_loss":0,"event_name":"The Cleric","floor":7,"gold_loss":35},{"damage_healed":0,"gold_gain":0,"player_choice":"Ignored","damage_taken":0,"max_hp_gain":0,"max_hp_loss":0,"event_name":"Beggar","floor":27,"gold_loss":0},{"damage_healed":0,"gold_gain":0,"player_choice":"Fight","damage_taken":0,"max_hp_gain":0,"max_hp_loss":0,"event_name":"Colosseum","floor":28,"gold_loss":0},{"damage_healed":0,"gold_gain":0,"player_choice":"Fled From Nobs","damage_taken":0,"max_hp_gain":0,"max_hp_loss":0,"event_name":"Colosseum","floor":28,"gold_loss":0}],"is_beta":false,"boss_relics":[{"not_picked":["Fusion Hammer","Calling Bell"],"picked":"Velvet Choker"}],"items_purged_floors":[],"is_endless":false,"potions_floor_spawned":[1,6,12,13,14,18,20,22,28,29,30],"killed_by":"Automaton","ascension_level":2}