{"gold_per_floor":[111,23,23,42,117,152,152,183,208,226,226,226,62,75,75,154,154,171,171,20,40,58,85,85,95,175,206,223,253,168,193,193,272,272,290,240,251,251,201,234,251,251,274,628,654,671,706,721,721,721,721,721,721,331,366,366],"floor_reached":57,"playtime":5354,"items_purged":["Strike_G","Eviscerate+1","Blade Dance+1","Choke+1"],"score":3731,"play_id":"eff6afaa-4d45-48a7-a374-01677ab93573","local_time":"20190425200951","is_ascension_mode":true,"campfire_choices":[{"data":"Noxious Fumes","floor":7,"key":"SMITH"},{"data":"Footwork","floor":11,"key":"SMITH"},{"data":"Footwork","floor":15,"key":"SMITH"},{"floor":24,"key":"RECALL"},{"floor":32,"key":"REST"},{"floor":49,"key":"REST"},{"floor":53,"key":"REST"}],"neow_cost":"NONE","seed_source_timestamp":630915981935241,"circlet_count":0,"master_deck":["AscendersBane","Defend_G","Defend_G","Defend_G","Defend_G","Defend_G","Survivor","Neutralize+1","Footwork+1","Noxious Fumes+1","Footwork+1","PiercingWail","Bouncing Flask+1","Backflip+1","Adrenaline+1","Crippling Poison+1","Prepared+1","Burst+1","Calculated Gamble+1","Ghostly+1","Ghostly+1","Ghostly+1","Well Laid Plans","Deflect+1","Backflip+1","After Image","Dodge and Roll+1","Prepared+1","Deflect+1","Noxious Fumes+1","Tools of the Trade","Deadly Poison+1","Backflip+1","Tactician+1","Impatience+1","Apotheosis+1","Finesse+1","Backflip+1","After Image","Well Laid Plans","Secret Technique+1","Acrobatics+1"],"relics":["Ring of the Snake","NeowsBlessing","Bronze Scales","Toxic Egg 2","Potion Belt","Fusion Hammer","Bag of Preparation","Pear","Art of War","Boot","Smiling Mask","Blood Vial","Astrolabe","Singing Bowl","Old Coin","Ancient Tea Set","StoneCalendar","Orichalcum"],"potions_floor_usage":[16,16,31,44,56],"damage_taken":[{"damage":0,"enemies":"Jaw Worm","floor":1,"turns":1},{"damage":0,"enemies":"Small Slimes","floor":4,"turns":1},{"damage":0,"enemies":"Gremlin Nob","floor":6,"turns":1},{"damage":5,"enemies":"Lagavulin","floor":8,"turns":11},{"damage":0,"enemies":"2 Louse","floor":10,"turns":4},{"damage":6,"enemies":"Exordium Thugs","floor":14,"turns":4},{"damage":11,"enemies":"Slime Boss","floor":16,"turns":9},{"damage":0,"enemies":"3 Byrds","floor":18,"turns":2},{"damage":0,"enemies":"Spheric Guardian","floor":21,"turns":2},{"damage":0,"enemies":"3 Cultists","floor":22,"turns":5},{"damage":0,"enemies":"Book of Stabbing","floor":23,"turns":6},{"damage":0,"enemies":"Sentry and Sphere","floor":25,"turns":4},{"damage":0,"enemies":"Slavers","floor":27,"turns":5},{"damage":0,"enemies":"Shelled Parasite and Fungi","floor":28,"turns":5},{"damage":0,"enemies":"Book of Stabbing","floor":29,"turns":5},{"damage":0,"enemies":"Gremlin Leader","floor":31,"turns":9},{"damage":0,"enemies":"Automaton","floor":33,"turns":10},{"damage":0,"enemies":"3 Shapes","floor":35,"turns":6},{"damage":0,"enemies":"3 Darklings","floor":37,"turns":5},{"damage":0,"enemies":"Giant Head","floor":40,"turns":8},{"damage":1,"enemies":"Spire Growth","floor":41,"turns":6},{"damage":9,"enemies":"2 Orb Walkers","floor":44,"turns":5},{"damage":0,"enemies":"Nemesis","floor":45,"turns":9},{"damage":0,"enemies":"Sphere and 2 Shapes","floor":46,"turns":6},{"damage":0,"enemies":"Reptomancer","floor":47,"turns":7},{"damage":0,"enemies":"3 Darklings","floor":48,"turns":5},{"damage":0,"enemies":"Donu and Deca","floor":50,"turns":10},{"damage":0,"enemies":"Time Eater","floor":51,"turns":14},{"damage":0,"enemies":"Shield and Spear","floor":55,"turns":7},{"damage":8,"enemies":"The Heart","floor":56,"turns":9}],"seed_played":"-8462402542006913023","potions_obtained":[{"floor":4,"key":"Explosive Potion"},{"floor":10,"key":"FearPotion"},{"floor":14,"key":"AttackPotion"},{"floor":16,"key":"Block Potion"},{"floor":18,"key":"GhostInAJar"},{"floor":22,"key":"GamblersBrew"},{"floor":31,"key":"FearPotion"},{"floor":33,"key":"SpeedPotion"},{"floor":44,"key":"AttackPotion"},{"floor":55,"key":"Energy Potion"}],"is_trial":false,"path_per_floor":["?","?","?","?","?","?","?","?"],"character_chosen":"THE_SILENT","items_purchased":["Noxious Fumes","Adrenaline+1","Crippling Poison+1","Well Laid Plans","Secret Technique+1","Dexterity Potion","EssenceOfSteel"],"campfire_rested":3,"item_purchase_floors":[2,13,13,20,54,54,54],"current_hp_per_floor":[59,59,39,39,28,28,28,23,23,23,23,23,23,17,17,6,51,51,33,33,33,33,33,33,33,43,43,43,43,43,43,43,43,43,43,43,43,43,43,45,44,34,34,27,29,31,35,39,49,49,49,49,49,49,49,41],"gold":366,"neow_bonus":"THREE_ENEMY_KILL","is_prod":false,"is_daily":false,"chose_seed":false,"campfire_upgraded":3,"win_rate":0,"timestamp":1556212191,"path_taken":["M","$","?","M","?","E","R","E","T","M","R","?","$","M","R","BOSS","M","?","$","M","M","E","R","M","T","E","M","E","?","E","R","BOSS","M","$","M","?","$","E","M","?","T","?","E","M","E","M","R","BOSS","BOSS","R","$","E","BOSS"],"build_version":"2019-01-23","purchased_purges":4,"victory":true,"max_hp_per_floor":[66,66,66,66,66,66,66,66,66,66,66,66,66,66,66,66,66,66,33,33,33,33,33,33,33,43,43,43,43,43,43,43,43,43,43,43,43,43,43,45,45,45,45,45,45,45,47,49,49,49,49,49,49,49,49,49],"card_choices":[{"not_picked":["Dodge and Roll","Caltrops"],"picked":"Footwork","floor":1},{"not_picked":["Dagger Spray","Eviscerate"],"picked":"Footwork","floor":4},{"not_picked":["Masterful Stab","Flying Knee"],"picked":"PiercingWail","floor":6},{"not_picked":["Sucker Punch","Riddle With Holes"],"picked":"Bouncing Flask","floor":8},{"not_picked":["Dagger Spray","Flying Knee"],"picked":"Backflip+1","floor":10},{"not_picked":["Tactician+1","Flying Knee"],"picked":"Prepared+1","floor":14},{"not_picked":["After Image","Glass Knife"],"picked":"Burst+1","floor":16},{"not_picked":["Blade Dance+1","Caltrops"],"picked":"Calculated Gamble+1","floor":18},{"not_picked":["Deadly Poison+1","Blade Dance+1"],"picked":"Deflect+1","floor":21},{"not_picked":["Finisher","Underhanded Strike"],"picked":"Backflip+1","floor":22},{"not_picked":["Distraction+1","Acrobatics+1"],"picked":"After Image","floor":23},{"not_picked":["Sucker Punch","Crippling Poison+1"],"picked":"Dodge and Roll+1","floor":25},{"not_picked":["Dodge and Roll+1","Crippling Poison+1"],"picked":"Prepared+1","floor":27},{"not_picked":["Bane","Dodge and Roll+1"],"picked":"Deflect+1","floor":28},{"not_picked":["Cloak And Dagger+1","Dagger Spray","A Thousand Cuts"],"picked":"SKIP","floor":29},{"not_picked":["PiercingWail+1","Deflect+1"],"picked":"Noxious Fumes+1","floor":31},{"not_picked":["Doppelganger+1","Phantasmal Killer+1"],"picked":"Tools of the Trade","floor":33},{"not_picked":["Dagger Throw","Backflip+1"],"picked":"Deadly Poison+1","floor":35},{"not_picked":["Bane","Sucker Punch"],"picked":"Backflip+1","floor":37},{"not_picked":["Deadly Poison+1","Terror+1","Bane"],"picked":"Singing Bowl","floor":40},{"not_picked":["Quick Slash","PiercingWail+1"],"picked":"Tactician+1","floor":41},{"not_picked":["Forethought+1","Good Instincts+1"],"picked":"Impatience+1","floor":42},{"not_picked":["Panacea+1","Swift Strike"],"picked":"Apotheosis+1","floor":42},{"not_picked":["Sadistic Nature","Secret Weapon+1"],"picked":"Finesse+1","floor":42},{"not_picked":["All Out Attack","Sucker Punch"],"picked":"Backflip+1","floor":44},{"not_picked":["Underhanded Strike","All Out Attack"],"picked":"After Image","floor":45},{"not_picked":["Cloak And Dagger+1","Predator"],"picked":"Well Laid Plans","floor":46},{"not_picked":["Underhanded Strike+1","Setup+1","Expertise+1"],"picked":"Singing Bowl","floor":47},{"not_picked":["Skewer","Poisoned Stab","Predator"],"picked":"Singing Bowl","floor":48},{"not_picked":["Noxious Fumes","Backflip+1"],"picked":"Acrobatics+1","floor":55}],"player_experience":1873680,"relics_obtained":[{"floor":6,"key":"Bronze Scales"},{"floor":8,"key":"Toxic Egg 2"},{"floor":9,"key":"Potion Belt"},{"floor":23,"key":"Bag of Preparation"},{"floor":26,"key":"Pear"},{"floor":27,"key":"Art of War"},{"floor":29,"key":"Boot"},{"floor":31,"key":"Blood Vial"},{"floor":40,"key":"Singing Bowl"},{"floor":44,"key":"Old Coin"},{"floor":45,"key":"Ancient Tea Set"},{"floor":47,"key":"StoneCalendar"},{"floor":55,"key":"Orichalcum"}],"event_choices":[{"damage_healed":0,"gold_gain":0,"player_choice":"Entered Light","damage_taken":20,"max_hp_gain":0,"max_hp_loss":0,"event_name":"Shining Light","floor":3,"gold_loss":0,"cards_upgraded":["Strike_G","Neutralize"]},{"damage_healed":0,"gold_gain":75,"player_choice":"Gather Gold","damage_taken":11,"max_hp_gain":0,"max_hp_loss":0,"event_name":"World of Goop","floor":5,"gold_loss":0},{"cards_removed":["Strike_G"],"damage_healed":0,"gold_gain":0,"player_choice":"Offered Basic","damage_taken":0,"max_hp_gain":0,"max_hp_loss":0,"event_name":"Bonfire Elementals","floor":12,"gold_loss":0},{"damage_healed":0,"gold_gain":0,"player_choice":"Became a Ghost","damage_taken":0,"max_hp_gain":0,"max_hp_loss":33,"event_name":"Ghosts","floor":19,"gold_loss":0,"cards_obtained":["Ghostly","Ghostly","Ghostly"]},{"damage_healed":0,"gold_gain":0,"player_choice":"Obtained Relic","damage_taken":0,"relics_obtained":["Smiling Mask"],"max_hp_gain":0,"max_hp_loss":0,"event_name":"Addict","floor":30,"gold_loss":85},{"damage_healed":0,"gold_gain":0,"player_choice":"Ignored","damage_taken":0,"max_hp_gain":0,"max_hp_loss":0,"event_name":"Tomb of Lord Red Mask","floor":38,"gold_loss":0},{"damage_healed":0,"gold_gain":0,"player_choice":"Memory 3","damage_taken":10,"max_hp_gain":0,"max_hp_loss":0,"event_name":"SensoryStone","floor":42,"gold_loss":0},{"damage_healed":0,"gold_gain":0,"player_choice":"Fight","damage_taken":0,"max_hp_gain":0,"max_hp_loss":0,"event_name":"Mysterious Sphere","floor":44,"gold_loss":0}],"is_beta":false,"boss_relics":[{"not_picked":["Snecko Eye","Ectoplasm"],"picked":"Fusion Hammer"},{"not_picked":["White Beast Statue","Pandora\u0027s Box"],"picked":"Astrolabe"}],"items_purged_floors":[20,36,39,54],"is_endless":false,"potions_floor_spawned":[4,10,14,16,18,22,29,31,33,44,45,55],"ascension_level":20}