{"gold_per_floor":[210,230,230,230,130,130,160,160,212,237,1,20,20,35,35,112,112,123,84,184,184],"floor_reached":21,"playtime":1357,"items_purged":["Pain","Strike_G"],"score":370,"play_id":"456d24fc-928f-4570-a450-f1531c83ada4","local_time":"20190420195247","is_ascension_mode":true,"campfire_choices":[{"data":"Cloak And Dagger","floor":6,"key":"SMITH"},{"floor":8,"key":"REST"},{"data":"A Thousand Cuts","floor":13,"key":"SMITH"},{"floor":15,"key":"REST"}],"neow_cost":"NONE","seed_source_timestamp":201884516797583,"circlet_count":0,"master_deck":["AscendersBane","Defend_G","Defend_G","Defend_G","Defend_G","Defend_G","Strike_G","Strike_G","Strike_G","Strike_G","Survivor","Neutralize+1","Cloak And Dagger+1","Dodge and Roll","Footwork","Cloak And Dagger","A Thousand Cuts+1","Well Laid Plans","Deadly Poison","After Image","Crippling Poison+1","Footwork"],"relics":["Ring of the Snake","WarpedTongs","Letter Opener","Bag of Marbles","Pen Nib","Runic Pyramid","Thread and Needle","Singing Bowl"],"potions_floor_usage":[12,16,20],"damage_taken":[{"damage":1,"enemies":"2 Louse","floor":1,"turns":4},{"damage":1,"enemies":"Cultist","floor":2,"turns":4},{"damage":41,"enemies":"Lagavulin","floor":7,"turns":12},{"damage":20,"enemies":"3 Sentries","floor":10,"turns":13},{"damage":9,"enemies":"Small Slimes","floor":12,"turns":4},{"damage":0,"enemies":"2 Fungi Beasts","floor":14,"turns":3},{"damage":10,"enemies":"Slime Boss","floor":16,"turns":9},{"damage":2,"enemies":"Spheric Guardian","floor":18,"turns":7},{"damage":5,"enemies":"Colosseum Slavers","floor":20,"turns":7},{"damage":40,"enemies":"Colosseum Nobs","floor":20,"turns":5},{"damage":14,"enemies":"Masked Bandits","floor":21,"turns":2}],"seed_played":"-2588770920184269385","potions_obtained":[{"floor":7,"key":"SteroidPotion"},{"floor":12,"key":"GamblersBrew"},{"floor":16,"key":"Poison Potion"},{"floor":20,"key":"Swift Potion"}],"is_trial":false,"path_per_floor":["?","?","M","?","?"],"character_chosen":"THE_SILENT","items_purchased":["Dodge and Roll","A Thousand Cuts","Strength Potion","Footwork"],"campfire_rested":2,"item_purchase_floors":[5,11,11,19],"current_hp_per_floor":[58,57,57,57,57,57,16,35,35,15,15,6,6,6,25,15,53,51,51,8,0],"gold":184,"neow_bonus":"HUNDRED_GOLD","is_prod":false,"is_daily":false,"chose_seed":false,"campfire_upgraded":2,"win_rate":0,"timestamp":1555779167,"path_taken":["M","M","?","?","$","R","E","R","T","E","$","?","R","M","R","BOSS","M","$","?","?"],"build_version":"2019-01-23","purchased_purges":2,"victory":false,"max_hp_per_floor":[66,66,66,66,66,66,66,66,66,66,66,66,66,66,66,66,66,66,66,68,68],"card_choices":[{"not_picked":["Slice","Distraction","Tactician"],"picked":"SKIP","floor":1},{"not_picked":["Prepared","Deflect"],"picked":"Cloak And Dagger","floor":2},{"not_picked":["Poisoned Stab","Dagger Throw"],"picked":"Footwork","floor":7},{"not_picked":["Catalyst","Concentrate"],"picked":"Cloak And Dagger","floor":10},{"not_picked":["Dash","Blur"],"picked":"Well Laid Plans","floor":12},{"not_picked":["Deflect","Sucker Punch"],"picked":"Deadly Poison","floor":14},{"not_picked":["Envenom","Phantasmal Killer"],"picked":"After Image","floor":16},{"not_picked":["Backflip+1","Dagger Spray"],"picked":"Crippling Poison+1","floor":18},{"not_picked":["Backflip","Blade Dance","Cloak And Dagger"],"picked":"Singing Bowl","floor":20}],"player_experience":1772669,"relics_obtained":[{"floor":7,"key":"Letter Opener"},{"floor":9,"key":"Bag of Marbles"},{"floor":10,"key":"Pen Nib"},{"floor":20,"key":"Thread and Needle"},{"floor":20,"key":"Singing Bowl"}],"event_choices":[{"damage_healed":0,"gold_gain":0,"player_choice":"Grow","damage_taken":0,"max_hp_gain":0,"max_hp_loss":0,"event_name":"Living Wall","floor":3,"gold_loss":0,"cards_upgraded":["Neutralize"]},{"damage_healed":0,"gold_gain":0,"player_choice":"Rummage","damage_taken":0,"relics_obtained":["WarpedTongs"],"max_hp_gain":0,"max_hp_loss":0,"event_name":"Accursed Blacksmith","floor":4,"gold_loss":0,"cards_obtained":["Pain"]},{"damage_healed":0,"gold_gain":0,"player_choice":"Fight","damage_taken":0,"max_hp_gain":0,"max_hp_loss":0,"event_name":"Colosseum","floor":20,"gold_loss":0},{"damage_healed":0,"gold_gain":0,"player_choice":"Fought Nobs","damage_taken":0,"max_hp_gain":0,"max_hp_loss":0,"event_name":"Colosseum","floor":20,"gold_loss":0},{"damage_healed":0,"gold_gain":0,"player_choice":"Fought Bandits","damage_taken":0,"max_hp_gain":0,"max_hp_loss":0,"event_name":"Masked Bandits","floor":21,"gold_loss":0}],"is_beta":false,"boss_relics":[{"not_picked":["Snecko Eye","Sozu"],"picked":"Runic Pyramid"}],"items_purged_floors":[5,11],"is_endless":false,"potions_floor_spawned":[7,12,16,20],"killed_by":"Masked Bandits","ascension_level":20}