{"gold_per_floor":[366,379,379,344,203,203,217,231,231,266,266,266,340,366,366,492,492,516,207,227,227,248,248,289,289,289,303,303,69,69,112,112,242,242,267,87,112,130,150,150,150],"floor_reached":41,"playtime":4780,"items_purged":[],"score":559,"play_id":"c31beb49-4df7-4252-ac5c-2a828708cebc","local_time":"20190309091512","is_ascension_mode":true,"campfire_choices":[{"data":"Iron Wave","floor":6,"key":"SMITH"},{"data":"Clothesline","floor":15,"key":"SMITH"},{"data":"Shockwave","floor":23,"key":"SMITH"},{"data":"Metallicize","floor":25,"key":"SMITH"},{"floor":32,"key":"REST"},{"data":"Inflame","floor":40,"key":"SMITH"}],"neow_cost":"PERCENT_DAMAGE","seed_source_timestamp":272695815214812,"circlet_count":0,"master_deck":["Strike_R","Strike_R","Strike_R","Strike_R","Defend_R","Defend_R","Defend_R","Defend_R","Bash","Pommel Strike","Rage","Metallicize+1","Anger","Iron Wave+1","Twin Strike","Clothesline+1","Pummel","Injury","Rampage","Hemokinesis+1","Reaper","True Grit+1","Shrug It Off","Shockwave+1","Feel No Pain+1","Inflame+1","Ghostly Armor","Shame","Reckless Charge+1","Barricade","Power Through","Iron Wave+1","Shrug It Off","Fiend Fire+1","Headbutt+1","Intimidate+1","True Grit+1"],"relics":["Burning Blood","Shuriken","Mummified Hand","Darkstone Periapt","Golden Idol","Tiny Chest","Odd Mushroom","Philosopher\u0027s Stone","Bottled Flame","Bird Faced Urn","Lantern","Bronze Scales","Molten Egg 2","Prayer Wheel","Velvet Choker","Bag of Preparation"],"potions_floor_usage":[13,24,31,38],"damage_taken":[{"damage":13,"enemies":"Jaw Worm","floor":1,"turns":5},{"damage":0,"enemies":"Small Slimes","floor":2,"turns":2},{"damage":0,"enemies":"2 Louse","floor":7,"turns":3},{"damage":0,"enemies":"Looter","floor":8,"turns":3},{"damage":8,"enemies":"Gremlin Nob","floor":10,"turns":3},{"damage":0,"enemies":"Lagavulin","floor":13,"turns":5},{"damage":15,"enemies":"The Mushroom Lair","floor":14,"turns":5},{"damage":30,"enemies":"Hexaghost","floor":16,"turns":9},{"damage":2,"enemies":"Chosen","floor":18,"turns":4},{"damage":12,"enemies":"Spheric Guardian","floor":20,"turns":4},{"damage":3,"enemies":"Snake Plant","floor":22,"turns":4},{"damage":25,"enemies":"Book of Stabbing","floor":24,"turns":5},{"damage":14,"enemies":"Shelled Parasite and Fungi","floor":27,"turns":4},{"damage":21,"enemies":"Slavers","floor":31,"turns":6},{"damage":71,"enemies":"Collector","floor":33,"turns":12},{"damage":19,"enemies":"Orb Walker","floor":35,"turns":5},{"damage":11,"enemies":"3 Shapes","floor":37,"turns":7},{"damage":32,"enemies":"Transient","floor":38,"turns":5},{"damage":12,"enemies":"Spire Growth","floor":39,"turns":4},{"damage":106,"enemies":"Giant Head","floor":41,"turns":9}],"seed_played":"9164503656557126993","potions_obtained":[{"floor":2,"key":"Weak Potion"},{"floor":10,"key":"FearPotion"},{"floor":14,"key":"Regen Potion"},{"floor":20,"key":"BloodPotion"},{"floor":22,"key":"Fire Potion"},{"floor":37,"key":"SkillPotion"}],"is_trial":false,"path_per_floor":["?","?","?","?","?","?","M","?","?"],"character_chosen":"IRONCLAD","items_purchased":["Metallicize","Anger","Iron Wave","Shrug It Off","Bottled Flame","Bronze Scales","Ghostly Armor","Block Potion","Bag of Preparation","Shrug It Off"],"campfire_rested":1,"item_purchase_floors":[5,5,5,19,19,29,29,29,36,36],"current_hp_per_floor":[49,55,48,68,68,68,74,80,80,78,71,77,83,74,74,50,86,86,86,80,80,83,83,64,64,64,60,60,60,66,65,92,46,92,83,83,92,68,68,68,0],"gold":150,"neow_bonus":"TWO_FIFTY_GOLD","is_prod":false,"is_daily":false,"chose_seed":false,"campfire_upgraded":5,"win_rate":0,"timestamp":1552122912,"path_taken":["M","M","?","?","$","R","M","M","T","E","?","?","E","?","R","BOSS","M","$","M","?","M","R","E","R","T","?","?","$","?","E","R","BOSS","M","$","M","M","M","R","E"],"build_version":"2019-01-23","purchased_purges":0,"victory":false,"max_hp_per_floor":[80,80,80,80,80,80,80,80,80,80,80,86,86,86,86,86,86,86,86,86,86,86,86,86,86,86,86,86,86,92,92,92,92,92,92,92,92,92,92,92,92],"card_choices":[{"not_picked":["Bloodletting","Havoc"],"picked":"Pommel Strike","floor":1},{"not_picked":["Iron Wave","Cleave"],"picked":"Rage","floor":2},{"not_picked":["Iron Wave","Entrench"],"picked":"Twin Strike","floor":7},{"not_picked":["Metallicize","Wild Strike"],"picked":"Clothesline","floor":8},{"not_picked":["Flex","Body Slam"],"picked":"Pummel","floor":10},{"not_picked":["Flex","Dual Wield"],"picked":"Rampage","floor":13},{"not_picked":["Burning Pact","Iron Wave"],"picked":"Hemokinesis","floor":14},{"not_picked":["Offering","Brutality"],"picked":"Reaper","floor":16},{"not_picked":["Iron Wave","Perfected Strike"],"picked":"True Grit+1","floor":18},{"not_picked":["Cleave+1","Flex","Thunderclap"],"picked":"SKIP","floor":20},{"not_picked":["Dual Wield+1","Clothesline+1"],"picked":"Shockwave","floor":22},{"not_picked":["Iron Wave+1","Shrug It Off"],"picked":"Feel No Pain+1","floor":24},{"not_picked":["Anger","Sword Boomerang","Body Slam+1"],"picked":"SKIP","floor":27},{"not_picked":["Flex","Whirlwind+1"],"picked":"Reckless Charge+1","floor":31},{"not_picked":["Reaper+1","Impervious"],"picked":"Barricade","floor":33},{"not_picked":["Pommel Strike+1","Havoc+1"],"picked":"Power Through","floor":35},{"not_picked":["Headbutt+1","True Grit"],"picked":"Iron Wave+1","floor":35},{"not_picked":["Warcry","Havoc+1"],"picked":"Fiend Fire+1","floor":37},{"not_picked":["Flex+1","Havoc","Clash+1"],"picked":"SKIP","floor":37},{"not_picked":["Perfected Strike+1","Havoc+1"],"picked":"Headbutt+1","floor":38},{"not_picked":["Twin Strike+1","Shrug It Off+1","Second Wind"],"picked":"SKIP","floor":38},{"not_picked":["Searing Blow+1","Feed+1"],"picked":"Intimidate+1","floor":39},{"not_picked":["Bloodletting+1","Sever Soul+1"],"picked":"True Grit+1","floor":39}],"player_experience":167050,"relics_obtained":[{"floor":9,"key":"Shuriken"},{"floor":10,"key":"Mummified Hand"},{"floor":13,"key":"Tiny Chest"},{"floor":14,"key":"Odd Mushroom"},{"floor":24,"key":"Bird Faced Urn"},{"floor":26,"key":"Lantern"},{"floor":31,"key":"Prayer Wheel"}],"event_choices":[{"cards_removed":["Strike_R"],"damage_healed":0,"gold_gain":0,"player_choice":"Card Removal","damage_taken":7,"max_hp_gain":0,"max_hp_loss":0,"event_name":"Golden Wing","floor":3,"gold_loss":0},{"damage_healed":20,"gold_gain":0,"player_choice":"Healed","damage_taken":0,"max_hp_gain":0,"max_hp_loss":0,"event_name":"The Cleric","floor":4,"gold_loss":35},{"damage_healed":0,"gold_gain":0,"player_choice":"Success","damage_taken":7,"relics_obtained":["Darkstone Periapt"],"max_hp_gain":0,"max_hp_loss":0,"event_name":"Scrap Ooze","floor":11,"gold_loss":0},{"damage_healed":0,"gold_gain":0,"player_choice":"Take Wound","damage_taken":0,"relics_obtained":["Golden Idol"],"max_hp_gain":0,"max_hp_loss":0,"event_name":"Golden Idol","floor":12,"gold_loss":0,"cards_obtained":["Injury"]},{"damage_healed":0,"gold_gain":0,"player_choice":"Fought Mushrooms","damage_taken":0,"max_hp_gain":0,"max_hp_loss":0,"event_name":"Mushrooms","floor":14,"gold_loss":0},{"damage_healed":0,"gold_gain":0,"player_choice":"Upgraded","damage_taken":0,"max_hp_gain":0,"max_hp_loss":0,"event_name":"Upgrade Shrine","floor":21,"gold_loss":0,"cards_upgraded":["Hemokinesis"]},{"damage_healed":0,"gold_gain":0,"player_choice":"Read","damage_taken":0,"max_hp_gain":0,"max_hp_loss":0,"event_name":"The Library","floor":28,"gold_loss":0,"cards_obtained":["Inflame"]},{"damage_healed":0,"gold_gain":0,"player_choice":"Stole Relic","damage_taken":0,"relics_obtained":["Molten Egg 2"],"max_hp_gain":0,"max_hp_loss":0,"event_name":"Addict","floor":30,"gold_loss":0,"cards_obtained":["Shame"]}],"is_beta":false,"boss_relics":[{"not_picked":["Tiny House","Sozu"],"picked":"Philosopher\u0027s Stone"},{"not_picked":["White Beast Statue","Mark of Pain"],"picked":"Velvet Choker"}],"items_purged_floors":[],"is_endless":false,"potions_floor_spawned":[2,10,14,20,22,37],"killed_by":"Giant Head","ascension_level":3}