{"gold_per_floor":[112,112,112,131,141,174,174,203,203,215,233,251,281,299,299,396,396,413,271,271,286,296,322,322,356,381,399,427,427,162,172,172,277,277,289,289,302,402,418,418,451,155,179,179,213,232,232,243,243,243,243,243,88,115,115],"floor_reached":56,"playtime":6452,"items_purged":["Recycle","Multi-Cast","Streamline+1"],"score":1549,"play_id":"141da1d0-4b2b-4662-bd62-a21bf3f057c6","local_time":"20190327192422","is_ascension_mode":true,"campfire_choices":[{"data":"Reinforced Body","floor":7,"key":"SMITH"},{"data":"Zap","floor":15,"key":"SMITH"},{"floor":24,"key":"REST"},{"floor":29,"key":"REST"},{"data":"Amplify","floor":32,"key":"SMITH"},{"floor":40,"key":"RECALL"},{"data":"Fission","floor":47,"key":"SMITH"},{"data":"Capacitor","floor":49,"key":"SMITH"},{"data":"Turbo","floor":52,"key":"SMITH"}],"neow_cost":"NONE","seed_source_timestamp":747606763855459,"circlet_count":0,"master_deck":["Dualcast","Ball Lightning+1","Go for the Eyes+1","Capacitor+1","Reinforced Body+1","Self Repair","Glacier","Seek","Lockon+1","Barrage+1","Biased Cognition+1","Compile Driver+1","Creative AI+1","Coolheaded+1","Genetic Algorithm+1","Cold Snap+1","Static Discharge+1","Heatsinks+1","Glacier","Reinforced Body","Conserve Battery+1","Amplify+1","Loop+1","Echo Form+1","Self Repair+1","Turbo+1","Seek","Barrage+1","White Noise+1","Fission+1","Turbo+1"],"relics":["Cracked Core","Molten Egg 2","Cables","Happy Flower","Symbiotic Virus","Frozen Egg 2","Pandora\u0027s Box","Letter Opener","StoneCalendar","Smiling Mask","Whetstone","Nuclear Battery","Thread and Needle","War Paint","OrangePellets","Omamori","Orichalcum","DataDisk","Dead Branch"],"potions_floor_usage":[16,25,25,28,28,33,55,55,55],"damage_taken":[{"damage":2,"enemies":"Jaw Worm","floor":1,"turns":3},{"damage":0,"enemies":"Cultist","floor":4,"turns":3},{"damage":3,"enemies":"2 Louse","floor":5,"turns":2},{"damage":20,"enemies":"Lagavulin","floor":6,"turns":5},{"damage":11,"enemies":"Gremlin Nob","floor":8,"turns":4},{"damage":3,"enemies":"Blue Slaver","floor":10,"turns":3},{"damage":0,"enemies":"3 Louse","floor":11,"turns":5},{"damage":9,"enemies":"Exordium Thugs","floor":12,"turns":4},{"damage":0,"enemies":"Lagavulin","floor":13,"turns":5},{"damage":7,"enemies":"Large Slime","floor":14,"turns":4},{"damage":28,"enemies":"The Guardian","floor":16,"turns":8},{"damage":0,"enemies":"Spheric Guardian","floor":18,"turns":2},{"damage":3,"enemies":"3 Byrds","floor":21,"turns":5},{"damage":0,"enemies":"3 Cultists","floor":22,"turns":5},{"damage":25,"enemies":"Gremlin Leader","floor":23,"turns":7},{"damage":32,"enemies":"Slavers","floor":25,"turns":21},{"damage":4,"enemies":"Snecko","floor":27,"turns":4},{"damage":25,"enemies":"Book of Stabbing","floor":28,"turns":3},{"damage":3,"enemies":"Centurion and Healer","floor":31,"turns":4},{"damage":5,"enemies":"Champ","floor":33,"turns":7},{"damage":0,"enemies":"Orb Walker","floor":35,"turns":4},{"damage":27,"enemies":"3 Darklings","floor":37,"turns":6},{"damage":1,"enemies":"Mind Bloom Boss Battle","floor":38,"turns":6},{"damage":26,"enemies":"4 Shapes","floor":39,"turns":4},{"damage":1,"enemies":"Nemesis","floor":41,"turns":5},{"damage":27,"enemies":"Reptomancer","floor":45,"turns":6},{"damage":0,"enemies":"Maw","floor":46,"turns":5},{"damage":0,"enemies":"Sphere and 2 Shapes","floor":48,"turns":4},{"damage":14,"enemies":"Donu and Deca","floor":50,"turns":7},{"damage":0,"enemies":"Shield and Spear","floor":54,"turns":7},{"damage":9,"enemies":"The Heart","floor":55,"turns":9}],"seed_played":"6507996695921043624","potions_obtained":[{"floor":6,"key":"Ancient Potion"},{"floor":10,"key":"Poison Potion"},{"floor":11,"key":"LiquidBronze"},{"floor":13,"key":"Explosive Potion"},{"floor":16,"key":"Fire Potion"},{"floor":27,"key":"FearPotion"},{"floor":28,"key":"PowerPotion"},{"floor":35,"key":"AttackPotion"},{"floor":39,"key":"Dexterity Potion"},{"floor":48,"key":"EssenceOfSteel"}],"is_trial":false,"path_per_floor":["?","T","?","M","M","?","?","?","M"],"character_chosen":"DEFECT","items_purchased":["Heatsinks+1","Self Repair+1","Whetstone","OrangePellets","Turbo","DataDisk"],"campfire_rested":2,"item_purchase_floors":[19,30,30,42,42,53],"current_hp_per_floor":[80,73,73,73,70,50,50,39,39,43,50,48,55,55,55,34,70,70,70,70,67,67,42,66,41,41,37,12,36,36,50,50,69,79,82,82,72,82,73,73,79,79,79,79,79,82,82,82,82,82,82,82,82,82,82],"gold":115,"neow_bonus":"TEN_PERCENT_HP_BONUS","is_prod":false,"is_daily":false,"chose_seed":false,"campfire_upgraded":6,"win_rate":0,"timestamp":1553739862,"path_taken":["M","?","?","M","M","E","R","E","T","M","M","M","E","M","R","BOSS","M","$","?","?","?","E","R","E","T","M","E","R","$","M","R","BOSS","M","?","M","?","M","R","E","$","T","?","E","M","R","?","R","BOSS","R","$","E","BOSS"],"build_version":"2019-01-23","purchased_purges":3,"victory":true,"max_hp_per_floor":[82,82,82,82,82,82,82,82,82,82,82,82,82,82,82,82,82,82,82,82,82,82,82,82,82,82,82,82,82,82,82,82,82,82,82,82,82,82,82,82,82,82,82,82,82,82,82,82,82,82,82,82,82,82,82],"card_choices":[{"not_picked":["Sweeping Beam","Gash"],"picked":"Ball Lightning","floor":1},{"not_picked":["Steam","Heatsinks"],"picked":"Go for the Eyes+1","floor":4},{"not_picked":["Redo","Barrage+1"],"picked":"Capacitor","floor":5},{"not_picked":["Ball Lightning+1","Hello World"],"picked":"Reinforced Body","floor":6},{"not_picked":["Rip and Tear+1","Steam"],"picked":"Self Repair","floor":8},{"not_picked":["Compile Driver+1","Blizzard+1"],"picked":"Glacier","floor":10},{"not_picked":["Stack","White Noise"],"picked":"Streamline+1","floor":11},{"not_picked":["Turbo","Streamline+1"],"picked":"Seek","floor":12},{"not_picked":["Gash+1","Sweeping Beam+1"],"picked":"Lockon+1","floor":13},{"not_picked":["Streamline+1","Turbo"],"picked":"Barrage+1","floor":14},{"not_picked":["Buffer+1","Machine Learning+1"],"picked":"Biased Cognition+1","floor":16},{"not_picked":["Ball Lightning+1","Reinforced Body"],"picked":"Static Discharge+1","floor":18},{"not_picked":["Leap","Sweeping Beam+1"],"picked":"Reinforced Body","floor":21},{"not_picked":["Streamline+1","Barrage+1"],"picked":"Conserve Battery+1","floor":22},{"not_picked":["Conserve Battery","Fusion"],"picked":"Amplify","floor":23},{"not_picked":["Rebound+1","Compile Driver+1"],"picked":"Loop+1","floor":25},{"not_picked":["Barrage+1","Turbo","Reinforced Body"],"picked":"SKIP","floor":27},{"not_picked":["Chaos","Coolheaded"],"picked":"Echo Form+1","floor":28},{"not_picked":["Compile Driver+1","Chill"],"picked":"Turbo+1","floor":31},{"not_picked":["Creative AI+1","Amplify"],"picked":"Seek","floor":33},{"not_picked":["Sweeping Beam+1","Cold Snap+1","Reprogram+1"],"picked":"SKIP","floor":35},{"not_picked":["Leap+1","Redo"],"picked":"Barrage+1","floor":37},{"not_picked":["Static Discharge+1","Leap+1"],"picked":"White Noise+1","floor":38},{"not_picked":["Reinforced Body","Redo","Melter+1"],"picked":"SKIP","floor":39},{"not_picked":["Reprogram","Creative AI+1"],"picked":"Fission","floor":41},{"not_picked":["Hello World+1","Barrage+1","All For One+1"],"picked":"SKIP","floor":45},{"not_picked":["Hello World+1","Barrage+1","All For One+1"],"picked":"SKIP","floor":45},{"not_picked":["Stack+1","Glacier+1","FTL+1"],"picked":"SKIP","floor":46},{"not_picked":["Lockon+1","Glacier","Steam+1"],"picked":"SKIP","floor":48},{"not_picked":["Coolheaded+1","Redo","Go for the Eyes+1"],"picked":"SKIP","floor":54}],"player_experience":135121,"relics_obtained":[{"floor":3,"key":"Molten Egg 2"},{"floor":6,"key":"Cables"},{"floor":8,"key":"Happy Flower"},{"floor":9,"key":"Symbiotic Virus"},{"floor":13,"key":"Frozen Egg 2"},{"floor":23,"key":"Letter Opener"},{"floor":25,"key":"StoneCalendar"},{"floor":28,"key":"Smiling Mask"},{"floor":38,"key":"Thread and Needle"},{"floor":41,"key":"War Paint"},{"floor":43,"key":"Omamori"},{"floor":45,"key":"Orichalcum"},{"floor":54,"key":"Dead Branch"}],"event_choices":[{"cards_removed":["Strike_B"],"damage_healed":0,"gold_gain":0,"player_choice":"Card Removal","damage_taken":7,"max_hp_gain":0,"max_hp_loss":0,"event_name":"Golden Wing","floor":2,"gold_loss":0},{"damage_healed":0,"gold_gain":0,"player_choice":"Copied","damage_taken":0,"max_hp_gain":0,"max_hp_loss":0,"event_name":"Duplicator","floor":20,"gold_loss":0,"cards_obtained":["Glacier"]},{"damage_healed":0,"gold_gain":0,"player_choice":"Ignored","damage_taken":0,"max_hp_gain":0,"max_hp_loss":0,"event_name":"Tomb of Lord Red Mask","floor":36,"gold_loss":0},{"damage_healed":0,"gold_gain":0,"player_choice":"Fight","damage_taken":0,"max_hp_gain":0,"max_hp_loss":0,"event_name":"MindBloom","floor":38,"gold_loss":0},{"cards_removed":["Zap"],"damage_healed":0,"gold_gain":0,"player_choice":"Removed Skill","damage_taken":0,"max_hp_gain":0,"max_hp_loss":0,"event_name":"Falling","floor":44,"gold_loss":0}],"is_beta":false,"boss_relics":[{"not_picked":["Busted Crown","Eternal Feather"],"picked":"Pandora\u0027s Box"},{"not_picked":["Astrolabe","White Beast Statue"],"picked":"Nuclear Battery"}],"items_purged_floors":[19,30,42],"is_endless":false,"potions_floor_spawned":[6,10,11,13,16,18,23,27,28,35,39,48,54],"ascension_level":5}