{"gold_per_floor":[218,235,245,320,12,41,58,58,58,70,70],"floor_reached":11,"playtime":718,"items_purged":[],"score":105,"play_id":"1f8badbb-ae88-4b64-8542-45c06a1a069b","local_time":"20190310150455","is_ascension_mode":true,"campfire_choices":[],"neow_cost":"NONE","seed_source_timestamp":11920558180400,"circlet_count":0,"master_deck":["Strike_R","Strike_R","Strike_R","Strike_R","Strike_R","Defend_R","Defend_R","Defend_R","Defend_R","Bash","Iron Wave","Pummel","Exhume","Barricade","Shrug It Off"],"relics":["Burning Blood","Boot","Shovel","Darkstone Periapt"],"potions_floor_usage":[11,11],"damage_taken":[{"damage":6,"enemies":"Cultist","floor":1,"turns":3},{"damage":6,"enemies":"Jaw Worm","floor":2,"turns":4},{"damage":5,"enemies":"Small Slimes","floor":3,"turns":3},{"damage":30,"enemies":"3 Sentries","floor":6,"turns":10},{"damage":1,"enemies":"2 Fungi Beasts","floor":7,"turns":4},{"damage":11,"enemies":"Blue Slaver","floor":10,"turns":3},{"damage":46,"enemies":"Lagavulin Event","floor":11,"turns":6}],"seed_played":"-3951111995432329689","potions_obtained":[{"floor":2,"key":"EssenceOfSteel"},{"floor":6,"key":"Weak Potion"},{"floor":7,"key":"BloodPotion"}],"is_trial":false,"path_per_floor":["M","M","M","?","$","E","M","$","T","M","?"],"character_chosen":"IRONCLAD","items_purchased":["Boot","Exhume"],"campfire_rested":0,"item_purchase_floors":[5,5],"current_hp_per_floor":[72,72,73,62,62,38,43,43,43,38,0],"gold":70,"neow_bonus":"HUNDRED_GOLD","is_prod":false,"is_daily":false,"chose_seed":false,"campfire_upgraded":0,"win_rate":0,"timestamp":1552244695,"path_taken":["M","M","M","?","$","E","M","?","T","?","?"],"build_version":"2019-01-23","purchased_purges":0,"victory":false,"max_hp_per_floor":[80,80,80,80,80,80,80,80,80,80,80],"card_choices":[{"not_picked":["Thunderclap","Clothesline"],"picked":"Iron Wave","floor":1},{"not_picked":["Twin Strike","Dual Wield"],"picked":"Pummel","floor":2},{"not_picked":["Burning Pact","Twin Strike","Warcry"],"picked":"SKIP","floor":3},{"not_picked":["Intimidate","Havoc","Bloodletting"],"picked":"SKIP","floor":6},{"not_picked":["True Grit","Bloodletting"],"picked":"Barricade","floor":7},{"not_picked":["Rage","Blood for Blood"],"picked":"Shrug It Off","floor":10}],"player_experience":536016,"relics_obtained":[{"floor":6,"key":"Shovel"},{"floor":9,"key":"Darkstone Periapt"}],"event_choices":[{"damage_healed":0,"gold_gain":75,"player_choice":"Gather Gold","damage_taken":11,"max_hp_gain":0,"max_hp_loss":0,"event_name":"World of Goop","floor":4,"gold_loss":0},{"damage_healed":0,"gold_gain":0,"player_choice":"Searched \u00271\u0027 times","damage_taken":0,"max_hp_gain":0,"max_hp_loss":0,"event_name":"Dead Adventurer","floor":11,"gold_loss":0}],"is_beta":false,"boss_relics":[],"items_purged_floors":[],"is_endless":false,"potions_floor_spawned":[2,6,7,10],"killed_by":"Lagavulin Event","ascension_level":8}