{"gold_per_floor":[113,126,142,73,73,102,121,152,152,152,164,194,48,62,62,161,161,179,81,96,109,128,128,163,182,182,182,194,226,245,245],"floor_reached":31,"playtime":1814,"items_purged":["Pain"],"score":291,"play_id":"edd037af-3dff-48fd-893a-0ab1faf1085a","local_time":"20190406034519","is_ascension_mode":false,"campfire_choices":[{"floor":10,"key":"REST"},{"data":"Defragment","floor":15,"key":"SMITH"},{"data":"Fusion","floor":23,"key":"SMITH"},{"floor":27,"key":"REST"}],"neow_cost":"NONE","seed_source_timestamp":12544090747047,"circlet_count":0,"master_deck":["Strike_B","Strike_B","Strike_B","Strike_B","Defend_B+1","Defend_B","Defend_B+1","Defend_B+1","Zap+1","Dualcast","Gash","Ball Lightning+1","Cold Snap","Defragment+1","Sunder","Hologram","Go for the Eyes","FTL","Genetic Algorithm","Melter","All For One","Parasite","Shame","Hologram+1","Beam Cell","Fusion+1","Beam Cell+1","Capacitor+1","Stack","Skim","Cold Snap","Barrage+1","Defragment+1"],"relics":["Cracked Core","Lantern","Ornamental Fan","Gremlin Horn","Odd Mushroom","Orichalcum","Calling Bell","Bag of Marbles","Frozen Egg 2","Torii","War Paint","Pantograph","Boot"],"potions_floor_usage":[12,16,24,24,29,29,30],"damage_taken":[{"damage":1,"enemies":"Cultist","floor":1,"turns":4},{"damage":5,"enemies":"Small Slimes","floor":2,"turns":3},{"damage":11,"enemies":"Jaw Worm","floor":3,"turns":2},{"damage":25,"enemies":"3 Sentries","floor":6,"turns":5},{"damage":3,"enemies":"Red Slaver","floor":7,"turns":2},{"damage":6,"enemies":"Gremlin Nob","floor":8,"turns":3},{"damage":7,"enemies":"3 Louse","floor":11,"turns":2},{"damage":0,"enemies":"The Mushroom Lair","floor":12,"turns":2},{"damage":0,"enemies":"Gremlin Gang","floor":14,"turns":2},{"damage":4,"enemies":"The Guardian","floor":16,"turns":8},{"damage":11,"enemies":"2 Thieves","floor":18,"turns":3},{"damage":12,"enemies":"Spheric Guardian","floor":20,"turns":5},{"damage":7,"enemies":"Shelled Parasite and Fungi","floor":21,"turns":4},{"damage":0,"enemies":"Centurion and Healer","floor":22,"turns":4},{"damage":8,"enemies":"Book of Stabbing","floor":24,"turns":3},{"damage":9,"enemies":"Cultist and Chosen","floor":25,"turns":5},{"damage":6,"enemies":"Shelled Parasite and Fungi","floor":28,"turns":4},{"damage":10,"enemies":"Gremlin Leader","floor":29,"turns":8},{"damage":14,"enemies":"Snecko","floor":30,"turns":5},{"damage":23,"enemies":"Centurion and Healer","floor":31,"turns":2}],"seed_played":"-4224942553705131417","potions_obtained":[{"floor":2,"key":"Energy Potion"},{"floor":8,"key":"PowerPotion"},{"floor":11,"key":"FocusPotion"},{"floor":12,"key":"LiquidBronze"},{"floor":18,"key":"Poison Potion"},{"floor":22,"key":"Swift Potion"},{"floor":25,"key":"Poison Potion"},{"floor":28,"key":"FocusPotion"},{"floor":29,"key":"SkillPotion"}],"is_trial":false,"path_per_floor":["M","M","M","$","?","E","M","E","T","R","M","?","$","M","R","B",null,"M","$","M","M","M","R","E","M","T","R","M","E","M","M"],"character_chosen":"DEFECT","items_purchased":["Defragment","Orichalcum","Beam Cell"],"campfire_rested":2,"item_purchase_floors":[4,13,19],"current_hp_per_floor":[74,69,58,58,43,18,15,9,9,31,24,24,24,24,24,20,75,64,64,52,45,45,45,37,28,28,50,44,34,20,0],"gold":245,"neow_bonus":"UPGRADE_CARD","is_prod":false,"is_daily":false,"chose_seed":false,"campfire_upgraded":2,"win_rate":0,"timestamp":1554536719,"path_taken":["M","M","M","?","?","E","M","E","T","R","M","?","$","M","R","BOSS","M","$","M","M","M","R","E","M","T","R","M","E","M","M"],"build_version":"2019-01-23","purchased_purges":1,"victory":false,"max_hp_per_floor":[75,75,75,75,75,75,75,75,75,75,75,75,75,75,75,75,75,75,75,75,75,75,75,75,75,75,75,75,75,75,75],"card_choices":[{"not_picked":["Aggregate","Hologram"],"picked":"Gash","floor":1},{"not_picked":["Sweeping Beam","Turbo"],"picked":"Ball Lightning","floor":2},{"not_picked":["Blizzard","Aggregate"],"picked":"Cold Snap","floor":3},{"not_picked":["Buffer","Barrage"],"picked":"Sunder","floor":6},{"not_picked":["Barrage","Streamline"],"picked":"Hologram","floor":7},{"not_picked":["Steam Power","Tempest"],"picked":"Go for the Eyes","floor":8},{"not_picked":["Blizzard","Fission"],"picked":"FTL","floor":11},{"not_picked":["Beam Cell","Steam"],"picked":"Genetic Algorithm","floor":12},{"not_picked":["Turbo","Conserve Battery"],"picked":"Melter","floor":14},{"not_picked":["Core Surge","Multi-Cast"],"picked":"All For One","floor":16},{"not_picked":["Blizzard+1","Turbo+1"],"picked":"Hologram+1","floor":18},{"not_picked":["Compile Driver","Chill+1"],"picked":"Fusion","floor":20},{"not_picked":["Barrage","Conserve Battery"],"picked":"Beam Cell+1","floor":21},{"not_picked":["Auto Shields","Barrage"],"picked":"Capacitor+1","floor":22},{"not_picked":["Tempest","Fusion"],"picked":"Stack","floor":24},{"not_picked":["Rip and Tear","Lockon"],"picked":"Skim","floor":25},{"not_picked":["Barrage+1","Hello World+1"],"picked":"Cold Snap","floor":28},{"not_picked":["Doom and Gloom","Reinforced Body"],"picked":"Barrage+1","floor":29},{"not_picked":["Machine Learning+1","Hello World+1"],"picked":"Defragment+1","floor":30}],"player_experience":279678,"relics_obtained":[{"floor":6,"key":"Lantern"},{"floor":8,"key":"Ornamental Fan"},{"floor":9,"key":"Gremlin Horn"},{"floor":12,"key":"Odd Mushroom"},{"floor":17,"key":"Bag of Marbles"},{"floor":17,"key":"Frozen Egg 2"},{"floor":17,"key":"Torii"},{"floor":24,"key":"War Paint"},{"floor":26,"key":"Pantograph"},{"floor":29,"key":"Boot"}],"event_choices":[{"damage_healed":0,"gold_gain":0,"player_choice":"Entered Light","damage_taken":15,"max_hp_gain":0,"max_hp_loss":0,"event_name":"Shining Light","floor":5,"gold_loss":0,"cards_upgraded":["Defend_B","Ball Lightning"]},{"damage_healed":0,"gold_gain":0,"player_choice":"Fought Mushrooms","damage_taken":0,"max_hp_gain":0,"max_hp_loss":0,"event_name":"Mushrooms","floor":12,"gold_loss":0}],"is_beta":false,"boss_relics":[{"not_picked":["Orrery","Astrolabe"],"picked":"Calling Bell"}],"items_purged_floors":[19],"is_endless":false,"potions_floor_spawned":[2,8,11,12,18,22,25,28,29],"killed_by":"Centurion and Healer","ascension_level":0}