{"gold_per_floor":[19,33,49,66,66,66,98,98,98,127,45,60,88,100,100,199,199,218,218,218,236,236,268,282,282,282,298,331,99,99,124,136,246,258,280,292,204,216,228,263,263,279,279,299,299,28,28,58,58,58,58,58,9,36,36],"floor_reached":56,"playtime":4350,"items_purged":["Strike_R","Strike_R","Strike_R"],"score":1664,"play_id":"f2891489-fb66-452d-920a-044e43d290cd","local_time":"20190321195049","is_ascension_mode":true,"campfire_choices":[{"data":"True Grit","floor":6.0,"key":"SMITH"},{"floor":8.0,"key":"REST"},{"data":"Uppercut","floor":15.0,"key":"SMITH"},{"data":"Bash","floor":30.0,"key":"SMITH"},{"floor":32.0,"key":"REST"},{"floor":41.0,"key":"RECALL"},{"floor":49.0,"key":"REST"},{"floor":52.0,"key":"REST"}],"neow_cost":"NO_GOLD","seed_source_timestamp":232732001763777,"circlet_count":0,"master_deck":["Strike_R","Defend_R","Defend_R","Defend_R","Defend_R","Bash+1","Shockwave+1","True Grit+1","Iron Wave","Battle Trance","True Grit+1","Pommel Strike","Flame Barrier+1","Uppercut+1","Double Tap+1","Flame Barrier+1","Reaper","Double Tap+1","Clothesline","Barricade","The Bomb+1","The Bomb+1","Carnage+1"],"special_seed":0,"relics":["Burning Blood","FossilizedHelix","Toxic Egg 2","Shuriken","Omamori","Darkstone Periapt","Snecko Eye","Nilry\u0027s Codex","Mummified Hand","Meat on the Bone","Calipers","Centennial Puzzle","MawBank","Runic Dome","Bronze Scales","Sundial","Juzu Bracelet","Ginger"],"potions_floor_usage":[55],"damage_taken":[{"damage":5.0,"enemies":"Cultist","floor":1.0,"turns":5.0},{"damage":0.0,"enemies":"2 Louse","floor":2.0,"turns":3.0},{"damage":1.0,"enemies":"Jaw Worm","floor":3.0,"turns":4.0},{"damage":9.0,"enemies":"Large Slime","floor":4.0,"turns":7.0},{"damage":25.0,"enemies":"Lagavulin","floor":7.0,"turns":9.0},{"damage":28.0,"enemies":"Gremlin Nob","floor":10.0,"turns":5.0},{"damage":0.0,"enemies":"2 Fungi Beasts","floor":12.0,"turns":5.0},{"damage":0.0,"enemies":"Lagavulin","floor":13.0,"turns":7.0},{"damage":0.0,"enemies":"Looter","floor":14.0,"turns":3.0},{"damage":32.0,"enemies":"Hexaghost","floor":16.0,"turns":9.0},{"damage":0.0,"enemies":"Spheric Guardian","floor":18.0,"turns":3.0},{"damage":0.0,"enemies":"3 Byrds","floor":21.0,"turns":2.0},{"damage":0.0,"enemies":"Gremlin Leader","floor":23.0,"turns":5.0},{"damage":0.0,"enemies":"Snake Plant","floor":24.0,"turns":3.0},{"damage":0.0,"enemies":"Cultist and Chosen","floor":27.0,"turns":5.0},{"damage":6.0,"enemies":"Book of Stabbing","floor":28.0,"turns":4.0},{"damage":55.0,"enemies":"Slavers","floor":31.0,"turns":7.0},{"damage":7.0,"enemies":"Champ","floor":33.0,"turns":8.0},{"damage":0.0,"enemies":"3 Shapes","floor":35.0,"turns":4.0},{"damage":0.0,"enemies":"Orb Walker","floor":38.0,"turns":4.0},{"damage":0.0,"enemies":"Maw","floor":39.0,"turns":7.0},{"damage":8.0,"enemies":"Nemesis","floor":40.0,"turns":9.0},{"damage":0.0,"enemies":"3 Darklings","floor":42.0,"turns":2.0},{"damage":0.0,"enemies":"4 Shapes","floor":44.0,"turns":6.0},{"damage":31.0,"enemies":"Reptomancer","floor":48.0,"turns":6.0},{"damage":89.0,"enemies":"Time Eater","floor":50.0,"turns":10.0},{"damage":39.0,"enemies":"Shield and Spear","floor":54.0,"turns":9.0},{"damage":42,"enemies":"The Heart","floor":55,"turns":6}],"seed_played":"8774194610744591927","potions_obtained":[{"floor":1.0,"key":"GamblersBrew"},{"floor":2.0,"key":"Dexterity Potion"},{"floor":13.0,"key":"LiquidBronze"},{"floor":14.0,"key":"Fire Potion"},{"floor":16.0,"key":"Swift Potion"},{"floor":27.0,"key":"Fire Potion"},{"floor":28.0,"key":"BloodPotion"},{"floor":31.0,"key":"EntropicBrew"}],"is_trial":false,"path_per_floor":["?","?","?","?","?","$","?","M","?","$","?"],"character_chosen":"IRONCLAD","items_purchased":["Inflame","Centennial Puzzle","Barricade","PowerPotion"],"campfire_rested":4,"item_purchase_floors":[11,29,46,53],"current_hp_per_floor":[73,79,80,77,77,77,58,80,80,58,58,64,70,76,76,50,73,79,79,64,70,54,60,66,66,66,72,72,72,72,35,60,71,82,85,85,85,85,85,83,83,85,85,85,85,85,75,60,85,20,69,85,85,62,47],"gold":36,"neow_bonus":"ONE_RARE_RELIC","is_prod":false,"is_daily":false,"chose_seed":false,"campfire_upgraded":3,"win_rate":0,"timestamp":1553223049,"path_taken":["M","M","M","M","?","R","E","R","T","E","$","M","E","M","R","BOSS","M","?","?","M","?","E","M","?","T","M","E","?","R","E","R","BOSS","M","?","$","M","M","E","R","?","T","M","?","?","?","E","R","BOSS","R","$","E","BOSS"],"build_version":"2019-01-23","purchased_purges":3,"victory":true,"max_hp_per_floor":[80,80,80,80,80,80,80,80,80,80,80,80,80,80,80,80,80,80,80,85,85,85,85,85,85,85,85,85,85,85,85,85,85,85,85,85,85,85,85,85,85,85,85,85,85,85,85,85,85,85,85,85,85,85,85],"card_choices":[{"not_picked":["Combust","Clash"],"picked":"Shockwave","floor":1.0},{"not_picked":["Blood for Blood","Anger"],"picked":"True Grit","floor":2.0},{"not_picked":["Armaments","Berserk"],"picked":"Iron Wave","floor":3.0},{"not_picked":["Hemokinesis","Armaments"],"picked":"Battle Trance","floor":4.0},{"not_picked":["Armaments","Warcry"],"picked":"True Grit","floor":7.0},{"not_picked":["Cleave","Anger"],"picked":"Pommel Strike","floor":10.0},{"not_picked":["Headbutt","Body Slam"],"picked":"Flame Barrier+1","floor":12.0},{"not_picked":["Twin Strike","Wild Strike"],"picked":"Uppercut","floor":13.0},{"not_picked":["Hemokinesis","Intimidate+1","Pommel Strike"],"picked":"SKIP","floor":14.0},{"not_picked":["Reaper","Impervious+1"],"picked":"Double Tap+1","floor":16.0},{"not_picked":["Anger","Wild Strike","Flex+1"],"picked":"SKIP","floor":18.0},{"not_picked":["Clothesline","Whirlwind"],"picked":"Flame Barrier+1","floor":21.0},{"not_picked":["Twin Strike","Thunderclap","Body Slam"],"picked":"SKIP","floor":23.0},{"not_picked":["Battle Trance+1","Whirlwind+1","Pommel Strike"],"picked":"SKIP","floor":24.0},{"not_picked":["Shrug It Off+1","Entrench+1","Blood for Blood"],"picked":"SKIP","floor":27.0},{"not_picked":["Perfected Strike","Burning Pact+1","Twin Strike"],"picked":"SKIP","floor":28.0},{"not_picked":["Clash","Second Wind+1"],"picked":"Reaper","floor":31.0},{"not_picked":["Brutality","Offering+1"],"picked":"Double Tap+1","floor":33.0},{"not_picked":["Thunderclap+1","Headbutt+1","Pommel Strike+1"],"picked":"SKIP","floor":35.0},{"not_picked":["True Grit+1","Perfected Strike+1","Blood for Blood"],"picked":"SKIP","floor":38.0},{"not_picked":["Perfected Strike+1","Pummel+1","Warcry+1"],"picked":"SKIP","floor":39.0},{"not_picked":["Armaments+1","Cleave","Seeing Red+1"],"picked":"SKIP","floor":40.0},{"not_picked":["Iron Wave+1","Bloodletting+1"],"picked":"Clothesline","floor":42.0},{"not_picked":["Twin Strike+1","Sword Boomerang+1","Reckless Charge"],"picked":"SKIP","floor":44.0},{"not_picked":["Twin Strike+1","Sword Boomerang+1","Reckless Charge"],"picked":"SKIP","floor":44.0},{"not_picked":["Master of Strategy+1","Deep Breath+1"],"picked":"The Bomb+1","floor":47.0},{"not_picked":["Mind Blast","Secret Technique+1"],"picked":"The Bomb+1","floor":47.0},{"not_picked":["Thunderclap","True Grit+1","Iron Wave+1"],"picked":"SKIP","floor":48.0},{"not_picked":["Evolve","Shrug It Off+1"],"picked":"Carnage+1","floor":54.0}],"player_experience":97167,"relics_obtained":[{"floor":7.0,"key":"Toxic Egg 2"},{"floor":9.0,"key":"Shuriken"},{"floor":10.0,"key":"Omamori"},{"floor":13.0,"key":"Darkstone Periapt"},{"floor":22.0,"key":"Nilry\u0027s Codex"},{"floor":23.0,"key":"Mummified Hand"},{"floor":28.0,"key":"Calipers"},{"floor":31.0,"key":"MawBank"},{"floor":40.0,"key":"Bronze Scales"},{"floor":43.0,"key":"Sundial"},{"floor":48.0,"key":"Juzu Bracelet"},{"floor":54.0,"key":"Ginger"}],"event_choices":[{"damage_healed":0.0,"max_hp_gain":0.0,"max_hp_loss":0.0,"gold_gain":0.0,"event_name":"Living Wall","player_choice":"Grow","floor":5.0,"gold_loss":0.0,"damage_taken":0.0,"cards_upgraded":["Shockwave"]},{"cards_removed":["Strike_R"],"damage_healed":0.0,"max_hp_gain":0.0,"max_hp_loss":0.0,"gold_gain":0.0,"event_name":"Back to Basics","player_choice":"Elegance","floor":19.0,"gold_loss":0.0,"damage_taken":0.0},{"damage_healed":0.0,"max_hp_gain":5.0,"max_hp_loss":0.0,"gold_gain":0.0,"event_name":"Forgotten Altar","player_choice":"Shed Blood","floor":20.0,"gold_loss":0.0,"damage_taken":20.0},{"damage_healed":0.0,"max_hp_gain":0.0,"max_hp_loss":0.0,"gold_gain":0.0,"event_name":"Cursed Tome","player_choice":"Obtained Book","floor":22.0,"gold_loss":0.0,"damage_taken":16.0},{"damage_healed":0.0,"max_hp_gain":0.0,"max_hp_loss":0.0,"gold_gain":0.0,"event_name":"The Mausoleum","player_choice":"Opened","floor":25.0,"gold_loss":0.0,"damage_taken":0.0,"relics_obtained":["Meat on the Bone"]},{"damage_healed":0.0,"max_hp_gain":0.0,"max_hp_loss":0.0,"gold_gain":0.0,"event_name":"Wheel of Change","player_choice":"Cursed","floor":36.0,"gold_loss":0.0,"damage_taken":0.0,"cards_obtained":["Decay"]},{"cards_removed":["Inflame"],"damage_healed":0.0,"max_hp_gain":0.0,"max_hp_loss":0.0,"gold_gain":0.0,"event_name":"Falling","player_choice":"Removed Power","floor":45.0,"gold_loss":0.0,"damage_taken":0.0},{"damage_healed":0.0,"max_hp_gain":0.0,"max_hp_loss":0.0,"gold_gain":0.0,"event_name":"SensoryStone","player_choice":"Memory 3","floor":47.0,"gold_loss":0.0,"damage_taken":10.0}],"is_beta":false,"boss_relics":[{"not_picked":["Lizard Tail","Tiny House"],"picked":"Snecko Eye"},{"not_picked":["Black Blood","Astrolabe"],"picked":"Runic Dome"}],"items_purged_floors":[29,37,46],"is_endless":false,"potions_floor_spawned":[1,2,13,14,16,27,28,31,33,38,39,44],"ascension_level":8}