{"gold_per_floor":[110,55,70,31,50,83,102,130,430,430,430,461,471,497,497,497],"floor_reached":16,"playtime":1281,"items_purged":[],"score":247,"play_id":"6ac1ea37-6722-41b8-ac6e-d2e80a66e923","local_time":"20190421185409","is_ascension_mode":true,"campfire_choices":[{"data":"Clothesline","floor":10,"key":"SMITH"},{"floor":15,"key":"REST"}],"neow_cost":"NONE","seed_source_timestamp":332986728276507,"circlet_count":0,"master_deck":["AscendersBane","Strike_R","Strike_R","Strike_R","Strike_R","Strike_R","Defend_R","Defend_R","Defend_R","Defend_R","Bash","Perfected Strike","Inflame","Combust","Headbutt","Shrug It Off","Clothesline+1","Corruption"],"relics":["Burning Blood","Mango","Odd Mushroom","Old Coin","Bottled Flame","Question Card"],"potions_floor_usage":[6,8,16],"damage_taken":[{"damage":7,"enemies":"Cultist","floor":1,"turns":4},{"damage":3,"enemies":"2 Louse","floor":3,"turns":3},{"damage":14,"enemies":"Jaw Worm","floor":5,"turns":4},{"damage":32,"enemies":"Lagavulin","floor":6,"turns":6},{"damage":6,"enemies":"Exordium Wildlife","floor":7,"turns":3},{"damage":15,"enemies":"The Mushroom Lair","floor":8,"turns":3},{"damage":30,"enemies":"Gremlin Nob","floor":12,"turns":5},{"damage":14,"enemies":"2 Fungi Beasts","floor":13,"turns":4},{"damage":29,"enemies":"Lagavulin","floor":14,"turns":6},{"damage":53,"enemies":"The Guardian","floor":16,"turns":9}],"seed_played":"-8107952388858710720","potions_obtained":[{"floor":6,"key":"AttackPotion"},{"floor":7,"key":"Swift Potion"},{"floor":13,"key":"Strength Potion"}],"is_trial":false,"path_per_floor":["$","?","?"],"character_chosen":"IRONCLAD","items_purchased":["AttackPotion","Combust"],"campfire_rested":1,"item_purchase_floors":[2,4],"current_hp_per_floor":[74,74,77,77,69,57,57,48,48,48,80,56,48,25,53,0],"gold":497,"neow_bonus":"TEN_PERCENT_HP_BONUS","is_prod":false,"is_daily":false,"chose_seed":false,"campfire_upgraded":1,"win_rate":0,"timestamp":1555869249,"path_taken":["M","$","M","?","M","E","M","?","T","R","?","E","M","E","R","BOSS"],"build_version":"2019-01-23","purchased_purges":0,"victory":false,"max_hp_per_floor":[82,82,82,82,82,96,96,96,96,96,96,96,96,96,96,96],"card_choices":[{"not_picked":["Warcry","Pommel Strike"],"picked":"Perfected Strike","floor":1},{"not_picked":["Sword Boomerang","Clothesline"],"picked":"Inflame","floor":3},{"not_picked":["Dark Embrace","Armaments"],"picked":"Headbutt","floor":5},{"not_picked":["Carnage","Body Slam"],"picked":"Shrug It Off","floor":6},{"not_picked":["Rampage","Pummel"],"picked":"Clothesline","floor":7},{"not_picked":["Pummel","Anger"],"picked":"Corruption","floor":8},{"not_picked":["Infernal Blade","Clash","Cleave"],"picked":"SKIP","floor":12},{"not_picked":["Sword Boomerang","Wild Strike","Flex"],"picked":"SKIP","floor":13},{"not_picked":["Pommel Strike","Body Slam","Entrench"],"picked":"SKIP","floor":14}],"player_experience":674916,"relics_obtained":[{"floor":6,"key":"Mango"},{"floor":8,"key":"Odd Mushroom"},{"floor":9,"key":"Old Coin"},{"floor":12,"key":"Bottled Flame"},{"floor":14,"key":"Question Card"}],"event_choices":[{"damage_healed":0,"gold_gain":0,"player_choice":"Fought Mushrooms","damage_taken":0,"max_hp_gain":0,"max_hp_loss":0,"event_name":"Mushrooms","floor":8,"gold_loss":0},{"damage_healed":32,"gold_gain":0,"player_choice":"Banana","damage_taken":0,"max_hp_gain":0,"max_hp_loss":0,"event_name":"Big Fish","floor":11,"gold_loss":0}],"is_beta":false,"boss_relics":[],"items_purged_floors":[],"is_endless":false,"potions_floor_spawned":[6,7,13,14],"killed_by":"The Guardian","ascension_level":17}