{"path_per_floor":["M","M","M","?","M","R","M","?","T","R","M","R","M","?","R","B",null,"M","M","?","M","M","R"],"character_chosen":"IRONCLAD","items_purchased":[],"gold_per_floor":[112,122,133,133,148,148,169,169,194,194,210,210,224,224,224,344,344,344,344,344,344,344,344],"floor_reached":24,"campfire_rested":2,"playtime":853,"current_hp_per_floor":[78,73,73,53,40,64,65,58,58,58,64,64,68,68,80,10,80,78,74,74,71,59,59],"items_purged":[],"gold":344,"score":192,"play_id":"ffdd6407-2630-47b0-a9a5-468e37ecd6dd","local_time":"20180307204302","is_prod":false,"is_daily":false,"is_ascension_mode":false,"campfire_upgraded":3,"timestamp":1520473382,"path_taken":["M","M","M","?","M","R","?","?","T","R","M","R","?","?","R","BOSS","M","M","?","M","M","R","E"],"build_version":"2018-03-01-PROD1","purchased_purges":0,"victory":false,"master_deck":["Strike_R","Strike_R","Strike_R","Strike_R","Strike_R","Defend_R","Defend_R","Defend_R","Defend_R","Entrench","Body Slam+1","Pommel Strike","Perfected Strike+1","Flame Barrier","Headbutt","Immolate","Entrench+1","Spot Weakness+1","Flex"],"max_hp_per_floor":[80,80,80,80,80,80,80,80,80,80,80,80,80,80,80,80,80,80,80,80,80,80,80],"relics":["Burning Blood","Golden Idol","Oddly Smooth Stone","Ectoplasm"],"card_choices":[{"not_picked":["Juggernaut","Shrug It Off"],"picked":"Entrench"},{"not_picked":["Wild Strike","Battle Trance"],"picked":"Body Slam"},{"not_picked":["Disarm","Iron Wave"],"picked":"Pommel Strike"},{"not_picked":["Armaments","Iron Wave"],"picked":"Perfected Strike"},{"not_picked":["Metallicize","Thunderclap"],"picked":"Flame Barrier"},{"not_picked":["Burning Pact","Perfected Strike"],"picked":"Headbutt"},{"not_picked":["Exhume","Dark Embrace"],"picked":"Immolate"},{"not_picked":["Wild Strike","Twin Strike"],"picked":"Entrench"},{"not_picked":["Entrench","Iron Wave"],"picked":"Spot Weakness"},{"not_picked":["Clash","Headbutt"],"picked":"Flex"}],"player_experience":150262,"potions_floor_usage":[5,16,16,16,24],"damage_taken":[{"damage":8,"enemies":"Small Slimes","floor":1,"turns":3},{"damage":11,"enemies":"2 Louse","floor":2,"turns":4},{"damage":6,"enemies":"Jaw Worm","floor":3,"turns":4},{"damage":19,"enemies":"Lots of Slimes","floor":5,"turns":7},{"damage":5,"enemies":"Large Slime","floor":7,"turns":8},{"damage":0,"enemies":"Looter","floor":11,"turns":2},{"damage":2,"enemies":"2 Fungi Beasts","floor":13,"turns":4},{"damage":76,"enemies":"Hexaghost","floor":16,"turns":11},{"damage":8,"enemies":"3 Byrds","floor":18,"turns":6},{"damage":10,"enemies":"Chosen","floor":19,"turns":5},{"damage":9,"enemies":"Snecko","floor":21,"turns":5},{"damage":18,"enemies":"Snake Plant","floor":22,"turns":6},{"damage":63,"enemies":"Slavers","floor":24,"turns":4}],"event_choices":[{"event_name":"Golden Idol","player_choice":"Take Damage","floor":4,"damage_taken":0},{"event_name":"Golden Wing","player_choice":"Card Removal","floor":8,"damage_taken":0},{"event_name":"The Lab","player_choice":"Got Potions","floor":14,"damage_taken":0},{"event_name":"Match and Keep!","player_choice":"0 cards matched","floor":20,"damage_taken":0}],"boss_relics":[{"not_picked":["Philosopher\u0027s Stone","White Beast Statue"],"picked":"Ectoplasm"}],"potions_floor_spawned":[1,3,16,18,19],"seed_played":"7962367892569653907","killed_by":"Slavers","ascension_level":0,"is_trial":false}