{"gold_per_floor":[213,16,29,39,56,56,91,108,131,131,143,173,173,29,29,29],"floor_reached":16,"playtime":2117,"items_purged":[],"score":162,"play_id":"9bf4d306-8d99-42f6-b8ef-284aa934a746","local_time":"20190330224246","is_ascension_mode":true,"campfire_choices":[{"data":"Bash","floor":6,"key":"SMITH"},{"floor":10,"key":"REST"},{"data":"Iron Wave","floor":15,"key":"SMITH"}],"neow_cost":"NONE","seed_source_timestamp":114399509659172,"circlet_count":0,"master_deck":["Strike_R","Strike_R","Strike_R","Strike_R","Defend_R","Defend_R","Defend_R","Defend_R","Bash+1","Wild Strike","Pommel Strike","Iron Wave+1","Armaments","Juggernaut","Corruption","Reckless Charge","Shrug It Off"],"relics":["Burning Blood","Strawberry","Pen Nib","Regal Pillow","Centennial Puzzle","Orichalcum"],"potions_floor_usage":[5,8],"damage_taken":[{"damage":2,"enemies":"2 Louse","floor":1,"turns":3},{"damage":0,"enemies":"Cultist","floor":3,"turns":4},{"damage":0,"enemies":"Small Slimes","floor":4,"turns":3},{"damage":10,"enemies":"Exordium Thugs","floor":5,"turns":5},{"damage":58,"enemies":"3 Sentries","floor":7,"turns":10},{"damage":13,"enemies":"Lots of Slimes","floor":8,"turns":5},{"damage":9,"enemies":"Red Slaver","floor":11,"turns":3},{"damage":27,"enemies":"Lagavulin","floor":12,"turns":7},{"damage":43,"enemies":"Hexaghost","floor":16,"turns":9}],"seed_played":"6108706272889518340","potions_obtained":[{"floor":4,"key":"Block Potion"},{"floor":7,"key":"Block Potion"}],"is_trial":false,"path_per_floor":["?","$"],"character_chosen":"IRONCLAD","items_purchased":["Strawberry","Pommel Strike","Orichalcum"],"campfire_rested":1,"item_purchase_floors":[2,2,14],"current_hp_per_floor":[76,83,87,87,83,83,31,24,24,65,62,41,41,41,41,0],"gold":29,"neow_bonus":"HUNDRED_GOLD","is_prod":false,"is_daily":false,"chose_seed":false,"campfire_upgraded":2,"win_rate":0,"timestamp":1553985766,"path_taken":["M","$","M","M","M","R","E","M","T","R","M","E","?","?","R","BOSS"],"build_version":"2019-01-23","purchased_purges":0,"victory":false,"max_hp_per_floor":[80,87,87,87,87,87,87,87,87,87,87,87,87,87,87,87],"card_choices":[{"not_picked":["Iron Wave","Ghostly Armor"],"picked":"Wild Strike","floor":1},{"not_picked":["Flex","Burning Pact"],"picked":"Iron Wave","floor":3},{"not_picked":["Heavy Blade","Evolve","Sentinel"],"picked":"SKIP","floor":4},{"not_picked":["Hemokinesis","Sword Boomerang"],"picked":"Armaments","floor":5},{"not_picked":["Perfected Strike","Feel No Pain"],"picked":"Juggernaut","floor":7},{"not_picked":["Havoc","Feel No Pain"],"picked":"Corruption","floor":8},{"not_picked":["Rupture","Cleave"],"picked":"Reckless Charge","floor":11},{"not_picked":["Sword Boomerang","Perfected Strike"],"picked":"Shrug It Off","floor":12}],"player_experience":397867,"relics_obtained":[{"floor":7,"key":"Pen Nib"},{"floor":9,"key":"Regal Pillow"},{"floor":12,"key":"Centennial Puzzle"}],"event_choices":[{"cards_removed":["Strike_R"],"damage_healed":0,"gold_gain":0,"player_choice":"Offered Basic","damage_taken":0,"max_hp_gain":0,"max_hp_loss":0,"event_name":"Bonfire Elementals","floor":13,"gold_loss":0}],"is_beta":false,"boss_relics":[],"items_purged_floors":[],"is_endless":false,"potions_floor_spawned":[4,7],"killed_by":"Hexaghost","ascension_level":9}