{"gold_per_floor":[111,111,36,55,205,230,249,249,249,262,262],"floor_reached":11,"playtime":227,"items_purged":["Strike_B"],"score":196,"play_id":"a4e2ddba-ce9e-48df-a209-16a91b9ab0f9","local_time":"20190424010755","is_ascension_mode":true,"campfire_choices":[{"data":"Chaos","floor":8,"key":"SMITH"}],"neow_cost":"NONE","seed_source_timestamp":37801357824813,"circlet_count":0,"master_deck":["AscendersBane","Strike_B","Strike_B","Strike_B","Defend_B","Defend_B","Defend_B","Defend_B","Zap","Dualcast","Coolheaded","Doubt","Chaos+1","Cold Snap","Echo Form"],"relics":["Cracked Core","NeowsBlessing","Blue Candle","Omamori","The Courier"],"potions_floor_usage":[],"damage_taken":[{"damage":0,"enemies":"2 Louse","floor":1,"turns":1},{"damage":0,"enemies":"Cultist","floor":4,"turns":1},{"damage":0,"enemies":"3 Sentries","floor":6,"turns":2},{"damage":5,"enemies":"Small Slimes","floor":7,"turns":4},{"damage":23,"enemies":"Exordium Thugs","floor":10,"turns":5},{"damage":37,"enemies":"Gremlin Nob","floor":11,"turns":3}],"seed_played":"-3970197983339578465","potions_obtained":[{"floor":7,"key":"LiquidBronze"}],"is_trial":false,"path_per_floor":["M","?","$","M","?","E","M","R","T","M","E"],"character_chosen":"DEFECT","items_purchased":[],"campfire_rested":0,"item_purchase_floors":[],"current_hp_per_floor":[64,64,64,64,64,64,59,59,59,36,0],"gold":262,"neow_bonus":"THREE_ENEMY_KILL","is_prod":false,"is_daily":false,"chose_seed":false,"campfire_upgraded":1,"win_rate":0,"timestamp":1556060875,"path_taken":["M","?","$","?","?","E","M","R","T","M","E"],"build_version":"2019-04-21","purchased_purges":1,"victory":false,"max_hp_per_floor":[71,71,71,71,71,71,71,71,71,71,71],"card_choices":[{"not_picked":["Compile Driver","Double Energy"],"picked":"Sweeping Beam","floor":1},{"not_picked":["Gash","Steam"],"picked":"Coolheaded","floor":4},{"not_picked":["Barrage","Skim"],"picked":"Chaos","floor":6},{"not_picked":["Ball Lightning","Beam Cell"],"picked":"Cold Snap","floor":7},{"not_picked":["Recycle","Coolheaded"],"picked":"Echo Form","floor":10}],"player_experience":1201591,"relics_obtained":[{"floor":6,"key":"Omamori"},{"floor":9,"key":"The Courier"}],"event_choices":[{"cards_removed":["Sweeping Beam"],"damage_healed":0,"gold_gain":0,"player_choice":"Gave Card","damage_taken":0,"relics_obtained":["Blue Candle"],"max_hp_gain":0,"max_hp_loss":0,"event_name":"WeMeetAgain","floor":2,"gold_loss":0},{"damage_healed":0,"gold_gain":150,"player_choice":"AGREE","damage_taken":0,"max_hp_gain":0,"max_hp_loss":0,"event_name":"Liars Game","floor":5,"gold_loss":0,"cards_obtained":["Doubt"]}],"is_beta":true,"boss_relics":[],"items_purged_floors":[3],"is_endless":false,"potions_floor_spawned":[7],"killed_by":"Gremlin Nob","ascension_level":20}