{"path_per_floor":["M","?","M","M","M","R","$","R","T","R","M","M","M","?","R","B",null,"M","?","M","?","M","R","E","R","T","?","M","M","M","M","R"],"character_chosen":"IRONCLAD","items_purchased":["Flex","Enlightenment"],"gold_per_floor":[214,214,233,250,268,268,28,28,28,28,46,56,67,17,17,120,120,133,133,151,151,167,167,201,201,201,126,140,158,175,191,191],"floor_reached":33,"campfire_rested":0,"playtime":1039,"current_hp_per_floor":[80,64,59,64,51,51,51,51,51,51,57,63,69,69,69,24,80,77,77,80,80,72,72,43,43,43,43,49,55,61,55,55],"items_purged":[],"gold":191,"score":263,"play_id":"bc111cab-1817-405c-95ba-bd47542cbb4d","is_prod":false,"is_daily":false,"is_ascension_mode":false,"campfire_upgraded":7,"path_taken":["M","?","M","M","M","R","?","R","T","R","M","M","M","?","R","BOSS","M","?","M","?","M","R","E","R","T","?","M","M","?","M","R","BOSS"],"build_version":"2018-02-15-PROD1","purchased_purges":0,"victory":false,"master_deck":["Strike_R+1","Strike_R+1","Defend_R+1","Defend_R+1","Defend_R+1","Defend_R+1","Bash","Cleave+1","Heavy Blade","Whirlwind+1","Shockwave","Flex+1","Enlightenment+1","Warcry","Flex+1","Bludgeon+1","Headbutt+1","Limit Break+1","Seeing Red+1","Twin Strike+1","Headbutt"],"max_hp_per_floor":[80,80,80,80,80,80,80,80,80,80,80,80,80,80,80,80,80,80,80,80,80,80,80,80,80,80,80,80,80,80,80,80],"relics":["Burning Blood","Lantern","Velvet Choker","Oddly Smooth Stone","Bottled Lightning"],"card_choices":[{"not_picked":["Clothesline","Anger"],"picked":"Cleave"},{"not_picked":["Fire Breathing","Clash"],"picked":"Heavy Blade"},{"not_picked":["Dual Wield","Rage"],"picked":"Whirlwind"},{"not_picked":["Anger","Perfected Strike"],"picked":"Shockwave"},{"not_picked":["Pommel Strike","Demon Form"],"picked":"Warcry"},{"not_picked":["Rupture","Anger"],"picked":"Flex"},{"not_picked":["Warcry","Iron Wave"],"picked":"Bludgeon"},{"not_picked":["Heavy Blade","Seeing Red"],"picked":"Headbutt"},{"not_picked":["Burning Pact","Disarm"],"picked":"Limit Break"},{"not_picked":["Whirlwind","Power Through"],"picked":"Seeing Red"},{"not_picked":["Clothesline","Searing Blow"],"picked":"Twin Strike"},{"not_picked":["Rage","Perfected Strike"],"picked":"Headbutt"}],"player_experience":116536,"potions_floor_usage":[16,16,29,31,33,33],"damage_taken":[{"damage":0,"enemies":"Small Slimes","floor":1,"turns":3},{"damage":11,"enemies":"Jaw Worm","floor":3,"turns":2},{"damage":1,"enemies":"Cultist","floor":4,"turns":3},{"damage":19,"enemies":"Blue Slaver","floor":5,"turns":3},{"damage":0,"enemies":"Exordium Wildlife","floor":11,"turns":1},{"damage":0,"enemies":"Large Slime","floor":12,"turns":4},{"damage":0,"enemies":"Red Slaver","floor":13,"turns":1},{"damage":51,"enemies":"The Guardian","floor":16,"turns":9},{"damage":9,"enemies":"3 Byrds","floor":18,"turns":4},{"damage":0,"enemies":"Chosen","floor":20,"turns":2},{"damage":14,"enemies":"Slaver and Parasite","floor":22,"turns":3},{"damage":35,"enemies":"Book of Stabbing","floor":24,"turns":4},{"damage":0,"enemies":"Snake Plant","floor":28,"turns":2},{"damage":0,"enemies":"3 Cultists","floor":29,"turns":2},{"damage":0,"enemies":"Sentry and Sphere","floor":30,"turns":1},{"damage":12,"enemies":"Centurion and Healer","floor":31,"turns":4},{"damage":78,"enemies":"Collector","floor":33,"turns":7}],"event_choices":[{"event_name":"Shining Light","player_choice":"Entered Light","floor":2,"damage_taken":0},{"event_name":"The Cleric","player_choice":"Card Removal","floor":14,"damage_taken":0},{"event_name":"Bonfire Elementals","player_choice":"BASIC","floor":19,"damage_taken":0},{"event_name":"Back to Basics","player_choice":"Simplicity","floor":21,"damage_taken":0},{"event_name":"Beggar","player_choice":"Gave Gold","floor":27,"damage_taken":0}],"boss_relics":[{"not_picked":["Orrery","Sozu"],"picked":"Velvet Choker"}],"potions_floor_spawned":[4,11,12,28,29,30,31],"seed_played":"-905864473310026020","killed_by":"Collector","ascension_level":0,"is_trial":false}