{"gold_per_floor":[111,111,111,126,137,137,169,169,169,26,61,91,91,191,191,263,263,282,69,89,89,101,127,140,168,168,23,37,37,7,25,25,99,99,109,0,13,13,13],"floor_reached":39,"playtime":4493,"items_purged":["Strike_G"],"score":811,"play_id":"11d462fc-2c3a-49cc-ad8a-55a71a7f23ae","local_time":"20190422003757","is_ascension_mode":true,"campfire_choices":[{"data":"Neutralize","floor":6,"key":"SMITH"},{"floor":8,"key":"REST"},{"data":"Cloak And Dagger","floor":15,"key":"SMITH"},{"floor":32,"key":"REST"}],"neow_cost":"NONE","seed_source_timestamp":350403095492452,"circlet_count":0,"master_deck":["AscendersBane","Defend_G","Defend_G","Defend_G","Defend_G","Defend_G","Strike_G+1","Strike_G","Strike_G","Strike_G","Survivor","Neutralize+1","Sucker Punch+1","All Out Attack","Dash","Leg Sweep","Cloak And Dagger+1","Caltrops","Backflip","Adrenaline","Slice","Purity","Dagger Spray","Choke","Envenom","Noxious Fumes","Poisoned Stab","Calculated Gamble","Dodge and Roll","Bullet Time","Catalyst","PiercingWail"],"relics":["Ring of the Snake","Kunai","Ninja Scroll","Happy Flower","Odd Mushroom","Nunchaku","Runic Pyramid","Smiling Mask","The Courier","Meat on the Bone","Bronze Scales","Philosopher\u0027s Stone","Red Mask"],"potions_floor_usage":[11,16,25,33],"damage_taken":[{"damage":4,"enemies":"Jaw Worm","floor":1,"turns":8},{"damage":0,"enemies":"2 Louse","floor":4,"turns":3},{"damage":0,"enemies":"Small Slimes","floor":5,"turns":2},{"damage":24,"enemies":"Gremlin Nob","floor":7,"turns":5},{"damage":5,"enemies":"Lagavulin","floor":11,"turns":8},{"damage":3,"enemies":"The Mushroom Lair","floor":12,"turns":4},{"damage":0,"enemies":"Hexaghost","floor":16,"turns":12},{"damage":1,"enemies":"2 Thieves","floor":18,"turns":5},{"damage":0,"enemies":"Shell Parasite","floor":20,"turns":6},{"damage":3,"enemies":"Chosen and Byrds","floor":22,"turns":8},{"damage":24,"enemies":"Gremlin Leader","floor":23,"turns":10},{"damage":0,"enemies":"Centurion and Healer","floor":24,"turns":7},{"damage":12,"enemies":"Book of Stabbing","floor":25,"turns":5},{"damage":13,"enemies":"Snake Plant","floor":28,"turns":4},{"damage":12,"enemies":"Colosseum Slavers","floor":29,"turns":3},{"damage":0,"enemies":"Snecko","floor":31,"turns":5},{"damage":34,"enemies":"Champ","floor":33,"turns":15},{"damage":51,"enemies":"3 Darklings","floor":35,"turns":5},{"damage":0,"enemies":"3 Shapes","floor":37,"turns":3},{"damage":36,"enemies":"Transient","floor":39,"turns":5}],"seed_played":"374033205178999151","potions_obtained":[{"floor":7,"key":"Block Potion"},{"floor":11,"key":"EssenceOfSteel"},{"floor":12,"key":"Block Potion"},{"floor":20,"key":"AttackPotion"},{"floor":22,"key":"Dexterity Potion"},{"floor":33,"key":"Ancient Potion"},{"floor":35,"key":"Weak Potion"},{"floor":37,"key":"Strength Potion"}],"is_trial":false,"path_per_floor":["?","?","?","?","?","$","?","M","?","?","?"],"character_chosen":"THE_SILENT","items_purchased":["Cloak And Dagger","PowerPotion","Caltrops","Purity","Swift Potion","Noxious Fumes","Bronze Scales","Calculated Gamble"],"campfire_rested":2,"item_purchase_floors":[10,10,10,19,19,27,27,30],"current_hp_per_floor":[61,61,47,47,47,47,23,44,44,44,39,36,29,29,29,29,61,60,60,60,60,57,33,33,21,21,21,20,20,20,32,53,31,62,23,23,35,35,0],"gold":13,"neow_bonus":"TEN_PERCENT_HP_BONUS","is_prod":false,"is_daily":false,"chose_seed":false,"campfire_upgraded":2,"win_rate":0,"timestamp":1555889877,"path_taken":["M","?","?","M","M","R","E","R","T","$","E","?","?","?","R","BOSS","M","?","M","?","M","E","M","E","T","$","?","?","$","M","R","BOSS","M","?","M","?","M"],"build_version":"2019-01-23","purchased_purges":1,"victory":false,"max_hp_per_floor":[72,72,72,72,72,72,72,72,72,72,72,72,72,72,72,72,72,72,72,72,72,72,72,72,72,72,72,72,72,72,72,72,72,72,72,72,72,72,72],"card_choices":[{"not_picked":["Deadly Poison","Bane"],"picked":"Sucker Punch","floor":1},{"not_picked":["Deflect","Backflip"],"picked":"All Out Attack","floor":4},{"not_picked":["Acrobatics","Dagger Spray"],"picked":"Dash","floor":5},{"not_picked":["Dodge and Roll","Masterful Stab"],"picked":"Leg Sweep","floor":7},{"not_picked":["Phantasmal Killer","Bouncing Flask","Acrobatics"],"picked":"SKIP","floor":11},{"not_picked":["Underhanded Strike","Bane"],"picked":"Backflip","floor":12},{"not_picked":["Burst","Unload"],"picked":"Adrenaline","floor":16},{"not_picked":["Leg Sweep","Blade Dance"],"picked":"Slice","floor":18},{"not_picked":["Heel Hook","Leg Sweep","Quick Slash"],"picked":"SKIP","floor":20},{"not_picked":["Underhanded Strike","Acrobatics"],"picked":"Dagger Spray","floor":22},{"not_picked":["Concentrate","Deadly Poison"],"picked":"Choke","floor":23},{"not_picked":["Quick Slash","Outmaneuver+1"],"picked":"Envenom","floor":24},{"not_picked":["Tactician","Cloak And Dagger","Catalyst"],"picked":"SKIP","floor":25},{"not_picked":["Bane","Skewer"],"picked":"Poisoned Stab","floor":28},{"not_picked":["Outmaneuver+1","Heel Hook"],"picked":"Dodge and Roll","floor":31},{"not_picked":["Venomology","Unload"],"picked":"Bullet Time","floor":33},{"not_picked":["Outmaneuver","Leg Sweep"],"picked":"Catalyst","floor":35},{"not_picked":["Endless Agony","Reflex"],"picked":"PiercingWail","floor":37}],"player_experience":692073,"relics_obtained":[{"floor":7,"key":"Kunai"},{"floor":9,"key":"Ninja Scroll"},{"floor":11,"key":"Happy Flower"},{"floor":12,"key":"Odd Mushroom"},{"floor":23,"key":"Smiling Mask"},{"floor":25,"key":"The Courier"},{"floor":26,"key":"Meat on the Bone"}],"event_choices":[{"damage_healed":0,"gold_gain":0,"player_choice":"Ignored","damage_taken":0,"max_hp_gain":0,"max_hp_loss":0,"event_name":"Golden Wing","floor":2,"gold_loss":0},{"damage_healed":0,"gold_gain":0,"player_choice":"Entered Light","damage_taken":14,"max_hp_gain":0,"max_hp_loss":0,"event_name":"Shining Light","floor":3,"gold_loss":0,"cards_upgraded":["Sucker Punch","Strike_G"]},{"damage_healed":0,"gold_gain":0,"player_choice":"Fought Mushrooms","damage_taken":0,"max_hp_gain":0,"max_hp_loss":0,"event_name":"Mushrooms","floor":12,"gold_loss":0},{"damage_healed":0,"gold_gain":0,"player_choice":"Success","damage_taken":7,"relics_obtained":["Nunchaku"],"max_hp_gain":0,"max_hp_loss":0,"event_name":"Scrap Ooze","floor":13,"gold_loss":0},{"damage_healed":0,"gold_gain":100,"player_choice":"Pray","damage_taken":0,"max_hp_gain":0,"max_hp_loss":0,"event_name":"Golden Shrine","floor":14,"gold_loss":0},{"damage_healed":0,"gold_gain":0,"player_choice":"Bought 0 Potions","damage_taken":0,"max_hp_gain":0,"max_hp_loss":0,"event_name":"The Woman in Blue","floor":21,"gold_loss":0},{"damage_healed":0,"gold_gain":0,"player_choice":"Fight","damage_taken":0,"max_hp_gain":0,"max_hp_loss":0,"event_name":"Colosseum","floor":29,"gold_loss":0},{"damage_healed":0,"gold_gain":0,"player_choice":"Fled From Nobs","damage_taken":0,"max_hp_gain":0,"max_hp_loss":0,"event_name":"Colosseum","floor":29,"gold_loss":0},{"damage_healed":0,"gold_gain":0,"player_choice":"Paid","damage_taken":0,"relics_obtained":["Red Mask"],"max_hp_gain":0,"max_hp_loss":0,"event_name":"Tomb of Lord Red Mask","floor":36,"gold_loss":109},{"damage_healed":0,"gold_gain":0,"player_choice":"Ignored","damage_taken":0,"max_hp_gain":0,"max_hp_loss":0,"event_name":"Mysterious Sphere","floor":38,"gold_loss":0}],"is_beta":false,"boss_relics":[{"not_picked":["HoveringKite","Orrery"],"picked":"Runic Pyramid"},{"not_picked":["Velvet Choker","Eternal Feather"],"picked":"Philosopher\u0027s Stone"}],"items_purged_floors":[19],"is_endless":false,"potions_floor_spawned":[7,11,12,20,22,23,24,33,35,37],"killed_by":"Transient","ascension_level":14}