{"gold_per_floor":[116,129,145,159,174,174,202,202,202,213,226,31,48,78,78,180,180,200,200,211,12,23,53,70,102,102,113,113,130,148,12,12,12],"floor_reached":33,"playtime":1936,"items_purged":[],"score":380,"play_id":"9d0b3460-8941-433e-87e7-d118767aa4c8","local_time":"20190303200930","is_ascension_mode":false,"campfire_choices":[{"data":"Defragment","floor":6,"key":"SMITH"},{"data":"Fusion","floor":15,"key":"SMITH"},{"floor":28,"key":"REST"},{"floor":32,"key":"REST"}],"neow_cost":"NONE","seed_source_timestamp":190763919028201,"circlet_count":0,"master_deck":["Strike_B","Strike_B+1","Strike_B+1","Defend_B","Defend_B","Defend_B","Defend_B","Zap","Dualcast","Defragment+1","Cold Snap","Ball Lightning","Go for the Eyes","Conserve Battery","Rebound","Amplify","Defragment","Fusion+1","Cold Snap","Buffer","Barrage+1","Stack","Hologram","Buffer","Loop","Ball Lightning+1","Rebound+1","Capacitor","Cold Snap+1"],"relics":["Cracked Core","Anchor","Pear","Runic Capacitor","Bronze Scales","Black Star","ClockworkSouvenir","Mercury Hourglass","PreservedInsect","Sundial","Molten Egg 2","The Courier","Whetstone"],"potions_floor_usage":[16,22,27,30,33],"damage_taken":[{"damage":1,"enemies":"Cultist","floor":1,"turns":3},{"damage":3,"enemies":"Small Slimes","floor":2,"turns":3},{"damage":2,"enemies":"2 Louse","floor":3,"turns":2},{"damage":8,"enemies":"Red Slaver","floor":4,"turns":3},{"damage":17,"enemies":"Exordium Wildlife","floor":5,"turns":4},{"damage":24,"enemies":"Gremlin Nob","floor":7,"turns":4},{"damage":2,"enemies":"Blue Slaver","floor":10,"turns":3},{"damage":1,"enemies":"Exordium Thugs","floor":11,"turns":4},{"damage":6,"enemies":"Large Slime","floor":13,"turns":3},{"damage":11,"enemies":"Lagavulin","floor":14,"turns":5},{"damage":0,"enemies":"The Guardian","floor":16,"turns":10},{"damage":10,"enemies":"Spheric Guardian","floor":18,"turns":5},{"damage":5,"enemies":"2 Thieves","floor":20,"turns":4},{"damage":11,"enemies":"3 Cultists","floor":22,"turns":4},{"damage":23,"enemies":"Gremlin Leader","floor":23,"turns":9},{"damage":7,"enemies":"Snake Plant","floor":24,"turns":4},{"damage":34,"enemies":"Slavers","floor":25,"turns":4},{"damage":0,"enemies":"Centurion and Healer","floor":27,"turns":7},{"damage":13,"enemies":"3 Cultists","floor":29,"turns":5},{"damage":4,"enemies":"Sentry and Sphere","floor":30,"turns":3},{"damage":59,"enemies":"Collector","floor":33,"turns":6}],"seed_played":"-244719525808630061","potions_obtained":[{"floor":3,"key":"Strength Potion"},{"floor":5,"key":"Strength Potion"},{"floor":10,"key":"Dexterity Potion"},{"floor":14,"key":"SkillPotion"},{"floor":18,"key":"FairyPotion"},{"floor":20,"key":"SkillPotion"},{"floor":22,"key":"SteroidPotion"}],"is_trial":false,"path_per_floor":["M","M","M","M","M","R","E","?","T","M","M","$","M","E","R","B",null,"M","?","M","$","M","E","M","E","T","M","R","M","M","$","R","B"],"character_chosen":"DEFECT","items_purchased":["Runic Capacitor","ClockworkSouvenir","Whetstone","Cold Snap+1"],"campfire_rested":2,"item_purchase_floors":[12,21,31,31],"current_hp_per_floor":[81,78,76,68,51,51,27,27,37,35,34,34,28,17,17,17,92,82,82,77,77,66,43,36,2,2,2,29,16,12,12,39,0],"gold":12,"neow_bonus":"TEN_PERCENT_HP_BONUS","is_prod":false,"is_daily":false,"chose_seed":false,"campfire_upgraded":2,"win_rate":0,"timestamp":1551661770,"path_taken":["M","M","M","?","M","R","E","?","T","M","?","?","M","E","R","BOSS","M","?","?","$","M","E","M","E","T","M","R","M","M","$","R","BOSS"],"build_version":"2019-01-23","purchased_purges":0,"victory":false,"max_hp_per_floor":[82,82,82,82,82,82,82,82,92,92,92,92,92,92,92,92,92,92,92,92,92,92,92,92,92,92,92,92,92,92,92,92,92],"card_choices":[{"not_picked":["Ball Lightning","Redo"],"picked":"Defragment","floor":1},{"not_picked":["Sweeping Beam","Compile Driver"],"picked":"Cold Snap","floor":2},{"not_picked":["Coolheaded","Force Field"],"picked":"Ball Lightning","floor":3},{"not_picked":["Aggregate","Auto Shields"],"picked":"Go for the Eyes","floor":4},{"not_picked":["Force Field","Darkness"],"picked":"Conserve Battery","floor":5},{"not_picked":["FTL","Chill"],"picked":"Rebound","floor":7},{"not_picked":["FTL","Heatsinks"],"picked":"Amplify","floor":10},{"not_picked":["Doom and Gloom","Turbo"],"picked":"Defragment","floor":11},{"not_picked":["Barrage","Chaos"],"picked":"Fusion","floor":13},{"not_picked":["Leap","Stack"],"picked":"Cold Snap","floor":14},{"not_picked":["Seek","Core Surge"],"picked":"Buffer","floor":16},{"not_picked":["Self Repair","Conserve Battery"],"picked":"Barrage+1","floor":18},{"not_picked":["Recycle","Compile Driver+1"],"picked":"Stack","floor":20},{"not_picked":["Steam","Stack"],"picked":"Hologram","floor":22},{"not_picked":["Ball Lightning","Rebound"],"picked":"Buffer","floor":23},{"not_picked":["Auto Shields+1","Sunder"],"picked":"Loop","floor":24},{"not_picked":["Turbo+1","Skim"],"picked":"Ball Lightning+1","floor":25},{"not_picked":["Stack+1","Streamline+1"],"picked":"Rebound+1","floor":27},{"not_picked":["Barrage+1","Beam Cell+1"],"picked":"Capacitor","floor":29},{"not_picked":["Compile Driver+1","Steam","Auto Shields"],"picked":"SKIP","floor":30}],"player_experience":242436,"relics_obtained":[{"floor":7,"key":"Anchor"},{"floor":9,"key":"Pear"},{"floor":14,"key":"Bronze Scales"},{"floor":23,"key":"Mercury Hourglass"},{"floor":23,"key":"PreservedInsect"},{"floor":25,"key":"Sundial"},{"floor":25,"key":"Molten Egg 2"},{"floor":26,"key":"The Courier"}],"event_choices":[{"cards_removed":["Strike_B"],"damage_healed":0,"gold_gain":0,"player_choice":"Purged","damage_taken":0,"max_hp_gain":0,"max_hp_loss":0,"event_name":"Purifier","floor":8,"gold_loss":0},{"damage_healed":0,"gold_gain":0,"player_choice":"Ignored","damage_taken":0,"max_hp_gain":0,"max_hp_loss":0,"event_name":"NoteForYourself","floor":19,"gold_loss":0}],"is_beta":false,"boss_relics":[{"not_picked":["Runic Dome","Runic Pyramid"],"picked":"Black Star"}],"items_purged_floors":[],"is_endless":false,"potions_floor_spawned":[3,5,10,11,13,14,18,20,22],"killed_by":"Collector","ascension_level":0}