{"gold_per_floor":[115,164,109,123,22,54,54,82,82,82,99,127,127,47,47,125,125,137,137,37,37,57,57,91,101,171,171,271,301,314,229,229,306,306,324,324,324,41,41,41,41,68,137,153,28,63,63,83,83,83,83,83,83,44,75,75],"floor_reached":56,"playtime":2990,"items_purged":["Strike_B","Tempest","Injury"],"score":2035,"play_id":"ada0bd31-be94-4368-8eda-b521320b992f","local_time":"20190421233129","is_ascension_mode":true,"campfire_choices":[{"data":"Reboot","floor":10.0,"key":"SMITH"},{"data":"Defragment","floor":15.0,"key":"SMITH"},{"data":"Consume","floor":23.0,"key":"SMITH"},{"floor":27.0,"key":"REST"},{"floor":32.0,"key":"REST"},{"floor":40.0,"key":"RECALL"},{"data":"Thunder Strike","floor":47.0,"key":"SMITH"},{"data":"Seek","floor":49.0,"key":"SMITH"},{"floor":53.0,"key":"REST"}],"neow_cost":"NONE","seed_source_timestamp":0,"circlet_count":0,"master_deck":["AscendersBane","Zap+1","Dualcast","Ball Lightning","Coolheaded","Conserve Battery","Ball Lightning","Reboot+1","Coolheaded","Defragment+1","Seek+1","Rainbow","Static Discharge","Core Surge","Steam","Consume+1","Defragment+1","Conserve Battery","Stack+1","BootSequence","Skim+1","Compile Driver+1","Turbo+1","Thunder Strike+1","BootSequence+1","Master of Strategy","All For One","All For One","Doom and Gloom"],"special_seed":0,"relics":["Cracked Core","NeowsBlessing","Bag of Preparation","Centennial Puzzle","Dream Catcher","Thread and Needle","Cables","Bottled Lightning","Letter Opener","Pandora\u0027s Box","Anchor","Shuriken","Du-Vu Doll","Bottled Tornado","Pen Nib","Pantograph","Cursed Key","Kunai","Oddly Smooth Stone","Sundial","Blood Vial"],"potions_floor_usage":[56],"damage_taken":[{"damage":0.0,"enemies":"Cultist","floor":1.0,"turns":1.0},{"damage":0.0,"enemies":"Small Slimes","floor":4.0,"turns":1.0},{"damage":0.0,"enemies":"Gremlin Nob","floor":6.0,"turns":1.0},{"damage":22.0,"enemies":"3 Sentries","floor":8.0,"turns":6.0},{"damage":0.0,"enemies":"Jaw Worm","floor":11.0,"turns":3.0},{"damage":0.0,"enemies":"Gremlin Nob","floor":12.0,"turns":2.0},{"damage":1.0,"enemies":"Hexaghost","floor":16.0,"turns":8.0},{"damage":0.0,"enemies":"2 Thieves","floor":18.0,"turns":3.0},{"damage":2.0,"enemies":"Chosen","floor":22.0,"turns":3.0},{"damage":25.0,"enemies":"Slavers","floor":24.0,"turns":6.0},{"damage":0.0,"enemies":"Snake Plant","floor":25.0,"turns":3.0},{"damage":0.0,"enemies":"Colosseum Slavers","floor":28.0,"turns":3.0},{"damage":36.0,"enemies":"Colosseum Nobs","floor":28.0,"turns":4.0},{"damage":14.0,"enemies":"Book of Stabbing","floor":29.0,"turns":4.0},{"damage":0.0,"enemies":"Shelled Parasite and Fungi","floor":30.0,"turns":5.0},{"damage":18.0,"enemies":"Champ","floor":33.0,"turns":10.0},{"damage":0.0,"enemies":"3 Darklings","floor":35.0,"turns":3.0},{"damage":15.0,"enemies":"Giant Head","floor":42.0,"turns":6.0},{"damage":0.0,"enemies":"3 Shapes","floor":44.0,"turns":3.0},{"damage":0.0,"enemies":"Reptomancer","floor":46.0,"turns":5.0},{"damage":0.0,"enemies":"Writhing Mass","floor":48.0,"turns":4.0},{"damage":22.0,"enemies":"Awakened One","floor":50.0,"turns":10.0},{"damage":61.0,"enemies":"Time Eater","floor":51.0,"turns":10.0},{"damage":18.0,"enemies":"Shield and Spear","floor":55.0,"turns":4.0},{"damage":87,"enemies":"The Heart","floor":56,"turns":6}],"seed_played":"5404536042825856240","potions_obtained":[{"floor":6.0,"key":"Energy Potion"},{"floor":11.0,"key":"PowerPotion"},{"floor":24.0,"key":"Strength Potion"},{"floor":28.0,"key":"AttackPotion"},{"floor":29.0,"key":"Swift Potion"},{"floor":46.0,"key":"Weak Potion"},{"floor":48.0,"key":"FairyPotion"}],"is_trial":false,"path_per_floor":["M","T","?","M","$","E","?","E","T","R","M","E","T","$","R","B",null,"M","?","$","?","M","R","E","M","T","R","?","E","M","?","R","B",null,"M","?","?","$","?","R","?","E","T","M","$","E","R","M","R","B","B",null,"R","$","E","B"],"character_chosen":"DEFECT","items_purchased":["Conserve Battery","Defragment","Kunai","Doom and Gloom"],"campfire_rested":3,"item_purchase_floors":[5,14,38,54],"current_hp_per_floor":[64,64,64,64,64,64,64,42,42,42,42,42,42,42,42,41,64,64,64,64,64,62,62,37,37,37,58,22,8,8,8,29,36,62,62,62,52,52,52,52,52,37,37,37,37,37,37,37,37,40,4,54,71,71,53,0],"gold":75,"neow_bonus":"THREE_ENEMY_KILL","is_prod":false,"is_daily":false,"chose_seed":false,"campfire_upgraded":5,"win_rate":0,"timestamp":1555882289,"path_taken":["M","?","?","M","?","E","?","E","T","R","?","E","?","$","R","BOSS","M","?","$","?","?","R","E","M","T","R","?","E","M","?","R","BOSS","M","?","?","$","?","R","?","E","T","?","$","E","R","M","R","BOSS","BOSS","R","$","E","BOSS"],"build_version":"2019-04-20","purchased_purges":3,"victory":false,"max_hp_per_floor":[71,71,71,71,71,71,71,71,71,71,71,71,71,71,71,71,71,71,71,71,71,71,71,71,71,71,71,71,71,71,71,71,71,71,71,71,71,71,71,71,71,71,71,71,71,71,71,71,71,71,71,71,71,71,71,71],"card_choices":[{"not_picked":["Barrage","Rip and Tear"],"picked":"Ball Lightning","floor":1.0},{"not_picked":["Melter","Go for the Eyes"],"picked":"Coolheaded","floor":4.0},{"not_picked":["Melter","Beam Cell"],"picked":"Ball Lightning","floor":6.0},{"not_picked":["Barrage","Aggregate"],"picked":"Reboot","floor":8.0},{"not_picked":["Conserve Battery","Darkness"],"picked":"Coolheaded","floor":11.0},{"not_picked":["Steam","Hello World","Beam Cell"],"picked":"SKIP","floor":12.0},{"not_picked":["Steam","Hello World","Beam Cell"],"picked":"SKIP","floor":12.0},{"not_picked":["Meteor Strike","Amplify"],"picked":"Seek","floor":16.0},{"not_picked":["Stack","Steam","Redo"],"picked":"SKIP","floor":18.0},{"not_picked":["Sunder","Barrage"],"picked":"Conserve Battery","floor":22.0},{"not_picked":["Leap","Double Energy"],"picked":"Stack+1","floor":24.0},{"not_picked":["Streamline","Meteor Strike","Beam Cell"],"picked":"SKIP","floor":25.0},{"not_picked":["Cold Snap","Streamline"],"picked":"BootSequence","floor":27.0},{"not_picked":["Sweeping Beam","Consume"],"picked":"Skim+1","floor":28.0},{"not_picked":["Sunder","Turbo","Fusion"],"picked":"SKIP","floor":29.0},{"not_picked":["Static Discharge","Consume"],"picked":"Compile Driver+1","floor":30.0},{"not_picked":["White Noise","Cold Snap+1"],"picked":"Turbo+1","floor":32.0},{"not_picked":["Meteor Strike","Amplify"],"picked":"Thunder Strike","floor":33.0},{"not_picked":["Lockon","Leap+1"],"picked":"BootSequence+1","floor":35.0},{"not_picked":["Swift Strike","Magnetism"],"picked":"Master of Strategy","floor":37.0},{"not_picked":["Hello World","Barrage","Ball Lightning"],"picked":"SKIP","floor":42.0},{"not_picked":["Ball Lightning","Static Discharge","Aggregate"],"picked":"SKIP","floor":44.0},{"not_picked":["Ball Lightning","Static Discharge","Aggregate"],"picked":"SKIP","floor":44.0},{"not_picked":["Static Discharge","Skim","Steam"],"picked":"SKIP","floor":46.0},{"not_picked":["Coolheaded","Streamline"],"picked":"All For One","floor":48.0},{"not_picked":["Steam","Reprogram","Redo+1"],"picked":"SKIP","floor":55.0}],"player_experience":1187818,"relics_obtained":[{"floor":2.0,"key":"Bag of Preparation"},{"floor":6.0,"key":"Dream Catcher"},{"floor":8.0,"key":"Thread and Needle"},{"floor":9.0,"key":"Cables"},{"floor":12.0,"key":"Bottled Lightning"},{"floor":13.0,"key":"Letter Opener"},{"floor":24.0,"key":"Anchor"},{"floor":26.0,"key":"Shuriken"},{"floor":28.0,"key":"Du-Vu Doll"},{"floor":28.0,"key":"Bottled Tornado"},{"floor":29.0,"key":"Pen Nib"},{"floor":42.0,"key":"Oddly Smooth Stone"},{"floor":46.0,"key":"Sundial"},{"floor":55.0,"key":"Blood Vial"}],"event_choices":[{"damage_healed":0.0,"max_hp_gain":0.0,"max_hp_loss":0.0,"gold_gain":0.0,"event_name":"WeMeetAgain","player_choice":"Paid Gold","floor":3.0,"gold_loss":55.0,"damage_taken":0.0,"relics_obtained":["Centennial Puzzle"]},{"damage_healed":0.0,"max_hp_gain":0.0,"max_hp_loss":0.0,"gold_gain":0.0,"event_name":"Living Wall","player_choice":"Grow","floor":7.0,"gold_loss":0.0,"damage_taken":0.0,"cards_upgraded":["Zap"]},{"damage_healed":0.0,"max_hp_gain":0.0,"max_hp_loss":0.0,"gold_gain":0.0,"event_name":"Ghosts","player_choice":"Ignored","floor":19.0,"gold_loss":0.0,"damage_taken":0.0},{"damage_healed":0.0,"max_hp_gain":0.0,"max_hp_loss":0.0,"gold_gain":0.0,"event_name":"Duplicator","player_choice":"Copied","floor":21.0,"gold_loss":0.0,"damage_taken":0.0,"cards_obtained":["Defragment"]},{"damage_healed":0.0,"max_hp_gain":0.0,"max_hp_loss":0.0,"gold_gain":0.0,"event_name":"Colosseum","player_choice":"Fight","floor":28.0,"gold_loss":0.0,"damage_taken":0.0},{"damage_healed":0.0,"max_hp_gain":0.0,"max_hp_loss":0.0,"gold_gain":0.0,"event_name":"Colosseum","player_choice":"Fought Nobs","floor":28.0,"gold_loss":0.0,"damage_taken":0.0},{"damage_healed":0.0,"max_hp_gain":0.0,"max_hp_loss":0.0,"gold_gain":0.0,"event_name":"Addict","player_choice":"Obtained Relic","floor":31.0,"gold_loss":85.0,"damage_taken":0.0,"relics_obtained":["Pantograph"]},{"damage_healed":0.0,"max_hp_gain":0.0,"max_hp_loss":0.0,"gold_gain":0.0,"event_name":"Tomb of Lord Red Mask","player_choice":"Ignored","floor":36.0,"gold_loss":0.0,"damage_taken":0.0},{"damage_healed":0.0,"max_hp_gain":0.0,"max_hp_loss":0.0,"gold_gain":0.0,"event_name":"SensoryStone","player_choice":"Memory 3","floor":37.0,"gold_loss":0.0,"damage_taken":10.0},{"cards_removed":["Loop"],"damage_healed":0.0,"max_hp_gain":0.0,"max_hp_loss":0.0,"gold_gain":0.0,"event_name":"Falling","player_choice":"Removed Power","floor":39.0,"gold_loss":0.0,"damage_taken":0.0},{"damage_healed":0.0,"max_hp_gain":0.0,"max_hp_loss":0.0,"gold_gain":0.0,"event_name":"Match and Keep!","player_choice":"1 cards matched","floor":41.0,"gold_loss":0.0,"damage_taken":0.0,"cards_obtained":["All For One"]}],"is_beta":true,"boss_relics":[{"not_picked":["Empty Cage","Eternal Feather"],"picked":"Pandora\u0027s Box"},{"not_picked":["Lizard Tail","Astrolabe"],"picked":"Cursed Key"}],"items_purged_floors":[5,20,45],"is_endless":false,"potions_floor_spawned":[6,11,24,28,28,29,46,48],"killed_by":"The Heart","ascension_level":20}