{"gold_per_floor":[109,127,146,160,98,98,123,123,123,141,157,157,192,204,204,277,277,288,1,1,29,29,29,44,76,76,76,87,87,122,142,142,219,219,234,334,117,7,19,19,54,54,54,54,64,79,79,94,94,94,94,94,0,0],"floor_reached":54,"playtime":2796,"items_purged":["Strike_R","Strike_R"],"score":1374,"play_id":"25749b1b-5dba-40bc-98ce-1570fe58238d","local_time":"20190421221317","is_ascension_mode":true,"campfire_choices":[{"data":"Armaments","floor":6.0,"key":"SMITH"},{"data":"1","floor":8.0,"key":"LIFT"},{"data":"2","floor":12.0,"key":"LIFT"},{"data":"3","floor":15.0,"key":"LIFT"},{"data":"Limit Break","floor":23.0,"key":"SMITH"},{"data":"Apotheosis","floor":29.0,"key":"SMITH"},{"data":"Juggernaut","floor":32,"key":"SMITH"},{"data":"Disarm","floor":40,"key":"SMITH"},{"data":"Barricade","floor":42,"key":"SMITH"},{"floor":44,"key":"RECALL"},{"data":"Spot Weakness","floor":47,"key":"SMITH"},{"data":"Bash","floor":49,"key":"SMITH"},{"data":"True Grit","floor":52,"key":"SMITH"}],"neow_cost":"TEN_PERCENT_HP_LOSS","seed_source_timestamp":403517638335914,"circlet_count":0,"master_deck":["AscendersBane","Strike_R","Strike_R","Defend_R","Defend_R","Defend_R","Defend_R","Bash+1","Thunderclap","Wild Strike+1","Juggernaut+1","Armaments+1","Shrug It Off","Iron Wave","Dropkick","Armaments","Limit Break+1","Apotheosis+1","Headbutt+1","True Grit+1","Battle Trance","Necronomicurse","Spot Weakness+1","Barricade+1","Disarm+1","Havoc","Uppercut"],"special_seed":0,"relics":["Burning Blood","Magic Flower","Boot","Girya","Meat on the Bone","Pear","Coffee Dripper","Red Mask","Singing Bowl","Anchor","Bird Faced Urn","Necronomicon","Potion Belt","Busted Crown","Dead Branch","Orichalcum"],"potions_floor_usage":[30,33,36,41],"damage_taken":[{"damage":7.0,"enemies":"Cultist","floor":1.0,"turns":4.0},{"damage":3.0,"enemies":"Small Slimes","floor":2.0,"turns":3.0},{"damage":3.0,"enemies":"2 Louse","floor":3.0,"turns":3.0},{"damage":21.0,"enemies":"Exordium Wildlife","floor":4.0,"turns":4.0},{"damage":25.0,"enemies":"3 Sentries","floor":7.0,"turns":8.0},{"damage":3.0,"enemies":"3 Louse","floor":10.0,"turns":4.0},{"damage":5.0,"enemies":"Blue Slaver","floor":11.0,"turns":5.0},{"damage":15.0,"enemies":"Lagavulin","floor":13.0,"turns":7.0},{"damage":12.0,"enemies":"Exordium Wildlife","floor":14.0,"turns":5.0},{"damage":23.0,"enemies":"Slime Boss","floor":16.0,"turns":9.0},{"damage":7.0,"enemies":"Chosen","floor":18.0,"turns":3.0},{"damage":31.0,"enemies":"Masked Bandits","floor":21.0,"turns":4.0},{"damage":11.0,"enemies":"2 Thieves","floor":24.0,"turns":4.0},{"damage":12.0,"enemies":"Gremlin Leader","floor":25.0,"turns":7.0},{"damage":20.0,"enemies":"Snake Plant","floor":28.0,"turns":3.0},{"damage":32,"enemies":"Book of Stabbing","floor":30,"turns":5},{"damage":13,"enemies":"Centurion and Healer","floor":31,"turns":5},{"damage":56,"enemies":"Champ","floor":33,"turns":9},{"damage":20,"enemies":"3 Darklings","floor":35,"turns":6},{"damage":25,"enemies":"Mind Bloom Boss Battle","floor":36,"turns":8},{"damage":0,"enemies":"Orb Walker","floor":39,"turns":3},{"damage":25,"enemies":"Reptomancer","floor":41,"turns":6},{"damage":19,"enemies":"Sphere and 2 Shapes","floor":45,"turns":6},{"damage":6,"enemies":"Transient","floor":46,"turns":6},{"damage":5,"enemies":"3 Darklings","floor":48,"turns":4},{"damage":50,"enemies":"Donu and Deca","floor":50,"turns":7},{"damage":99,"enemies":"Shield and Spear","floor":54,"turns":4}],"seed_played":"-7807444379198316919","potions_obtained":[{"floor":2.0,"key":"BloodPotion"},{"floor":3.0,"key":"PowerPotion"},{"floor":10.0,"key":"Explosive Potion"},{"floor":14.0,"key":"PowerPotion"},{"floor":24.0,"key":"LiquidBronze"},{"floor":30,"key":"Weak Potion"},{"floor":31,"key":"SpeedPotion"},{"floor":45,"key":"PowerPotion"},{"floor":46,"key":"LiquidBronze"},{"floor":48,"key":"BloodPotion"}],"is_trial":false,"path_per_floor":["M","M","M","M","?","R","E","R","T","M","M","R","E","M","R","B",null,"M","$","$","?","T","R","M","E","T","?","M","R","E","M","R","B",null,"M","?","$","?","M","R","E","R","T","R","M","M","R","M","R","B",null,"R","$","E"],"character_chosen":"IRONCLAD","items_purchased":["Apotheosis","Disarm","Havoc","Uppercut","Fire Potion"],"campfire_rested":0,"item_purchase_floors":[19,37,37,53,53],"current_hp_per_floor":[68,68,68,65,65,65,49,49,49,55,59,59,63,60,60,64,75,77,77,77,55,55,55,53,50,50,29,41,41,39,58,58,32,70,61,71,71,71,82,82,77,77,77,77,78,89,89,96,96,67,89,89,89,0],"gold":0,"neow_bonus":"ONE_RARE_RELIC","is_prod":false,"is_daily":false,"chose_seed":false,"campfire_upgraded":9,"win_rate":0,"timestamp":1555909997,"path_taken":["M","?","?","M","?","R","E","R","T","M","M","R","E","M","R","BOSS","M","?","$","?","?","R","M","E","T","?","?","R","E","M","R","BOSS","M","?","$","?","?","R","E","R","T","R","M","M","R","M","R","BOSS","R","$","E"],"build_version":"2019-01-23","purchased_purges":2,"victory":false,"max_hp_per_floor":[68,68,68,68,68,68,68,68,68,68,68,68,78,78,78,78,78,78,78,78,78,78,78,78,78,78,78,80,80,80,82,82,82,82,84,86,86,86,88,88,90,90,90,90,92,94,94,96,96,96,96,96,96,96],"card_choices":[{"not_picked":["Flex","Iron Wave"],"picked":"Thunderclap","floor":1.0},{"not_picked":["Heavy Blade","Cleave"],"picked":"Wild Strike","floor":2.0},{"not_picked":["Disarm","Rage"],"picked":"Juggernaut","floor":3.0},{"not_picked":["Perfected Strike","Feel No Pain"],"picked":"Armaments","floor":4.0},{"not_picked":["Fire Breathing","Flex","Thunderclap"],"picked":"SKIP","floor":7.0},{"not_picked":["Havoc","Anger"],"picked":"Shrug It Off","floor":10.0},{"not_picked":["Reckless Charge","Havoc"],"picked":"Iron Wave","floor":11.0},{"not_picked":["Second Wind","Fire Breathing"],"picked":"Dropkick","floor":13.0},{"not_picked":["Headbutt","Second Wind"],"picked":"Armaments","floor":14.0},{"not_picked":["Berserk","Demon Form"],"picked":"Limit Break","floor":16.0},{"not_picked":["Infernal Blade","Twin Strike+1","Blood for Blood+1"],"picked":"SKIP","floor":18.0},{"not_picked":["Heavy Blade","Wild Strike"],"picked":"Headbutt+1","floor":21.0},{"not_picked":["Thunderclap","Cleave"],"picked":"True Grit","floor":24.0},{"not_picked":["Intimidate","Impervious"],"picked":"Battle Trance","floor":25.0},{"not_picked":["Anger","Clash","Combust"],"picked":"Singing Bowl","floor":28.0},{"not_picked":["Armaments","Sentinel"],"picked":"Spot Weakness","floor":30},{"not_picked":["Combust","Twin Strike+1","Thunderclap"],"picked":"Singing Bowl","floor":31},{"not_picked":["Double Tap","Immolate"],"picked":"Barricade","floor":33},{"not_picked":["Heavy Blade"],"picked":"Singing Bowl","floor":35},{"not_picked":["Second Wind"],"picked":"Singing Bowl","floor":36},{"not_picked":["Pommel Strike+1"],"picked":"Singing Bowl","floor":39},{"not_picked":["Searing Blow+1"],"picked":"Singing Bowl","floor":41},{"not_picked":["Perfected Strike"],"picked":"Singing Bowl","floor":45},{"not_picked":["Inflame"],"picked":"Singing Bowl","floor":46},{"not_picked":["Thunderclap"],"picked":"Singing Bowl","floor":48}],"player_experience":227044,"relics_obtained":[{"floor":7.0,"key":"Girya"},{"floor":9.0,"key":"Meat on the Bone"},{"floor":13.0,"key":"Pear"},{"floor":21.0,"key":"Red Mask"},{"floor":22.0,"key":"Singing Bowl"},{"floor":25.0,"key":"Anchor"},{"floor":26.0,"key":"Bird Faced Urn"},{"floor":27.0,"key":"Necronomicon"},{"floor":30,"key":"Potion Belt"},{"floor":36,"key":"Dead Branch"},{"floor":41,"key":"Orichalcum"}],"event_choices":[{"damage_healed":0.0,"max_hp_gain":0.0,"max_hp_loss":0.0,"gold_gain":0.0,"event_name":"WeMeetAgain","player_choice":"Paid Gold","floor":5.0,"gold_loss":62.0,"damage_taken":0.0,"relics_obtained":["Boot"]},{"damage_healed":0.0,"max_hp_gain":0.0,"max_hp_loss":0.0,"gold_gain":0.0,"event_name":"Masked Bandits","player_choice":"Fought Bandits","floor":21.0,"gold_loss":0.0,"damage_taken":0.0},{"damage_healed":0.0,"max_hp_gain":0.0,"max_hp_loss":0.0,"gold_gain":0.0,"event_name":"Cursed Tome","player_choice":"Obtained Book","floor":27.0,"gold_loss":0.0,"damage_taken":21.0},{"damage_healed":0,"gold_gain":0,"player_choice":"Fight","damage_taken":0,"max_hp_gain":0,"max_hp_loss":0,"event_name":"MindBloom","floor":36,"gold_loss":0},{"cards_removed":["Strike_R"],"damage_healed":0,"gold_gain":0,"player_choice":"Upgrade and Remove","damage_taken":0,"max_hp_gain":0,"max_hp_loss":0,"event_name":"Designer","floor":38,"gold_loss":110,"cards_upgraded":["Wild Strike"]}],"is_beta":false,"boss_relics":[{"not_picked":["Astrolabe","Tiny House"],"picked":"Coffee Dripper"},{"not_picked":["Velvet Choker","Runic Dome"],"picked":"Busted Crown"}],"items_purged_floors":[19,37],"is_endless":false,"potions_floor_spawned":[2,3,10,14,24,25,30,31,45,46,48],"killed_by":"Shield and Spear","ascension_level":19}