{"gold_per_floor":[112,20,20,35,55,55,88,88,113,132,132,164,164,174,174,270,270,289,1,1,21,34,34,66,66,66,98,114,141,0,0,0,0],"floor_reached":33,"playtime":1486,"items_purged":[],"score":470,"play_id":"fc660b6c-25fd-4f9a-8b66-75389d5884da","local_time":"20190420212416","is_ascension_mode":true,"campfire_choices":[{"data":"Bash","floor":6,"key":"SMITH"},{"data":"Juggernaut","floor":11,"key":"SMITH"},{"floor":13,"key":"REST"},{"data":"Flame Barrier","floor":15,"key":"SMITH"},{"data":"Feel No Pain","floor":23,"key":"SMITH"},{"data":"Evolve","floor":25,"key":"SMITH"},{"data":"Shrug It Off","floor":32,"key":"SMITH"}],"neow_cost":"NONE","seed_source_timestamp":468820007974200,"circlet_count":0,"master_deck":["AscendersBane","Strike_R","Strike_R","Strike_R","Strike_R","Strike_R","Defend_R","Defend_R","Defend_R","Defend_R","Bash+1","Heavy Blade","Evolve+1","Shrug It Off+1","Juggernaut+1","Cleave","Feel No Pain+1","Flame Barrier+1","Offering","Shrug It Off","True Grit+1","Juggernaut+1","Power Through+1","True Grit+1","Shockwave+1"],"relics":["Burning Blood","NeowsBlessing","Ancient Tea Set","Meat on the Bone","Oddly Smooth Stone","PreservedInsect","Snecko Eye","Toxic Egg 2","Calipers","Ornamental Fan","Bottled Lightning","Centennial Puzzle"],"potions_floor_usage":[12,12,16,24,27,29,33],"damage_taken":[{"damage":0,"enemies":"Jaw Worm","floor":1,"turns":1},{"damage":0,"enemies":"Cultist","floor":4,"turns":1},{"damage":0,"enemies":"Small Slimes","floor":5,"turns":1},{"damage":31,"enemies":"Lagavulin","floor":7,"turns":10},{"damage":13,"enemies":"Looter","floor":10,"turns":3},{"damage":47,"enemies":"Gremlin Nob","floor":12,"turns":5},{"damage":9,"enemies":"Exordium Wildlife","floor":14,"turns":5},{"damage":44,"enemies":"The Guardian","floor":16,"turns":14},{"damage":19,"enemies":"Shell Parasite","floor":18,"turns":7},{"damage":25,"enemies":"2 Thieves","floor":21,"turns":4},{"damage":12,"enemies":"Chosen and Byrds","floor":22,"turns":4},{"damage":42,"enemies":"Slavers","floor":24,"turns":5},{"damage":16,"enemies":"Gremlin Leader","floor":27,"turns":6},{"damage":9,"enemies":"Snake Plant","floor":28,"turns":4},{"damage":9,"enemies":"Book of Stabbing","floor":29,"turns":4},{"damage":81,"enemies":"Collector","floor":33,"turns":7}],"seed_played":"-1719951067544354382","potions_obtained":[{"floor":1,"key":"Swift Potion"},{"floor":4,"key":"FearPotion"},{"floor":10,"key":"AttackPotion"},{"floor":14,"key":"EssenceOfSteel"},{"floor":16,"key":"SteroidPotion"},{"floor":18,"key":"Ancient Potion"},{"floor":21,"key":"AttackPotion"},{"floor":24,"key":"Block Potion"},{"floor":28,"key":"EssenceOfSteel"}],"is_trial":false,"path_per_floor":["M","$","?","M","M","R","E","?","T","M","R","E","R","M","R","B",null,"M","$","?","M","M","R","E","R","T","E","M","E","?","?","R","B"],"character_chosen":"IRONCLAD","items_purchased":["Heavy Blade","Evolve","Toxic Egg 2","True Grit+1"],"campfire_rested":1,"item_purchase_floors":[2,2,19,19],"current_hp_per_floor":[78,78,78,80,80,80,55,60,60,53,53,24,49,58,58,32,72,59,59,59,52,58,58,34,34,34,36,45,54,54,54,54,0],"gold":0,"neow_bonus":"THREE_ENEMY_KILL","is_prod":false,"is_daily":false,"chose_seed":false,"campfire_upgraded":6,"win_rate":0,"timestamp":1555809856,"path_taken":["M","$","?","?","M","R","E","?","T","M","R","E","R","M","R","BOSS","M","$","?","M","?","R","E","R","T","E","M","E","?","?","R","BOSS"],"build_version":"2019-01-23","purchased_purges":0,"victory":false,"max_hp_per_floor":[80,80,80,80,80,80,80,85,85,85,85,85,85,85,85,85,85,85,85,85,85,85,85,85,85,85,85,85,85,85,85,85,85],"card_choices":[{"not_picked":["Second Wind","Carnage","Burning Pact"],"picked":"SKIP","floor":1},{"not_picked":["Sentinel","Clash"],"picked":"Shrug It Off","floor":4},{"not_picked":["Sword Boomerang","Perfected Strike"],"picked":"Juggernaut","floor":5},{"not_picked":["Sever Soul","Armaments"],"picked":"Cleave","floor":7},{"not_picked":["Rage","Flex"],"picked":"Feel No Pain","floor":10},{"not_picked":["Heavy Blade","Cleave","Evolve"],"picked":"SKIP","floor":12},{"not_picked":["Perfected Strike","Uppercut"],"picked":"Flame Barrier","floor":14},{"not_picked":["Exhume","Bludgeon"],"picked":"Offering","floor":16},{"not_picked":["Havoc+1","Iron Wave"],"picked":"Shrug It Off","floor":18},{"not_picked":["Intimidate+1","Dropkick+1","Entrench+1"],"picked":"SKIP","floor":21},{"not_picked":["Armaments+1","Headbutt","Reckless Charge"],"picked":"SKIP","floor":22},{"not_picked":["Berserk","Iron Wave"],"picked":"Power Through+1","floor":24},{"not_picked":["Perfected Strike","Blood for Blood","Clothesline"],"picked":"SKIP","floor":27},{"not_picked":["Warcry+1","Headbutt"],"picked":"True Grit+1","floor":28},{"not_picked":["Uppercut+1","Seeing Red+1"],"picked":"Shockwave+1","floor":29}],"player_experience":602938,"relics_obtained":[{"floor":7,"key":"Meat on the Bone"},{"floor":9,"key":"Oddly Smooth Stone"},{"floor":12,"key":"PreservedInsect"},{"floor":24,"key":"Calipers"},{"floor":26,"key":"Ornamental Fan"},{"floor":27,"key":"Bottled Lightning"},{"floor":29,"key":"Centennial Puzzle"}],"event_choices":[{"damage_healed":0,"gold_gain":0,"player_choice":"Gave Potion","damage_taken":0,"relics_obtained":["Ancient Tea Set"],"max_hp_gain":0,"max_hp_loss":0,"event_name":"WeMeetAgain","floor":3,"gold_loss":0},{"damage_healed":0,"gold_gain":0,"player_choice":"Donut","damage_taken":0,"max_hp_gain":5,"max_hp_loss":0,"event_name":"Big Fish","floor":8,"gold_loss":0},{"damage_healed":0,"gold_gain":0,"player_choice":"Copied","damage_taken":0,"max_hp_gain":0,"max_hp_loss":0,"event_name":"Duplicator","floor":20,"gold_loss":0,"cards_obtained":["Juggernaut"]},{"damage_healed":0,"gold_gain":0,"player_choice":"Paid Fearfully","damage_taken":0,"max_hp_gain":0,"max_hp_loss":0,"event_name":"Masked Bandits","floor":30,"gold_loss":141},{"damage_healed":0,"gold_gain":0,"player_choice":"Ignored","damage_taken":0,"max_hp_gain":0,"max_hp_loss":0,"event_name":"Beggar","floor":31,"gold_loss":0}],"is_beta":false,"boss_relics":[{"not_picked":["Tiny House","Astrolabe"],"picked":"Snecko Eye"}],"items_purged_floors":[],"is_endless":false,"potions_floor_spawned":[1,4,10,14,16,18,21,24,28],"killed_by":"Collector","ascension_level":10}