{"gold_per_floor":[116,116,129,140,152,178,178,198,252,427,427,459,459,40,40,142,142,158,172,172,172,97,97,116,172,172,172,172,198,198,217,217,313,313,323,101,101,201,221,254,254,254,254,254,0,53,87,100,100,100],"floor_reached":50,"playtime":2035,"items_purged":["Doubt"],"score":708,"play_id":"c45d036f-415e-4b72-9ae4-38b41295c475","local_time":"20190206004409","is_ascension_mode":true,"campfire_choices":[{"data":"Juggernaut","floor":7.0,"key":"SMITH"},{"data":"Perfected Strike","floor":11.0,"key":"SMITH"},{"data":"Demon Form","floor":13.0,"key":"SMITH"},{"data":"Uppercut","floor":15.0,"key":"SMITH"},{"data":"Rampage","floor":23.0,"key":"SMITH"},{"data":"Discovery","floor":32,"key":"SMITH"},{"floor":41,"key":"RECALL"},{"data":"Madness","floor":44,"key":"SMITH"},{"floor":49,"key":"REST"}],"neow_cost":"NONE","seed_source_timestamp":0,"circlet_count":0,"master_deck":["Strike_R+1","Strike_R+1","Strike_R+1","Strike_R+1","Strike_R+1","Defend_R+1","Defend_R+1","Defend_R+1","Defend_R+1","Wild Strike","Heavy Blade+1","Perfected Strike+1","Juggernaut+1","Pommel Strike","Demon Form+1","Flame Barrier","Uppercut+1","Rampage+1","Metallicize","Discovery+1","Juggernaut","Madness","Madness+1","Corruption","Armaments"],"special_seed":0,"relics":["Burning Blood","War Paint","Bag of Preparation","Bottled Lightning","Dream Catcher","Juzu Bracelet","Gambling Chip","Velvet Choker","Tiny Chest","Ornamental Fan","WingedGreaves","Self Forming Clay","Runic Pyramid","Art of War","Nunchaku","Blue Candle","Letter Opener","Red Mask","Du-Vu Doll","Bag of Marbles"],"potions_floor_usage":[29,40,47,47],"damage_taken":[{"damage":12.0,"enemies":"Small Slimes","floor":1.0,"turns":6.0},{"damage":0.0,"enemies":"Jaw Worm","floor":3.0,"turns":3.0},{"damage":0.0,"enemies":"Cultist","floor":4.0,"turns":2.0},{"damage":5.0,"enemies":"3 Louse","floor":5.0,"turns":4.0},{"damage":21.0,"enemies":"3 Sentries","floor":6.0,"turns":7.0},{"damage":14.0,"enemies":"Looter","floor":8.0,"turns":3.0},{"damage":15.0,"enemies":"Gremlin Nob","floor":12.0,"turns":4.0},{"damage":25.0,"enemies":"Hexaghost","floor":16.0,"turns":9.0},{"damage":0.0,"enemies":"3 Byrds","floor":18.0,"turns":5.0},{"damage":21.0,"enemies":"Shell Parasite","floor":19.0,"turns":5.0},{"damage":35.0,"enemies":"3 Cultists","floor":24.0,"turns":5.0},{"damage":17.0,"enemies":"Gremlin Leader","floor":25.0,"turns":5.0},{"damage":77,"enemies":"Slavers","floor":29,"turns":6},{"damage":11,"enemies":"Centurion and Healer","floor":31,"turns":7},{"damage":26,"enemies":"Champ","floor":33,"turns":7},{"damage":1,"enemies":"Orb Walker","floor":35,"turns":3},{"damage":3,"enemies":"Mind Bloom Boss Battle","floor":38,"turns":4},{"damage":4,"enemies":"3 Shapes","floor":39,"turns":5},{"damage":44,"enemies":"Giant Head","floor":40,"turns":7},{"damage":34,"enemies":"2 Orb Walkers","floor":46,"turns":4},{"damage":20,"enemies":"Nemesis","floor":47,"turns":5},{"damage":17,"enemies":"Spire Growth","floor":48,"turns":4},{"damage":59,"enemies":"Donu and Deca","floor":50,"turns":5}],"seed_played":"-3180801930334850653","potions_obtained":[{"floor":1.0,"key":"Swift Potion"},{"floor":4.0,"key":"Strength Potion"},{"floor":5.0,"key":"Weak Potion"},{"floor":12.0,"key":"Strength Potion"},{"floor":16.0,"key":"FairyPotion"},{"floor":19.0,"key":"SkillPotion"},{"floor":25,"key":"Energy Potion"},{"floor":33,"key":"BloodPotion"},{"floor":35,"key":"PowerPotion"},{"floor":46,"key":"LiquidBronze"}],"is_trial":false,"path_per_floor":["M","?","M","M","M","E","R","M","T","?","R","E","R","$","R","B",null,"M","M","?","?","?","R","M","E","T","?","?","E","?","M","R","B",null,"M","$","?","?","M","E","R","?","T","R","?","?","E","M","R","B"],"character_chosen":"IRONCLAD","items_purchased":["Gambling Chip","Flame Barrier","Uppercut","Art of War"],"campfire_rested":1,"item_purchase_floors":[14,14,14,36],"current_hp_per_floor":[74,67,73,79,80,65,65,57,57,57,57,48,48,48,48,29,80,80,65,65,65,65,65,36,78,78,78,78,26,26,51,51,31,80,80,80,70,80,80,61,61,61,61,61,61,33,27,16,40,0],"gold":100,"neow_bonus":"RANDOM_COMMON_RELIC","is_prod":false,"is_daily":false,"chose_seed":false,"campfire_upgraded":7,"win_rate":0,"timestamp":1549431849,"path_taken":["M","?","M","M","M","E","R","M","T","?","R","E","R","$","R","BOSS","M","M","?","?","?","R","M","E","T","?","?","E","?","M","R","BOSS","M","$","?","?","M","E","R","?","T","R","?","?","E","M","R","BOSS"],"build_version":"2019-01-23","purchased_purges":1,"victory":false,"max_hp_per_floor":[80,80,80,80,80,80,80,80,80,80,80,80,80,80,80,80,80,80,80,80,80,80,80,80,80,80,80,80,80,80,80,80,80,80,80,80,80,80,80,80,80,80,80,80,80,80,80,80,80,80],"card_choices":[{"not_picked":["Second Wind","Sever Soul"],"picked":"Wild Strike","floor":1.0},{"not_picked":["Anger","Rage"],"picked":"Heavy Blade","floor":3.0},{"not_picked":["Headbutt","Pommel Strike"],"picked":"Perfected Strike","floor":4.0},{"not_picked":["Headbutt","Evolve"],"picked":"Juggernaut","floor":5.0},{"not_picked":["Brutality","Wild Strike","Heavy Blade"],"picked":"SKIP","floor":6.0},{"not_picked":["Clothesline","Infernal Blade"],"picked":"Pommel Strike","floor":8.0},{"not_picked":["Infernal Blade","Intimidate"],"picked":"Demon Form","floor":12.0},{"not_picked":["Berserk","Immolate"],"picked":"Reaper","floor":16.0},{"not_picked":["Cleave","Armaments"],"picked":"Rampage","floor":18.0},{"not_picked":["Hemokinesis+1","Anger","Dual Wield+1"],"picked":"SKIP","floor":19.0},{"not_picked":["Dual Wield","True Grit"],"picked":"Metallicize","floor":24.0},{"not_picked":["Dropkick","Blood for Blood","Intimidate+1"],"picked":"SKIP","floor":25},{"not_picked":["Shockwave+1","Evolve","Feed"],"picked":"SKIP","floor":29},{"not_picked":["Warcry","Anger","Twin Strike"],"picked":"SKIP","floor":31},{"not_picked":["Offering","Reaper"],"picked":"Juggernaut","floor":33},{"not_picked":["Warcry+1","Shrug It Off+1","Thunderclap+1"],"picked":"SKIP","floor":35},{"not_picked":["Anger","Twin Strike+1","Thunderclap"],"picked":"SKIP","floor":39},{"not_picked":["Cleave+1","Exhume"],"picked":"Corruption","floor":40},{"not_picked":["Warcry","Flex"],"picked":"Armaments","floor":46},{"not_picked":["Armaments","Rupture","Flex"],"picked":"SKIP","floor":47},{"not_picked":["Pommel Strike","Flex+1","Searing Blow"],"picked":"SKIP","floor":48}],"player_experience":377588,"relics_obtained":[{"floor":6.0,"key":"Bottled Lightning"},{"floor":9.0,"key":"Dream Catcher"},{"floor":12.0,"key":"Juzu Bracelet"},{"floor":25,"key":"Tiny Chest"},{"floor":26,"key":"Ornamental Fan"},{"floor":29,"key":"Self Forming Clay"},{"floor":38,"key":"Nunchaku"},{"floor":40,"key":"Blue Candle"},{"floor":43,"key":"Letter Opener"},{"floor":46,"key":"Du-Vu Doll"},{"floor":47,"key":"Bag of Marbles"}],"event_choices":[{"damage_healed":0.0,"max_hp_gain":0.0,"max_hp_loss":0.0,"gold_gain":0.0,"event_name":"Scrap Ooze","player_choice":"Success","floor":2.0,"gold_loss":0.0,"damage_taken":7.0,"relics_obtained":["Bag of Preparation"]},{"damage_healed":0.0,"max_hp_gain":0.0,"max_hp_loss":0.0,"gold_gain":175.0,"event_name":"Liars Game","player_choice":"AGREE","floor":10.0,"gold_loss":0.0,"damage_taken":0.0,"cards_obtained":["Doubt"]},{"damage_healed":0.0,"max_hp_gain":0.0,"max_hp_loss":0.0,"gold_gain":0.0,"event_name":"Upgrade Shrine","player_choice":"Upgraded","floor":20.0,"gold_loss":0.0,"damage_taken":0.0,"cards_upgraded":["Heavy Blade"]},{"damage_healed":0.0,"max_hp_gain":0.0,"max_hp_loss":0.0,"gold_gain":0.0,"event_name":"Vampires","player_choice":"Ignored","floor":21.0,"gold_loss":0.0,"damage_taken":0.0},{"cards_removed":["Bash"],"damage_healed":0.0,"max_hp_gain":0.0,"max_hp_loss":0.0,"gold_gain":0.0,"event_name":"Beggar","player_choice":"Gave Gold","floor":22.0,"gold_loss":75.0,"damage_taken":0.0},{"damage_healed":0,"gold_gain":0,"player_choice":"Opened","damage_taken":0,"relics_obtained":["WingedGreaves"],"max_hp_gain":0,"max_hp_loss":0,"event_name":"The Mausoleum","floor":27,"gold_loss":0},{"damage_healed":0,"gold_gain":0,"player_choice":"1 cards matched","damage_taken":0,"max_hp_gain":0,"max_hp_loss":0,"event_name":"Match and Keep!","floor":28,"gold_loss":0,"cards_obtained":["Discovery"]},{"damage_healed":0,"gold_gain":0,"player_choice":"Simplicity","damage_taken":0,"max_hp_gain":0,"max_hp_loss":0,"event_name":"Back to Basics","floor":30,"gold_loss":0,"cards_upgraded":["Strike_R","Strike_R","Strike_R","Strike_R","Strike_R","Defend_R","Defend_R"]},{"damage_healed":0,"gold_gain":0,"player_choice":"Embrace Madness","damage_taken":10,"max_hp_gain":0,"max_hp_loss":0,"event_name":"Winding Halls","floor":37,"gold_loss":0,"cards_obtained":["Madness","Madness"]},{"damage_healed":0,"gold_gain":0,"player_choice":"Fight","damage_taken":0,"max_hp_gain":0,"max_hp_loss":0,"event_name":"MindBloom","floor":38,"gold_loss":0},{"cards_removed":["Reaper"],"damage_healed":0,"gold_gain":0,"player_choice":"Removed Attack","damage_taken":0,"max_hp_gain":0,"max_hp_loss":0,"event_name":"Falling","floor":42,"gold_loss":0},{"damage_healed":0,"gold_gain":0,"player_choice":"Paid","damage_taken":0,"relics_obtained":["Red Mask"],"max_hp_gain":0,"max_hp_loss":0,"event_name":"Tomb of Lord Red Mask","floor":45,"gold_loss":254},{"damage_healed":0,"gold_gain":0,"player_choice":"Fight","damage_taken":0,"max_hp_gain":0,"max_hp_loss":0,"event_name":"Mysterious Sphere","floor":46,"gold_loss":0}],"is_beta":false,"boss_relics":[{"not_picked":["Cursed Key","Busted Crown"],"picked":"Velvet Choker"},{"not_picked":["Coffee Dripper","Tiny House"],"picked":"Runic Pyramid"}],"items_purged_floors":[36],"is_endless":false,"potions_floor_spawned":[1,4,5,12,16,19,25,33,35,38,46],"killed_by":"Donu and Deca","ascension_level":4}