{"gold_per_floor":[111,130,146,160,179,179,30,64,87,113,113,113,123,123,123,222,222,238,238,63,73,73,73,73,73,119,119,132,132,132],"floor_reached":30,"playtime":1079,"items_purged":[],"score":287,"play_id":"559cb90f-32d0-4572-bc7a-4762bde06d29","local_time":"20181110194944","is_ascension_mode":true,"campfire_choices":[{"data":"Underhanded Strike","floor":6,"key":"SMITH"},{"floor":15,"key":"REST"},{"data":"Venomology","floor":23,"key":"SMITH"},{"floor":25,"key":"REST"},{"floor":27,"key":"REST"}],"neow_cost":"NONE","seed_source_timestamp":269471766333099,"circlet_count":0,"master_deck":["Defend_G","Defend_G","Defend_G","Defend_G","Defend_G","Survivor","Neutralize","Acrobatics","Deadly Poison","Underhanded Strike+1","Quick Slash","Footwork","Leg Sweep","Dagger Throw","Deadly Poison","Venomology+1","Catalyst+1","Bite","Bite","Bite","Bite","Bite","Panache","Deadly Poison+1","Bane","Noxious Fumes+1"],"relics":["Runic Pyramid","Juzu Bracelet","Anchor","Vajra","Empty Cage","Dream Catcher"],"potions_floor_usage":[2,8,10,18,21,21,24,24,30,30],"damage_taken":[{"damage":0,"enemies":"Jaw Worm","floor":1,"turns":5},{"damage":0,"enemies":"Cultist","floor":2,"turns":3},{"damage":1,"enemies":"Small Slimes","floor":3,"turns":4},{"damage":14,"enemies":"Looter","floor":4,"turns":3},{"damage":9,"enemies":"2 Fungi Beasts","floor":5,"turns":4},{"damage":21,"enemies":"3 Sentries","floor":8,"turns":9},{"damage":12,"enemies":"Lagavulin","floor":10,"turns":7},{"damage":0,"enemies":"Blue Slaver","floor":13,"turns":3},{"damage":11,"enemies":"Hexaghost","floor":16,"turns":12},{"damage":0,"enemies":"Chosen","floor":18,"turns":6},{"damage":34,"enemies":"3 Byrds","floor":21,"turns":5},{"damage":25,"enemies":"Colosseum Slavers","floor":24,"turns":4},{"damage":32,"enemies":"Snake Plant","floor":28,"turns":4},{"damage":36,"enemies":"3 Cultists","floor":30,"turns":5}],"seed_played":"-2918728403526050512","potions_obtained":[{"floor":1,"key":"AttackPotion"},{"floor":2,"key":"SkillPotion"},{"floor":8,"key":"Energy Potion"},{"floor":10,"key":"Swift Potion"},{"floor":21,"key":"LiquidBronze"}],"is_trial":false,"path_per_floor":["M","M","M","M","M","R","$","E","T","E","?","$","M","$","R","B",null,"M","?","$","M","?","R","?","R","T","R","M","?","M"],"character_chosen":"THE_SILENT","items_purchased":["Footwork","Leg Sweep","Panache"],"campfire_rested":3,"item_purchase_floors":[7,7,20],"current_hp_per_floor":[70,70,69,55,46,46,46,25,25,13,13,13,13,13,34,23,70,70,49,49,21,37,37,22,36,36,49,23,23,0],"gold":132,"neow_bonus":"BOSS_RELIC","is_prod":false,"is_daily":false,"chose_seed":false,"campfire_upgraded":2,"win_rate":0,"timestamp":1541897384,"path_taken":["M","M","M","M","M","R","$","E","T","E","?","?","M","$","R","BOSS","M","?","$","M","?","R","?","R","T","R","M","?","M"],"build_version":"2018-11-08","purchased_purges":0,"victory":false,"max_hp_per_floor":[70,70,70,70,70,70,70,70,70,70,70,70,70,70,70,70,70,70,49,49,49,49,49,49,49,49,49,49,49,49],"card_choices":[{"not_picked":["Backflip","Bane"],"picked":"Acrobatics","floor":1},{"not_picked":["Deflect","Dodge and Roll"],"picked":"Deadly Poison","floor":2},{"not_picked":["Skewer","Slice"],"picked":"Unload","floor":3},{"not_picked":["Poisoned Stab","All Out Attack"],"picked":"Underhanded Strike","floor":4},{"not_picked":["Escape Plan","Well Laid Plans"],"picked":"Quick Slash","floor":5},{"not_picked":["Concentrate","Dodge and Roll"],"picked":"Dagger Throw","floor":8},{"not_picked":["Distraction","Dagger Throw"],"picked":"Deadly Poison","floor":10},{"not_picked":["Heel Hook","Dagger Spray","Cloak And Dagger"],"picked":"SKIP","floor":13},{"not_picked":["After Image","Malaise"],"picked":"Venomology","floor":16},{"not_picked":["Outmaneuver+1","Blade Dance+1"],"picked":"Catalyst+1","floor":18},{"not_picked":["Predator","Sucker Punch"],"picked":"Deadly Poison+1","floor":21},{"not_picked":["Tactician","Sucker Punch"],"picked":"Bane","floor":27},{"not_picked":["Choke","Predator"],"picked":"Noxious Fumes+1","floor":28}],"player_experience":289688,"relics_obtained":[{"floor":8,"key":"Juzu Bracelet"},{"floor":9,"key":"Anchor"},{"floor":10,"key":"Vajra"},{"floor":26,"key":"Dream Catcher"}],"event_choices":[{"damage_healed":0,"gold_gain":0,"player_choice":"Bought 0 Potions","damage_taken":0,"max_hp_gain":0,"max_hp_loss":0,"event_name":"The Woman in Blue","floor":11,"gold_loss":0},{"damage_healed":0,"gold_gain":0,"player_choice":"Became a vampire","damage_taken":0,"max_hp_gain":0,"max_hp_loss":21,"event_name":"Vampires","floor":19,"gold_loss":0,"cards_obtained":["Bite","Bite","Bite","Bite","Bite"]},{"damage_healed":16,"gold_gain":0,"player_choice":"Heal","damage_taken":0,"max_hp_gain":0,"max_hp_loss":0,"event_name":"The Library","floor":22,"gold_loss":0},{"damage_healed":0,"gold_gain":0,"player_choice":"Fight","damage_taken":0,"max_hp_gain":0,"max_hp_loss":0,"event_name":"Colosseum","floor":24,"gold_loss":0},{"damage_healed":0,"gold_gain":0,"player_choice":"Fled From Nobs","damage_taken":0,"max_hp_gain":0,"max_hp_loss":0,"event_name":"Colosseum","floor":24,"gold_loss":0},{"cards_removed":["Unload"],"damage_healed":0,"gold_gain":0,"player_choice":"Elegance","damage_taken":0,"max_hp_gain":0,"max_hp_loss":0,"event_name":"Back to Basics","floor":29,"gold_loss":0}],"is_beta":true,"boss_relics":[{"not_picked":["Orrery","Tiny House"],"picked":"Empty Cage"}],"items_purged_floors":[],"is_endless":false,"potions_floor_spawned":[1,2,8,10,21,24],"killed_by":"3 Cultists","ascension_level":2}