{"gold_per_floor":[14,26,40,56,56,56,89,14,39,39,58,58,84,148,148,148],"floor_reached":16,"playtime":990,"items_purged":["Strike_G"],"score":220,"play_id":"f4c6ec67-c7ac-4076-8310-d57377671ac0","local_time":"20190421084116","is_ascension_mode":true,"campfire_choices":[{"data":"Skewer","floor":6,"key":"SMITH"},{"data":"Deadly Poison","floor":10,"key":"SMITH"},{"data":"Glass Knife","floor":12,"key":"SMITH"},{"data":"Crippling Poison","floor":15,"key":"SMITH"}],"neow_cost":"NO_GOLD","seed_source_timestamp":248359188327103,"circlet_count":0,"master_deck":["AscendersBane","Defend_G","Defend_G","Defend_G","Defend_G","Defend_G","Strike_G","Strike_G","Strike_G","Strike_G","Survivor","Neutralize","Deadly Poison+1","Footwork","Quick Slash","Skewer+1","Glass Knife+1","Crippling Poison+1"],"relics":["Ring of the Snake","Thread and Needle","Art of War","Regal Pillow","Potion Belt","FossilizedHelix"],"potions_floor_usage":[4,13,14,16],"damage_taken":[{"damage":0,"enemies":"Small Slimes","floor":1,"turns":5},{"damage":0,"enemies":"2 Louse","floor":2,"turns":3},{"damage":0,"enemies":"Jaw Worm","floor":3,"turns":5},{"damage":2,"enemies":"Lots of Slimes","floor":4,"turns":4},{"damage":29,"enemies":"Lagavulin","floor":7,"turns":8},{"damage":0,"enemies":"2 Fungi Beasts","floor":11,"turns":4},{"damage":20,"enemies":"Gremlin Nob","floor":13,"turns":4},{"damage":0,"enemies":"Gremlin Nob","floor":14,"turns":3},{"damage":15,"enemies":"Hexaghost","floor":16,"turns":10}],"seed_played":"104720682495716268","potions_obtained":[{"floor":2,"key":"Poison Potion"},{"floor":3,"key":"SkillPotion"},{"floor":7,"key":"GamblersBrew"},{"floor":13,"key":"Weak Potion"}],"is_trial":false,"path_per_floor":["?","?"],"character_chosen":"THE_SILENT","items_purchased":[],"campfire_rested":0,"item_purchase_floors":[],"current_hp_per_floor":[59,59,59,57,62,62,33,33,33,33,33,33,13,13,13,0],"gold":148,"neow_bonus":"ONE_RARE_RELIC","is_prod":false,"is_daily":false,"chose_seed":false,"campfire_upgraded":4,"win_rate":0,"timestamp":1555825276,"path_taken":["M","M","M","M","?","R","E","$","T","R","M","R","E","?","R","BOSS"],"build_version":"2019-01-23","purchased_purges":1,"victory":false,"max_hp_per_floor":[66,66,66,66,71,71,71,71,71,71,71,71,71,71,71,71],"card_choices":[{"not_picked":["Accuracy","Quick Slash"],"picked":"Deadly Poison","floor":1},{"not_picked":["Eviscerate","All Out Attack"],"picked":"Footwork","floor":2},{"not_picked":["Underhanded Strike","Accuracy"],"picked":"Quick Slash","floor":3},{"not_picked":["Blur","Cloak And Dagger"],"picked":"Skewer","floor":4},{"not_picked":["Acrobatics","Sucker Punch","Blade Dance"],"picked":"SKIP","floor":7},{"not_picked":["Slice","Deadly Poison"],"picked":"Glass Knife","floor":11},{"not_picked":["Infinite Blades","Slice","Flechettes"],"picked":"SKIP","floor":13},{"not_picked":["Acrobatics","Terror"],"picked":"Crippling Poison","floor":14}],"player_experience":1775594,"relics_obtained":[{"floor":7,"key":"Art of War"},{"floor":9,"key":"Regal Pillow"},{"floor":13,"key":"Potion Belt"},{"floor":14,"key":"FossilizedHelix"}],"event_choices":[{"damage_healed":0,"gold_gain":0,"player_choice":"Donut","damage_taken":0,"max_hp_gain":5,"max_hp_loss":0,"event_name":"Big Fish","floor":5,"gold_loss":0},{"damage_healed":0,"gold_gain":0,"player_choice":"Searched \u00272\u0027 times","damage_taken":0,"max_hp_gain":0,"max_hp_loss":0,"event_name":"Dead Adventurer","floor":14,"gold_loss":0}],"is_beta":false,"boss_relics":[],"items_purged_floors":[8],"is_endless":false,"potions_floor_spawned":[2,3,7,11,13],"killed_by":"Hexaghost","ascension_level":20}