{"gold_per_floor":[110,110,110,110,124,151,171,199,199,217,217,235,235,269,269,343,343,343,354,136,136,151,151,182,17,93,93],"floor_reached":27,"playtime":782,"items_purged":["Strike_B"],"score":701,"play_id":"d7d62528-8603-476f-b701-e9f732a79710","local_time":"20190424002920","is_ascension_mode":true,"campfire_choices":[{"data":"Zap","floor":11.0,"key":"SMITH"},{"floor":13.0,"key":"REST"},{"data":"Strike_B","floor":15.0,"key":"PURGE"},{"floor":23.0,"key":"REST"}],"neow_cost":"NONE","seed_source_timestamp":34777559776234,"circlet_count":0,"master_deck":["AscendersBane","Strike_B","Strike_B","Defend_B","Defend_B","Defend_B","Defend_B","Zap+1","Dualcast","Coolheaded","Coolheaded","Ball Lightning+1","Rebound+1","Cold Snap+1","Sweeping Beam+1","Barrage+1","Leap","FTL+1","All For One+1","Dagger Throw+1","Backstab+1","Armaments","Self Repair"],"special_seed":0,"relics":["Cracked Core","NeowsBlessing","Molten Egg 2","Dream Catcher","Spirit Poop","Incense Burner","Ginger","Gambling Chip","Peace Pipe","Black Star","PrismaticShard","Boot","The Courier","Ornamental Fan"],"potions_floor_usage":[],"damage_taken":[{"damage":0.0,"enemies":"Cultist","floor":1.0,"turns":1.0},{"damage":0.0,"enemies":"Jaw Worm","floor":5.0,"turns":1.0},{"damage":0.0,"enemies":"3 Sentries","floor":6.0,"turns":1.0},{"damage":2.0,"enemies":"Small Slimes","floor":7.0,"turns":3.0},{"damage":16.0,"enemies":"Lagavulin","floor":8.0,"turns":5.0},{"damage":2.0,"enemies":"Red Slaver","floor":10.0,"turns":5.0},{"damage":13.0,"enemies":"Exordium Thugs","floor":12.0,"turns":3.0},{"damage":0.0,"enemies":"Gremlin Nob","floor":14.0,"turns":3.0},{"damage":0.0,"enemies":"Slime Boss","floor":16.0,"turns":5.0},{"damage":0.0,"enemies":"Shell Parasite","floor":18.0,"turns":1.0},{"damage":16.0,"enemies":"2 Thieves","floor":19.0,"turns":3.0},{"damage":38.0,"enemies":"Shelled Parasite and Fungi","floor":22.0,"turns":6.0},{"damage":27.0,"enemies":"Slavers","floor":24.0,"turns":4.0},{"damage":1,"enemies":"3 Cultists","floor":27,"turns":2}],"seed_played":"3655217827849361663","potions_obtained":[{"floor":7.0,"key":"SmokeBomb"},{"floor":8.0,"key":"SpeedPotion"},{"floor":10.0,"key":"FocusPotion"},{"floor":19.0,"key":"FairyPotion"},{"floor":24.0,"key":"GamblersBrew"}],"is_trial":false,"path_per_floor":["M","T","?","?","M","E","M","E","T","M","R","M","R","E","R","B",null,"M","M","$","?","M","R","E","$","T","M"],"character_chosen":"DEFECT","items_purchased":["PrismaticShard","Fire Potion","Self Repair"],"campfire_rested":2,"item_purchase_floors":[20,25,25],"current_hp_per_floor":[64,64,64,64,64,64,62,46,46,44,44,31,52,52,52,52,66,66,50,50,64,26,47,20,20,20,19],"gold":93,"neow_bonus":"THREE_ENEMY_KILL","is_prod":false,"is_daily":false,"chose_seed":false,"campfire_upgraded":1,"win_rate":0,"timestamp":1556058560,"path_taken":["M","?","?","?","?","E","M","E","T","M","R","M","R","E","R","BOSS","M","M","$","?","M","R","E","$","T","M"],"build_version":"2019-04-21","purchased_purges":1,"victory":false,"max_hp_per_floor":[71,71,71,71,71,71,71,71,71,71,71,71,71,71,71,71,71,71,71,71,71,71,71,71,71,71,71],"card_choices":[{"not_picked":["Conserve Battery","Ball Lightning"],"picked":"Coolheaded","floor":1.0},{"not_picked":["Streamline+1","Storm"],"picked":"Coolheaded","floor":5.0},{"not_picked":["Streamline+1","Turbo"],"picked":"Ball Lightning+1","floor":6.0},{"not_picked":["Scrape+1","Recycle"],"picked":"Rebound+1","floor":7.0},{"not_picked":["Beam Cell+1","Gash+1"],"picked":"Cold Snap+1","floor":8.0},{"not_picked":["Turbo","Force Field"],"picked":"Sweeping Beam+1","floor":10.0},{"not_picked":["Turbo","Cold Snap+1"],"picked":"Barrage+1","floor":12.0},{"not_picked":["Barrage+1","Thunder Strike+1"],"picked":"Leap","floor":13.0},{"not_picked":["Darkness","Hologram"],"picked":"FTL+1","floor":14.0},{"not_picked":["Rainbow","Hyperbeam+1"],"picked":"All For One+1","floor":16.0},{"not_picked":["Rebound+1","Cold Snap+1","Coolheaded"],"picked":"SKIP","floor":19.0},{"not_picked":["Blind","Shrug It Off"],"picked":"Dagger Throw+1","floor":22.0},{"not_picked":["Shrug It Off","Conserve Battery"],"picked":"Backstab+1","floor":23.0},{"not_picked":["Phantasmal Killer","Bane+1"],"picked":"Armaments","floor":24.0}],"player_experience":1198999,"relics_obtained":[{"floor":2.0,"key":"Molten Egg 2"},{"floor":6.0,"key":"Incense Burner"},{"floor":8.0,"key":"Ginger"},{"floor":9.0,"key":"Gambling Chip"},{"floor":14.0,"key":"Peace Pipe"},{"floor":24.0,"key":"Boot"},{"floor":24.0,"key":"The Courier"},{"floor":26,"key":"Ornamental Fan"}],"event_choices":[{"damage_healed":0.0,"max_hp_gain":0.0,"max_hp_loss":0.0,"gold_gain":0.0,"event_name":"Big Fish","player_choice":"Box","floor":3.0,"gold_loss":0.0,"damage_taken":0.0,"relics_obtained":["Dream Catcher"],"cards_obtained":["Regret"]},{"cards_removed":["Regret"],"damage_healed":0.0,"max_hp_gain":0.0,"max_hp_loss":0.0,"gold_gain":0.0,"event_name":"Bonfire Elementals","player_choice":"Offered Curse","floor":4.0,"gold_loss":0.0,"damage_taken":0.0,"relics_obtained":["Spirit Poop"]},{"damage_healed":14.0,"max_hp_gain":0.0,"max_hp_loss":0.0,"gold_gain":0.0,"event_name":"The Library","player_choice":"Heal","floor":21.0,"gold_loss":0.0,"damage_taken":0.0}],"is_beta":true,"boss_relics":[{"not_picked":["White Beast Statue","Velvet Choker"],"picked":"Black Star"}],"items_purged_floors":[25],"is_endless":false,"potions_floor_spawned":[7,8,10,14,19,24],"killed_by":"3 Cultists","ascension_level":20}