{"gold_per_floor":[113,113,37,47,47,77,109,121,158,170,200,222,247,279,291,400,412,443,473,485,512,524],"floor_reached":22,"playtime":806,"items_purged":[],"score":215,"play_id":"7fb644a2-b62e-4066-b81b-a6ddab2c03b9","local_time":"20181029190724","is_ascension_mode":false,"campfire_choices":[{"data":"Storm","floor":8,"key":"SMITH"},{"data":"Dualcast","floor":10,"key":"SMITH"},{"data":"Thunder Strike","floor":15,"key":"SMITH"}],"neow_cost":"NONE","seed_source_timestamp":94054235195600,"circlet_count":0,"master_deck":["Strike_B","Strike_B","Strike_B","Defend_B","Defend_B","Defend_B","Defend_B","Zap+1","Dualcast+1","Heatsinks","Storm+1","Rebound","BootSequence","Undo","Thunder Strike+1","Conserve Battery","Machine Learning","Rebound","White Noise","Leap"],"relics":["Cracked Core","NeowsBlessing","MawBank","Orichalcum","Black Star"],"potions_floor_usage":[13,16,16,19,21],"damage_taken":[{"damage":0,"enemies":"Small Slimes","floor":1,"turns":1},{"damage":0,"enemies":"Jaw Worm","floor":4,"turns":1},{"damage":0,"enemies":"3 Sentries","floor":6,"turns":2},{"damage":4,"enemies":"Cultist","floor":7,"turns":4},{"damage":2,"enemies":"Blue Slaver","floor":11,"turns":3},{"damage":0,"enemies":"Looter","floor":12,"turns":3},{"damage":1,"enemies":"Lots of Slimes","floor":13,"turns":4},{"damage":1,"enemies":"Blue Slaver","floor":14,"turns":3},{"damage":21,"enemies":"Slime Boss","floor":16,"turns":8},{"damage":21,"enemies":"2 Thieves","floor":18,"turns":4},{"damage":13,"enemies":"Shell Parasite","floor":19,"turns":4},{"damage":27,"enemies":"Shelled Parasite and Fungi","floor":21,"turns":5},{"damage":14,"enemies":"Cultist and Chosen","floor":22,"turns":4}],"seed_played":"4667264746018705985","potions_obtained":[{"floor":1,"key":"FocusPotion"},{"floor":7,"key":"EssenceOfSteel"},{"floor":11,"key":"Block Potion"},{"floor":14,"key":"Swift Potion"},{"floor":18,"key":"PowerPotion"}],"is_trial":false,"path_per_floor":["M","?","$","M","?","E","M","R","T","R","M","M","M","M","R","B",null,"M","M","$","M"],"character_chosen":"DEFECT","items_purchased":["Storm"],"campfire_rested":0,"item_purchase_floors":[3],"current_hp_per_floor":[75,68,68,68,68,68,64,64,64,64,62,62,61,60,60,39,75,54,41,41,14,0],"gold":524,"neow_bonus":"THREE_ENEMY_KILL","is_prod":false,"is_daily":false,"chose_seed":false,"campfire_upgraded":3,"win_rate":0,"timestamp":1540854444,"path_taken":["M","?","$","M","?","E","M","R","T","R","?","M","M","M","R","BOSS","M","M","?","M","?"],"build_version":"2018-10-29","purchased_purges":0,"victory":false,"max_hp_per_floor":[75,75,75,75,75,75,75,75,75,75,75,75,75,75,75,75,75,75,75,75,75,75],"card_choices":[{"not_picked":["Skim","Compile Driver"],"picked":"Heatsinks","floor":1},{"not_picked":["Gash","Beam Cell"],"picked":"Rebound","floor":4},{"not_picked":["Turbo","Sweeping Beam"],"picked":"BootSequence","floor":6},{"not_picked":["Blizzard","Beam Cell","Reprogram"],"picked":"SKIP","floor":7},{"not_picked":["Ball Lightning","Streamline"],"picked":"Undo","floor":11},{"not_picked":["Redo","Go for the Eyes"],"picked":"Thunder Strike","floor":12},{"not_picked":["Consume","Barrage","Reprogram"],"picked":"SKIP","floor":13},{"not_picked":["Gash","Fusion"],"picked":"Conserve Battery","floor":14},{"not_picked":["Multi-Cast","Meteor Strike"],"picked":"Machine Learning","floor":16},{"not_picked":["Consume","Undo"],"picked":"Rebound","floor":18},{"not_picked":["Streamline+1","Undo"],"picked":"White Noise","floor":19},{"not_picked":["Chaos","Hologram"],"picked":"Leap","floor":21}],"player_experience":263144,"relics_obtained":[{"floor":6,"key":"MawBank"},{"floor":9,"key":"Orichalcum"}],"event_choices":[{"cards_removed":["Strike_B"],"damage_healed":0,"gold_gain":0,"player_choice":"Card Removal","damage_taken":7,"max_hp_gain":0,"max_hp_loss":0,"event_name":"Golden Wing","floor":2,"gold_loss":0},{"damage_healed":0,"gold_gain":0,"player_choice":"Upgraded","damage_taken":0,"max_hp_gain":0,"max_hp_loss":0,"event_name":"Upgrade Shrine","floor":5,"gold_loss":0,"cards_upgraded":["Zap"]}],"is_beta":true,"boss_relics":[{"not_picked":["Cursed Key","Coffee Dripper"],"picked":"Black Star"}],"items_purged_floors":[],"is_endless":false,"potions_floor_spawned":[1,7,11,14,18],"killed_by":"Cultist and Chosen","ascension_level":0}