{"gold_per_floor":[217,237,237,256,33,59,59,78,78,89,20,20,50,50,50,174,174,192,192,215,235,256,279,75,96,178,202,202,117,63,102,102,233,233,248,581,599,616,616,616,626,646,646,673,312,272,286,51,51,51,51,51,11,37,37],"floor_reached":56,"playtime":11462,"items_purged":[],"score":1176,"play_id":"6f4078de-027f-4656-85a6-f9e05a79cbb5","local_time":"20190309075343","is_ascension_mode":false,"campfire_choices":[{"data":"Footwork","floor":7,"key":"SMITH"},{"data":"Well Laid Plans","floor":12,"key":"SMITH"},{"data":"Neutralize","floor":15,"key":"SMITH"},{"floor":28,"key":"RECALL"},{"data":"Finisher","floor":32,"key":"SMITH"},{"data":"A Thousand Cuts","floor":40,"key":"SMITH"},{"floor":49,"key":"REST"},{"data":"Footwork","floor":52,"key":"SMITH"}],"neow_cost":"NONE","seed_source_timestamp":261062081345729,"circlet_count":0,"master_deck":["Defend_G","Defend_G","Defend_G","Defend_G+1","Defend_G","Strike_G","Strike_G+1","Strike_G","Strike_G","Survivor","Neutralize+1","Dagger Throw+1","Backflip","Footwork+1","Finisher+1","Flying Knee","Flying Knee","Blur","Well Laid Plans+1","Footwork+1","After Image+1","Backstab+1","Cloak And Dagger+1","Blur","Prepared","Infinite Blades","PiercingWail","Terror+1","A Thousand Cuts+1","Dodge and Roll","Cloak And Dagger","PiercingWail+1","Flash of Steel","PiercingWail+1"],"relics":["Ring of the Snake","Vajra","Omamori","Pantograph","Odd Mushroom","Busted Crown","Strawberry","Calipers","Cursed Key","The Courier","Singing Bowl","Kunai","Whetstone","Pen Nib","Lantern"],"potions_floor_usage":[6,16,31,31,31,41,50,50,55,55],"damage_taken":[{"damage":2,"enemies":"Small Slimes","floor":1,"turns":4},{"damage":1,"enemies":"2 Louse","floor":2,"turns":4},{"damage":1,"enemies":"Cultist","floor":4,"turns":4},{"damage":3,"enemies":"Gremlin Nob","floor":6,"turns":4},{"damage":0,"enemies":"3 Louse","floor":8,"turns":2},{"damage":0,"enemies":"Blue Slaver","floor":10,"turns":4},{"damage":3,"enemies":"The Mushroom Lair","floor":13,"turns":5},{"damage":3,"enemies":"Hexaghost","floor":16,"turns":10},{"damage":0,"enemies":"3 Byrds","floor":18,"turns":6},{"damage":0,"enemies":"Shell Parasite","floor":20,"turns":5},{"damage":0,"enemies":"3 Cultists","floor":21,"turns":6},{"damage":0,"enemies":"Snecko","floor":22,"turns":5},{"damage":0,"enemies":"Cultist and Chosen","floor":23,"turns":9},{"damage":5,"enemies":"Centurion and Healer","floor":25,"turns":10},{"damage":3,"enemies":"3 Cultists","floor":27,"turns":7},{"damage":1,"enemies":"Gremlin Leader","floor":31,"turns":11},{"damage":4,"enemies":"Automaton","floor":33,"turns":13},{"damage":24,"enemies":"3 Darklings","floor":35,"turns":7},{"damage":5,"enemies":"Orb Walker","floor":37,"turns":5},{"damage":0,"enemies":"Sphere and 2 Shapes","floor":38,"turns":6},{"damage":0,"enemies":"Transient","floor":41,"turns":5},{"damage":19,"enemies":"Jaw Worm Horde","floor":42,"turns":6},{"damage":0,"enemies":"Nemesis","floor":44,"turns":5},{"damage":5,"enemies":"Spire Growth","floor":47,"turns":6},{"damage":34,"enemies":"Donu and Deca","floor":50,"turns":15},{"damage":29,"enemies":"Shield and Spear","floor":54,"turns":11},{"damage":74,"enemies":"The Heart","floor":55,"turns":15}],"seed_played":"-2368518604101334707","potions_obtained":[{"floor":4,"key":"GamblersBrew"},{"floor":6,"key":"GamblersBrew"},{"floor":8,"key":"LiquidBronze"},{"floor":10,"key":"Block Potion"},{"floor":22,"key":"Fire Potion"},{"floor":38,"key":"PowerPotion"},{"floor":42,"key":"Dexterity Potion"},{"floor":47,"key":"EssenceOfSteel"}],"is_trial":false,"path_per_floor":["?","?","?","?","M","?","?","?","?"],"character_chosen":"THE_SILENT","items_purchased":["Vajra","Finisher","Well Laid Plans","Prepared","Strawberry","PiercingWail","Kunai","Whetstone","Strength Potion","Weak Potion","Pen Nib","Flash of Steel","Swift Potion"],"campfire_rested":1,"item_purchase_floors":[5,5,11,24,24,30,45,45,45,48,48,48,53],"current_hp_per_floor":[68,67,53,52,52,49,49,49,49,49,49,49,46,29,29,51,70,70,70,70,70,70,70,77,72,72,69,69,69,69,68,68,73,77,53,53,48,48,48,48,48,29,29,31,31,31,28,28,52,43,81,81,81,52,3],"gold":37,"neow_bonus":"HUNDRED_GOLD","is_prod":false,"is_daily":false,"chose_seed":false,"campfire_upgraded":6,"win_rate":0,"timestamp":1552118023,"path_taken":["M","M","?","M","$","E","R","M","T","M","$","R","?","?","R","BOSS","M","?","M","M","?","M","$","M","T","M","R","?","$","E","R","BOSS","M","?","M","M","?","R","M","M","T","E","$","?","M","$","R","BOSS","R","$","E","BOSS"],"build_version":"2019-01-23","purchased_purges":0,"victory":true,"max_hp_per_floor":[70,70,70,70,70,70,70,70,70,70,70,70,70,70,70,70,70,70,70,70,70,70,70,77,77,77,77,77,77,77,77,77,77,77,77,77,77,77,77,77,77,77,77,79,79,79,81,81,81,81,81,81,81,81,81],"card_choices":[{"not_picked":["Acrobatics","Calculated Gamble"],"picked":"Dagger Throw","floor":1},{"not_picked":["Accuracy","Distraction"],"picked":"Backflip","floor":2},{"not_picked":["Flying Knee","Dagger Throw"],"picked":"Footwork","floor":4},{"not_picked":["Slice","Deadly Poison"],"picked":"Flying Knee","floor":6},{"not_picked":["Masterful Stab","Acrobatics"],"picked":"Flying Knee","floor":8},{"not_picked":["Prepared","Outmaneuver"],"picked":"Blur","floor":10},{"not_picked":["All Out Attack","Poisoned Stab"],"picked":"Footwork","floor":13},{"not_picked":["Corpse Explosion","Grand Finale"],"picked":"After Image","floor":16},{"not_picked":[],"picked":"Backstab","floor":18},{"not_picked":["Flechettes"],"picked":"SKIP","floor":20},{"not_picked":[],"picked":"Cloak And Dagger+1","floor":21},{"not_picked":[],"picked":"Blur","floor":22},{"not_picked":["Dagger Throw"],"picked":"SKIP","floor":23},{"not_picked":[],"picked":"Infinite Blades","floor":25},{"not_picked":["Flying Knee"],"picked":"SKIP","floor":27},{"not_picked":[],"picked":"Terror+1","floor":31},{"not_picked":[],"picked":"A Thousand Cuts","floor":33},{"not_picked":[],"picked":"Dodge and Roll","floor":35},{"not_picked":[],"picked":"Cloak And Dagger","floor":37},{"not_picked":[],"picked":"PiercingWail+1","floor":38},{"not_picked":["Flying Knee"],"picked":"SKIP","floor":41},{"not_picked":["Deflect"],"picked":"SKIP","floor":42},{"not_picked":["Expertise"],"picked":"Singing Bowl","floor":44},{"not_picked":["Heel Hook"],"picked":"Singing Bowl","floor":47},{"not_picked":[],"picked":"PiercingWail+1","floor":54}],"player_experience":155588,"relics_obtained":[{"floor":6,"key":"Omamori"},{"floor":9,"key":"Pantograph"},{"floor":13,"key":"Odd Mushroom"},{"floor":43,"key":"The Courier"},{"floor":44,"key":"Singing Bowl"},{"floor":54,"key":"Lantern"}],"event_choices":[{"damage_healed":0,"gold_gain":0,"player_choice":"Entered Light","damage_taken":14,"max_hp_gain":0,"max_hp_loss":0,"event_name":"Shining Light","floor":3,"gold_loss":0,"cards_upgraded":["Defend_G","Dagger Throw"]},{"damage_healed":0,"gold_gain":0,"player_choice":"Fought Mushrooms","damage_taken":0,"max_hp_gain":0,"max_hp_loss":0,"event_name":"Mushrooms","floor":13,"gold_loss":0},{"damage_healed":0,"gold_gain":0,"player_choice":"Take Damage","damage_taken":17,"relics_obtained":["Golden Idol"],"max_hp_gain":0,"max_hp_loss":0,"event_name":"Golden Idol","floor":14,"gold_loss":0},{"cards_removed":["Strike_G"],"damage_healed":0,"gold_gain":0,"player_choice":"Purged","damage_taken":0,"max_hp_gain":0,"max_hp_loss":0,"event_name":"Purifier","floor":19,"gold_loss":0},{"damage_healed":0,"gold_gain":0,"player_choice":"Obtained Relic","damage_taken":0,"relics_obtained":["Calipers"],"max_hp_gain":0,"max_hp_loss":0,"event_name":"Addict","floor":29,"gold_loss":85},{"damage_healed":0,"gold_gain":333,"player_choice":"Gave Idol","damage_taken":0,"max_hp_gain":0,"max_hp_loss":0,"event_name":"The Moai Head","floor":36,"relics_lost":["Golden Idol"],"gold_loss":0},{"damage_healed":0,"gold_gain":0,"player_choice":"Memory 1","damage_taken":0,"max_hp_gain":0,"max_hp_loss":0,"event_name":"SensoryStone","floor":39,"gold_loss":0},{"damage_healed":0,"gold_gain":0,"player_choice":"Upgrade","damage_taken":0,"max_hp_gain":0,"max_hp_loss":0,"event_name":"Designer","floor":46,"gold_loss":40,"cards_upgraded":["After Image"]}],"is_beta":false,"boss_relics":[{"not_picked":["Tiny House","Pandora\u0027s Box"],"picked":"Busted Crown"},{"not_picked":["Runic Pyramid","Philosopher\u0027s Stone"],"picked":"Cursed Key"}],"items_purged_floors":[],"is_endless":false,"potions_floor_spawned":[4,6,8,10,22,23,25,38,42,47],"ascension_level":0}