{"gold_per_floor":[119,134,149,169,186,186,205,236,313,29,58,58,19,33,33,132,132,145,160,160,79,79,79,112,112,112,126,126,137,168,181,181,279,279,292,292,62,62,0,0,18,46,46,66,85,111,111,126,126,126],"floor_reached":51,"playtime":6052,"items_purged":["Strike_B","Bite"],"score":1063,"play_id":"3e85a838-16e4-4597-825b-7cffeede1cd1","local_time":"20190424201937","is_ascension_mode":true,"campfire_choices":[{"data":"Chill","floor":6.0,"key":"SMITH"},{"data":"Sunder","floor":12.0,"key":"SMITH"},{"data":"Defragment","floor":15.0,"key":"SMITH"},{"data":"Buffer","floor":23.0,"key":"SMITH"},{"data":"Capacitor","floor":25.0,"key":"SMITH"},{"data":"Force Field","floor":28.0,"key":"SMITH"},{"floor":32,"key":"REST"},{"data":"Glacier","floor":40,"key":"SMITH"},{"floor":47,"key":"REST"},{"data":"Darkness","floor":49,"key":"SMITH"}],"neow_cost":"NONE","seed_source_timestamp":0,"circlet_count":0,"master_deck":["Defend_B","Defend_B","Defend_B","Defend_B","Zap+1","Dualcast+1","Gash","Ball Lightning","Cold Snap+1","Darkness+1","Chill+1","Coolheaded","Sunder+1","Turbo","Defragment+1","Buffer+1","Steam+1","Capacitor+1","Bite+1","Bite","Bite","FTL","Force Field+1","Loop+1","Machine Learning","Reboot+1","Coolheaded+1","Glacier+1","Conserve Battery","Finesse","Stack+1","Double Energy"],"special_seed":0,"relics":["Cracked Core","Darkstone Periapt","HandDrill","Pen Nib","Velvet Choker","MutagenicStrength","Ice Cream","Bottled Lightning","Whetstone","Runic Pyramid","Red Mask","Oddly Smooth Stone","Pantograph","War Paint"],"potions_floor_usage":[30,50,50,50],"damage_taken":[{"damage":3.0,"enemies":"2 Louse","floor":1.0,"turns":3.0},{"damage":2.0,"enemies":"Jaw Worm","floor":2.0,"turns":3.0},{"damage":2.0,"enemies":"Small Slimes","floor":3.0,"turns":3.0},{"damage":4.0,"enemies":"Looter","floor":4.0,"turns":3.0},{"damage":0.0,"enemies":"3 Louse","floor":5.0,"turns":3.0},{"damage":0.0,"enemies":"Blue Slaver","floor":7.0,"turns":4.0},{"damage":15.0,"enemies":"Lagavulin","floor":8.0,"turns":6.0},{"damage":22.0,"enemies":"Gremlin Nob","floor":11.0,"turns":4.0},{"damage":0.0,"enemies":"Lots of Slimes","floor":14.0,"turns":4.0},{"damage":1.0,"enemies":"Slime Boss","floor":16.0,"turns":8.0},{"damage":0.0,"enemies":"Spheric Guardian","floor":18.0,"turns":4.0},{"damage":0.0,"enemies":"3 Byrds","floor":19.0,"turns":4.0},{"damage":57.0,"enemies":"Book of Stabbing","floor":24.0,"turns":8.0},{"damage":0.0,"enemies":"Centurion and Healer","floor":27.0,"turns":6.0},{"damage":30.0,"enemies":"Snake Plant","floor":29.0,"turns":3.0},{"damage":7,"enemies":"Slavers","floor":30,"turns":4},{"damage":1,"enemies":"3 Cultists","floor":31,"turns":6},{"damage":9,"enemies":"Champ","floor":33,"turns":10},{"damage":7,"enemies":"Orb Walker","floor":35,"turns":5},{"damage":0,"enemies":"3 Darklings","floor":41,"turns":7},{"damage":74,"enemies":"Reptomancer","floor":42,"turns":10},{"damage":0,"enemies":"4 Shapes","floor":44,"turns":6},{"damage":0,"enemies":"Transient","floor":45,"turns":5},{"damage":32,"enemies":"Giant Head","floor":46,"turns":11},{"damage":0,"enemies":"3 Darklings","floor":48,"turns":8},{"damage":0,"enemies":"Awakened One","floor":50,"turns":15}],"seed_played":"-6730243101422067979","potions_obtained":[{"floor":2.0,"key":"Fire Potion"},{"floor":4.0,"key":"Dexterity Potion"},{"floor":5.0,"key":"AttackPotion"},{"floor":41,"key":"Ancient Potion"},{"floor":42,"key":"SteroidPotion"}],"is_trial":false,"path_per_floor":["M","M","M","M","M","R","M","E","T","$","E","R","?","M","R","B",null,"M","M","?","$","?","R","E","R","T","M","R","M","E","M","R","B",null,"M","?","$","?","?","R","M","E","T","M","M","E","R","M","R","B",null],"character_chosen":"DEFECT","items_purchased":["HandDrill","Capacitor","Glacier","Conserve Battery"],"campfire_rested":2,"item_purchase_floors":[10,21,37,37],"current_hp_per_floor":[65,63,61,57,57,57,57,42,42,42,22,22,22,24,24,25,63,65,67,67,67,67,67,22,22,22,36,36,14,17,28,50,61,72,74,74,74,74,74,74,75,16,16,23,30,17,39,55,55,75],"gold":126,"neow_bonus":"UPGRADE_CARD","is_prod":false,"is_daily":false,"chose_seed":false,"campfire_upgraded":8,"win_rate":0,"timestamp":1556162377,"path_taken":["M","M","M","M","M","R","M","E","T","$","E","R","?","M","R","BOSS","M","M","?","$","?","R","E","R","T","M","R","M","E","M","R","BOSS","M","?","$","?","?","R","M","E","T","?","M","E","R","?","R","BOSS"],"build_version":"2019-01-23","purchased_purges":2,"victory":true,"max_hp_per_floor":[75,75,75,75,75,75,75,75,75,75,75,75,75,75,75,75,75,75,75,75,75,75,75,75,75,75,75,75,75,75,75,75,75,75,75,75,75,75,75,75,75,75,75,75,75,75,75,75,75,75],"card_choices":[{"not_picked":["Redo","Conserve Battery"],"picked":"Gash","floor":1.0},{"not_picked":["Lockon","Sweeping Beam"],"picked":"Ball Lightning","floor":2.0},{"not_picked":["BootSequence","Barrage"],"picked":"Cold Snap","floor":3.0},{"not_picked":["Rebound","Hologram"],"picked":"Darkness","floor":4.0},{"not_picked":["Hologram","Sweeping Beam"],"picked":"Chill","floor":5.0},{"not_picked":["Rainbow","Barrage"],"picked":"Coolheaded","floor":7.0},{"not_picked":["Rip and Tear","Rebound"],"picked":"Sunder","floor":8.0},{"not_picked":["Rainbow","Static Discharge"],"picked":"Turbo","floor":11.0},{"not_picked":["Hologram","Compile Driver"],"picked":"Defragment","floor":14.0},{"not_picked":["Rainbow","Seek"],"picked":"Buffer","floor":16.0},{"not_picked":["Rebound","Barrage","Lockon+1"],"picked":"SKIP","floor":18.0},{"not_picked":["Barrage+1","Steam Power"],"picked":"Steam+1","floor":19.0},{"not_picked":["Steam","Barrage+1"],"picked":"FTL","floor":24.0},{"not_picked":["Thunder Strike","Self Repair"],"picked":"Force Field","floor":27.0},{"not_picked":["Conserve Battery","Genetic Algorithm"],"picked":"Loop+1","floor":29.0},{"not_picked":["Leap","Hologram"],"picked":"Machine Learning","floor":30},{"not_picked":["Barrage","Ball Lightning","Cold Snap"],"picked":"SKIP","floor":31},{"not_picked":["All For One","Fission"],"picked":"Reboot","floor":33},{"not_picked":["Cold Snap","Lockon+1"],"picked":"Coolheaded+1","floor":35},{"not_picked":["Forethought","Jack Of All Trades"],"picked":"Finesse","floor":38},{"not_picked":["Darkness+1","Reprogram"],"picked":"Stack+1","floor":41},{"not_picked":["Reinforced Body+1","Streamline+1"],"picked":"Double Energy","floor":42},{"not_picked":["Streamline","Beam Cell+1","Rebound"],"picked":"SKIP","floor":44},{"not_picked":["Conserve Battery+1","Storm+1","Stack+1"],"picked":"SKIP","floor":45},{"not_picked":["Gash+1","Double Energy+1","Hyperbeam"],"picked":"SKIP","floor":46},{"not_picked":["Stack","Capacitor+1","FTL+1"],"picked":"SKIP","floor":48}],"player_experience":235095,"relics_obtained":[{"floor":8.0,"key":"Blood Vial"},{"floor":9.0,"key":"Darkstone Periapt"},{"floor":11.0,"key":"Pen Nib"},{"floor":24.0,"key":"Ice Cream"},{"floor":26.0,"key":"Bottled Lightning"},{"floor":30,"key":"Whetstone"},{"floor":42,"key":"Oddly Smooth Stone"},{"floor":43,"key":"Pantograph"},{"floor":46,"key":"War Paint"}],"event_choices":[{"damage_healed":0.0,"max_hp_gain":0.0,"max_hp_loss":0.0,"gold_gain":0.0,"event_name":"World of Goop","player_choice":"Left Gold","floor":13.0,"gold_loss":39.0,"damage_taken":0.0},{"damage_healed":0.0,"max_hp_gain":0.0,"max_hp_loss":0.0,"gold_gain":0.0,"event_name":"Drug Dealer","player_choice":"Inject Mutagens","floor":20.0,"gold_loss":0.0,"damage_taken":0.0,"relics_obtained":["MutagenicStrength"]},{"damage_healed":0.0,"max_hp_gain":0.0,"max_hp_loss":0.0,"gold_gain":0.0,"event_name":"Vampires","player_choice":"Became a vampire (Vial)","floor":22.0,"relics_lost":["Blood Vial"],"gold_loss":0.0,"damage_taken":0.0,"cards_obtained":["Bite","Bite","Bite","Bite","Bite"]},{"cards_removed":["Bite"],"damage_healed":0,"gold_gain":0,"player_choice":"Removed Attack","damage_taken":0,"max_hp_gain":0,"max_hp_loss":0,"event_name":"Falling","floor":36,"gold_loss":0},{"damage_healed":0,"gold_gain":0,"player_choice":"Memory 1","damage_taken":0,"max_hp_gain":0,"max_hp_loss":0,"event_name":"SensoryStone","floor":38,"gold_loss":0},{"damage_healed":0,"gold_gain":0,"player_choice":"Paid","damage_taken":0,"relics_obtained":["Red Mask"],"max_hp_gain":0,"max_hp_loss":0,"event_name":"Tomb of Lord Red Mask","floor":39,"gold_loss":62}],"is_beta":false,"boss_relics":[{"not_picked":["Fusion Hammer","Astrolabe"],"picked":"Velvet Choker"},{"not_picked":["Pandora\u0027s Box","Runic Dome"],"picked":"Runic Pyramid"}],"items_purged_floors":[10,37],"is_endless":false,"potions_floor_spawned":[2,4,5,11,24,27,29,41,42,48],"ascension_level":8}