{"gold_per_floor":[110,123,32,48,48,48,81,95,122,148,148,148,159,176,176,277,277,295,295,25,25,45,45,74,94,94,94,112,55,69,101,101,199,199,210,220,246,104,121,121,169,169,169,169,169,179,179,211,223,235],"floor_reached":51,"playtime":6715,"items_purged":["Strike_B","Clumsy"],"score":870,"play_id":"c0067d0b-4844-4878-bc15-af4fc7cd0855","local_time":"20190331054814","is_ascension_mode":true,"campfire_choices":[{"data":"Consume","floor":6,"key":"SMITH"},{"data":"Go for the Eyes","floor":11,"key":"SMITH"},{"data":"Defragment","floor":15,"key":"SMITH"},{"floor":23,"key":"REST"},{"data":"Creative AI","floor":32,"key":"SMITH"},{"data":"Defragment","floor":40,"key":"SMITH"},{"data":"Dualcast","floor":44,"key":"SMITH"},{"floor":47,"key":"REST"},{"data":"Electrodynamics","floor":49,"key":"SMITH"}],"neow_cost":"NONE","seed_source_timestamp":131666844262666,"circlet_count":0,"master_deck":["Strike_B","Strike_B","Strike_B","Defend_B","Defend_B","Defend_B","Defend_B","Zap+1","Dualcast+1","Conserve Battery","Cold Snap","Consume+1","Compile Driver","Electrodynamics+1","Hello World","Go for the Eyes+1","Defragment+1","Flash of Steel","Skim","Glacier","All For One","Glacier+1","Sweeping Beam","Self Repair","Injury","Creative AI+1","Doom and Gloom","Defragment+1"],"relics":["Cracked Core","Regal Pillow","Vajra","Happy Flower","Cursed Key","PreservedInsect","The Courier","Kunai","Singing Bowl","Shuriken","Philosopher\u0027s Stone","Omamori","Dead Branch","Darkstone Periapt","MawBank"],"potions_floor_usage":[7,10,36,39,39,39,46,50,50,50],"damage_taken":[{"damage":4,"enemies":"Small Slimes","floor":1,"turns":3},{"damage":0,"enemies":"Cultist","floor":2,"turns":3},{"damage":0,"enemies":"2 Louse","floor":4,"turns":2},{"damage":9,"enemies":"Gremlin Nob","floor":7,"turns":3},{"damage":0,"enemies":"Large Slime","floor":8,"turns":3},{"damage":5,"enemies":"3 Sentries","floor":10,"turns":3},{"damage":4,"enemies":"Blue Slaver","floor":13,"turns":3},{"damage":4,"enemies":"Red Slaver","floor":14,"turns":4},{"damage":0,"enemies":"Slime Boss","floor":16,"turns":5},{"damage":5,"enemies":"3 Byrds","floor":18,"turns":3},{"damage":0,"enemies":"Chosen","floor":22,"turns":3},{"damage":17,"enemies":"Gremlin Leader","floor":24,"turns":5},{"damage":4,"enemies":"Centurion and Healer","floor":25,"turns":6},{"damage":7,"enemies":"Chosen and Byrds","floor":28,"turns":4},{"damage":3,"enemies":"Snake Plant","floor":30,"turns":4},{"damage":2,"enemies":"Book of Stabbing","floor":31,"turns":5},{"damage":27,"enemies":"Automaton","floor":33,"turns":13},{"damage":11,"enemies":"Orb Walker","floor":35,"turns":5},{"damage":0,"enemies":"3 Darklings","floor":36,"turns":4},{"damage":15,"enemies":"Jaw Worm Horde","floor":39,"turns":3},{"damage":51,"enemies":"2 Orb Walkers","floor":41,"turns":7},{"damage":21,"enemies":"Spire Growth","floor":46,"turns":5},{"damage":13,"enemies":"Reptomancer","floor":48,"turns":5},{"damage":51,"enemies":"Time Eater","floor":50,"turns":12}],"seed_played":"-8332470615153870275","potions_obtained":[{"floor":2,"key":"EssenceOfSteel"},{"floor":4,"key":"SneckoOil"},{"floor":7,"key":"Strength Potion"},{"floor":10,"key":"Fire Potion"},{"floor":16,"key":"Energy Potion"},{"floor":18,"key":"Energy Potion"},{"floor":30,"key":"Block Potion"},{"floor":36,"key":"EntropicBrew"},{"floor":39,"key":"Energy Potion"},{"floor":41,"key":"SneckoOil"},{"floor":48,"key":"AttackPotion"}],"is_trial":false,"path_per_floor":["?","M","?","?","?","T","?","?","?"],"character_chosen":"DEFECT","items_purchased":["Consume","Compile Driver","Sweeping Beam","PreservedInsect","Doom and Gloom","EssenceOfSteel"],"campfire_rested":2,"item_purchase_floors":[3,3,20,20,29,38],"current_hp_per_floor":[71,71,71,71,71,71,62,62,62,57,57,57,53,49,49,49,75,70,70,70,56,56,80,63,59,59,59,59,59,65,72,72,54,86,84,90,90,90,75,75,33,80,80,80,82,63,84,80,80,36],"gold":247,"neow_bonus":"UPGRADE_CARD","is_prod":false,"is_daily":false,"chose_seed":false,"campfire_upgraded":7,"win_rate":0,"timestamp":1554007694,"path_taken":["M","M","$","M","$","R","E","M","T","E","R","?","?","M","R","BOSS","M","?","$","?","M","R","E","M","T","?","M","$","M","E","R","BOSS","M","M","?","$","M","R","?","?","T","R","?","M","R","E","R","BOSS"],"build_version":"2019-01-23","purchased_purges":2,"victory":true,"max_hp_per_floor":[75,75,75,75,75,75,75,75,75,75,75,75,75,75,75,75,75,75,75,75,80,80,80,80,80,80,80,80,80,82,84,84,86,86,88,90,90,90,90,90,92,80,80,80,82,84,84,86,86,86],"card_choices":[{"not_picked":["Turbo","Redo"],"picked":"Conserve Battery","floor":1},{"not_picked":["Stack","Hologram"],"picked":"Cold Snap","floor":2},{"not_picked":["Turbo","Conserve Battery"],"picked":"Electrodynamics","floor":4},{"not_picked":["Leap","Seek"],"picked":"Hello World","floor":7},{"not_picked":["Steam","Capacitor"],"picked":"Go for the Eyes","floor":8},{"not_picked":["Ball Lightning","Rebound"],"picked":"Defragment","floor":10},{"not_picked":["Chill","Defragment"],"picked":"Glacier","floor":13},{"not_picked":["Coolheaded","Turbo","Rebound"],"picked":"SKIP","floor":14},{"not_picked":["Multi-Cast","Fission"],"picked":"All For One","floor":16},{"not_picked":["Cold Snap+1","Ball Lightning"],"picked":"Glacier+1","floor":18},{"not_picked":["Coolheaded+1","Turbo","Barrage"],"picked":"SKIP","floor":22},{"not_picked":["Recycle+1","Coolheaded","Melter+1"],"picked":"SKIP","floor":24},{"not_picked":["Coolheaded","Redo"],"picked":"Self Repair","floor":25},{"not_picked":["Consume+1","Sunder+1"],"picked":"Creative AI","floor":28},{"not_picked":["Ball Lightning","Glacier+1","Sweeping Beam"],"picked":"Singing Bowl","floor":30},{"not_picked":["Rebound","Compile Driver+1","Blizzard"],"picked":"Singing Bowl","floor":31},{"not_picked":["Biased Cognition","Fission","Thunder Strike"],"picked":"Singing Bowl","floor":33},{"not_picked":["Rebound+1","Double Energy+1","Compile Driver+1"],"picked":"Singing Bowl","floor":35},{"not_picked":["Scrape+1","Ball Lightning","Rebound"],"picked":"Singing Bowl","floor":36},{"not_picked":["Recycle+1","Stack+1"],"picked":"Defragment","floor":39},{"not_picked":["Defragment","Stack","Recycle+1"],"picked":"Singing Bowl","floor":41},{"not_picked":["Purity","Secret Weapon","Blind"],"picked":"Singing Bowl","floor":45},{"not_picked":["Barrage","Sunder","Stack+1"],"picked":"Singing Bowl","floor":46},{"not_picked":["Leap+1","Conserve Battery","Coolheaded"],"picked":"Singing Bowl","floor":48}],"player_experience":413018,"relics_obtained":[{"floor":7,"key":"Regal Pillow"},{"floor":9,"key":"Vajra"},{"floor":10,"key":"Happy Flower"},{"floor":24,"key":"The Courier"},{"floor":26,"key":"Kunai"},{"floor":27,"key":"Singing Bowl"},{"floor":31,"key":"Shuriken"},{"floor":37,"key":"Omamori"},{"floor":41,"key":"Dead Branch"},{"floor":43,"key":"Darkstone Periapt"},{"floor":48,"key":"MawBank"}],"event_choices":[{"damage_healed":0,"gold_gain":0,"player_choice":"2 cards matched","damage_taken":0,"max_hp_gain":0,"max_hp_loss":0,"event_name":"Match and Keep!","floor":12,"gold_loss":0,"cards_obtained":["Flash of Steel","Skim"]},{"damage_healed":0,"gold_gain":0,"player_choice":"Ignored","damage_taken":0,"max_hp_gain":0,"max_hp_loss":0,"event_name":"Vampires","floor":19,"gold_loss":0},{"damage_healed":0,"gold_gain":0,"player_choice":"Shed Blood","damage_taken":19,"max_hp_gain":5,"max_hp_loss":0,"event_name":"Forgotten Altar","floor":21,"gold_loss":0},{"damage_healed":0,"gold_gain":0,"player_choice":"Relic","damage_taken":0,"max_hp_gain":0,"max_hp_loss":0,"event_name":"Wheel of Change","floor":27,"gold_loss":0},{"damage_healed":0,"gold_gain":0,"player_choice":"Fight","damage_taken":0,"max_hp_gain":0,"max_hp_loss":0,"event_name":"Mysterious Sphere","floor":41,"gold_loss":0},{"damage_healed":80,"gold_gain":0,"player_choice":"Heal","damage_taken":0,"max_hp_gain":0,"max_hp_loss":12,"event_name":"The Moai Head","floor":42,"gold_loss":0},{"damage_healed":0,"gold_gain":0,"player_choice":"Memory 1","damage_taken":0,"max_hp_gain":0,"max_hp_loss":0,"event_name":"SensoryStone","floor":45,"gold_loss":0}],"is_beta":false,"boss_relics":[{"not_picked":["Fusion Hammer","Calling Bell"],"picked":"Cursed Key"},{"not_picked":["Empty Cage","Orrery"],"picked":"Philosopher\u0027s Stone"}],"items_purged_floors":[20,38],"is_endless":false,"potions_floor_spawned":[2,4,7,10,16,18,25,28,30,33,36,39,41,48],"ascension_level":4}