{"gold_per_floor":[360,17,17,28,28,53,53,72,72,72,86,101,1,34,34,134,134,148,159,176,176,176,176,210,210,233,233,257,268,286,299,299,394,394,407,74,0,0,10,10,10,10],"floor_reached":42,"playtime":2211,"items_purged":["Normality","Strike_B","Decay"],"score":666,"play_id":"58f57b51-0d67-4394-9198-174853172965","local_time":"20190418183514","is_ascension_mode":true,"campfire_choices":[{"data":"Redo","floor":7,"key":"SMITH"},{"data":"Zap","floor":10,"key":"SMITH"},{"data":"Capacitor","floor":15,"key":"SMITH"},{"floor":23,"key":"REST"},{"data":"Doom and Gloom","floor":25,"key":"SMITH"},{"floor":27,"key":"REST"},{"floor":32,"key":"REST"},{"data":"Coolheaded","floor":40,"key":"SMITH"}],"neow_cost":"CURSE","seed_source_timestamp":131927027487202,"circlet_count":0,"master_deck":["Strike_B","Defend_B","Defend_B","Defend_B","Defend_B","Zap+1","Dualcast","Conserve Battery","Defragment+1","Doom and Gloom+1","Coolheaded+1","Redo+1","Capacitor+1","Ball Lightning","Coolheaded","Cold Snap","Biased Cognition","Hologram+1","Necronomicurse","Leap+1","Sunder+1","Machine Learning"],"relics":["Cracked Core","Oddly Smooth Stone","Pantograph","Bottled Tornado","Ornamental Fan","Snecko Eye","Necronomicon","Bottled Lightning","Pen Nib","Bag of Preparation","Busted Crown","PrismaticShard","Red Mask"],"potions_floor_usage":[24,24,24],"damage_taken":[{"damage":5,"enemies":"2 Louse","floor":1,"turns":3},{"damage":2,"enemies":"Jaw Worm","floor":4,"turns":4},{"damage":10,"enemies":"3 Sentries","floor":6,"turns":7},{"damage":0,"enemies":"Small Slimes","floor":8,"turns":3},{"damage":13,"enemies":"Blue Slaver","floor":11,"turns":2},{"damage":2,"enemies":"Exordium Wildlife","floor":12,"turns":4},{"damage":10,"enemies":"Gremlin Nob","floor":14,"turns":3},{"damage":0,"enemies":"The Guardian","floor":16,"turns":8},{"damage":4,"enemies":"Chosen","floor":18,"turns":6},{"damage":24,"enemies":"3 Byrds","floor":19,"turns":4},{"damage":3,"enemies":"Snake Plant","floor":20,"turns":5},{"damage":34,"enemies":"Gremlin Leader","floor":24,"turns":6},{"damage":2,"enemies":"Shelled Parasite and Fungi","floor":29,"turns":3},{"damage":0,"enemies":"Chosen and Byrds","floor":30,"turns":4},{"damage":7,"enemies":"Centurion and Healer","floor":31,"turns":6},{"damage":52,"enemies":"Collector","floor":33,"turns":10},{"damage":17,"enemies":"3 Darklings","floor":35,"turns":2},{"damage":0,"enemies":"Orb Walker","floor":39,"turns":3},{"damage":5,"enemies":"Nemesis","floor":42,"turns":2}],"seed_played":"-7355447177825007288","potions_obtained":[{"floor":4,"key":"GamblersBrew"},{"floor":6,"key":"Fire Potion"},{"floor":12,"key":"Swift Potion"},{"floor":24,"key":"Ancient Potion"}],"is_trial":false,"path_per_floor":["M","$","?","M","?","E","R","M","T","R","M","M","$","E","R","B",null,"M","M","M","?","?","R","E","R","T","R","T","M","M","M","R","B",null,"M","$","?","?","M","R","?","E"],"character_chosen":"DEFECT","items_purchased":["Oddly Smooth Stone","Defragment","Doom and Gloom","PrismaticShard"],"campfire_rested":3,"item_purchase_floors":[2,2,2,36],"current_hp_per_floor":[63,63,63,61,54,44,44,44,44,44,31,29,29,19,19,44,67,63,39,36,36,20,42,8,8,8,30,30,28,28,21,43,16,60,43,43,43,43,43,43,43,38],"gold":10,"neow_bonus":"TWO_FIFTY_GOLD","is_prod":false,"is_daily":false,"chose_seed":false,"campfire_upgraded":5,"win_rate":0,"timestamp":1555637714,"path_taken":["M","$","?","M","?","E","R","M","T","R","M","M","$","E","R","BOSS","M","M","M","?","?","R","E","R","T","R","?","M","M","?","R","BOSS","M","$","?","?","?","R","?","E"],"build_version":"2019-01-23","purchased_purges":3,"victory":false,"max_hp_per_floor":[75,75,75,75,75,75,75,75,75,75,75,75,75,75,75,75,75,75,75,75,75,75,75,75,75,75,75,75,75,75,75,75,75,75,75,75,75,75,75,75,75,75],"card_choices":[{"not_picked":["Consume","Stack"],"picked":"Conserve Battery","floor":1},{"not_picked":["Tempest","Steam Power"],"picked":"Coolheaded","floor":4},{"not_picked":["Thunder Strike","Barrage"],"picked":"Redo","floor":6},{"not_picked":["Steam","Recycle"],"picked":"Capacitor","floor":8},{"not_picked":["White Noise","FTL"],"picked":"Ball Lightning","floor":11},{"not_picked":["Rebound","Turbo"],"picked":"Coolheaded","floor":12},{"not_picked":["Barrage","Rip and Tear"],"picked":"Cold Snap","floor":14},{"not_picked":["All For One","Amplify"],"picked":"Biased Cognition","floor":16},{"not_picked":["Consume","Go for the Eyes","Leap"],"picked":"SKIP","floor":18},{"not_picked":["Leap+1","Turbo+1"],"picked":"Hologram+1","floor":19},{"not_picked":["Rebound","Steam+1","Compile Driver"],"picked":"SKIP","floor":20},{"not_picked":["Rebound","Steam+1","Compile Driver"],"picked":"SKIP","floor":20},{"not_picked":["Ball Lightning+1","Redo","Auto Shields"],"picked":"SKIP","floor":24},{"not_picked":["Aggregate","Sweeping Beam+1"],"picked":"Leap+1","floor":29},{"not_picked":["Go for the Eyes","Hyperbeam","Cold Snap"],"picked":"SKIP","floor":30},{"not_picked":["Skim","Streamline"],"picked":"Sunder+1","floor":31},{"not_picked":["Amplify","Creative AI"],"picked":"Machine Learning","floor":33},{"not_picked":["Turbo"],"picked":"SKIP","floor":35},{"not_picked":["Thunderclap+1"],"picked":"SKIP","floor":39}],"player_experience":205504,"relics_obtained":[{"floor":6,"key":"Pantograph"},{"floor":9,"key":"Bottled Tornado"},{"floor":14,"key":"Ornamental Fan"},{"floor":22,"key":"Necronomicon"},{"floor":24,"key":"Bottled Lightning"},{"floor":26,"key":"Pen Nib"},{"floor":28,"key":"Bag of Preparation"}],"event_choices":[{"damage_healed":0,"gold_gain":0,"player_choice":"Grow","damage_taken":0,"max_hp_gain":0,"max_hp_loss":0,"event_name":"Living Wall","floor":3,"gold_loss":0,"cards_upgraded":["Defragment"]},{"cards_removed":["Strike_B"],"damage_healed":0,"gold_gain":0,"player_choice":"Card Removal","damage_taken":7,"max_hp_gain":0,"max_hp_loss":0,"event_name":"Golden Wing","floor":5,"gold_loss":0},{"damage_healed":0,"gold_gain":0,"player_choice":"Smashed Altar","damage_taken":0,"max_hp_gain":0,"max_hp_loss":0,"event_name":"Forgotten Altar","floor":21,"gold_loss":0,"cards_obtained":["Decay"]},{"damage_healed":0,"gold_gain":0,"player_choice":"Obtained Book","damage_taken":16,"max_hp_gain":0,"max_hp_loss":0,"event_name":"Cursed Tome","floor":22,"gold_loss":0},{"damage_healed":0,"gold_gain":0,"player_choice":"Paid","damage_taken":0,"relics_obtained":["Red Mask"],"max_hp_gain":0,"max_hp_loss":0,"event_name":"Tomb of Lord Red Mask","floor":37,"gold_loss":74},{"cards_removed":["Strike_B"],"damage_healed":0,"gold_gain":0,"player_choice":"Removed Attack","damage_taken":0,"max_hp_gain":0,"max_hp_loss":0,"event_name":"Falling","floor":38,"gold_loss":0},{"damage_healed":0,"gold_gain":0,"player_choice":"Ignored","damage_taken":0,"max_hp_gain":0,"max_hp_loss":0,"event_name":"Mysterious Sphere","floor":41,"gold_loss":0}],"is_beta":false,"boss_relics":[{"not_picked":["Pandora\u0027s Box","Orrery"],"picked":"Snecko Eye"},{"not_picked":["Astrolabe","Runic Pyramid"],"picked":"Busted Crown"}],"items_purged_floors":[2,13,36],"is_endless":false,"potions_floor_spawned":[4,6,12,19,20,24],"killed_by":"Nemesis","ascension_level":8}