{"gold_per_floor":[110,122,138,57,57,57,89,108,108,108,65,65,85,105,105,202,202,213,312,312,298,316,316,316,316,368,368,293,293,307,322,322,426,426,440,459,476,476,476],"floor_reached":39,"playtime":1382,"items_purged":[],"score":498,"play_id":"cbefa92a-f9ed-4e69-acb7-06567c51b36a","local_time":"20190212174837","is_ascension_mode":true,"campfire_choices":[{"data":"Searing Blow","floor":6.0,"key":"SMITH"},{"data":"Seeing Red","floor":10.0,"key":"SMITH"},{"data":"Armaments","floor":15.0,"key":"SMITH"},{"floor":23,"key":"REST"},{"data":"Searing Blow+1","floor":27,"key":"SMITH"},{"data":"Searing Blow+2","floor":29,"key":"SMITH"},{"floor":32,"key":"REST"}],"neow_cost":"NONE","seed_source_timestamp":0,"circlet_count":0,"master_deck":["Strike_R+1","Strike_R+1","Strike_R+1","Strike_R+1","Strike_R+1","Defend_R+1","Defend_R+1","Defend_R+1","Defend_R+1","Bash","Demon Form","Cleave","Shrug It Off","Searing Blow+3","Seeing Red+1","Armaments+1","Barricade","Havoc","Thunderclap","Body Slam+1","Immolate","Armaments","Juggernaut","Shrug It Off+1","Rage"],"special_seed":0,"relics":["Burning Blood","Ginger","Thread and Needle","Sozu","Regal Pillow","Cursed Key"],"potions_floor_usage":[],"damage_taken":[{"damage":4.0,"enemies":"Small Slimes","floor":1.0,"turns":4.0},{"damage":3.0,"enemies":"2 Louse","floor":2.0,"turns":3.0},{"damage":6.0,"enemies":"Cultist","floor":3.0,"turns":3.0},{"damage":45.0,"enemies":"Lagavulin","floor":7.0,"turns":8.0},{"damage":10.0,"enemies":"Exordium Thugs","floor":8.0,"turns":4.0},{"damage":18.0,"enemies":"Exordium Wildlife","floor":13.0,"turns":4.0},{"damage":0.0,"enemies":"2 Fungi Beasts","floor":14.0,"turns":4.0},{"damage":5.0,"enemies":"Slime Boss","floor":16.0,"turns":9.0},{"damage":16.0,"enemies":"Shell Parasite","floor":18.0,"turns":5.0},{"damage":28.0,"enemies":"2 Thieves","floor":21.0,"turns":4.0},{"damage":17.0,"enemies":"Snake Plant","floor":22.0,"turns":5.0},{"damage":9,"enemies":"Colosseum Slavers","floor":25,"turns":3},{"damage":20,"enemies":"Sentry and Sphere","floor":30,"turns":5},{"damage":10,"enemies":"Shelled Parasite and Fungi","floor":31,"turns":4},{"damage":36,"enemies":"Champ","floor":33,"turns":10},{"damage":4,"enemies":"Orb Walker","floor":35,"turns":4},{"damage":1,"enemies":"3 Darklings","floor":36,"turns":3},{"damage":62,"enemies":"Spire Growth","floor":37,"turns":6},{"damage":27,"enemies":"Sphere and 2 Shapes","floor":39,"turns":3}],"seed_played":"-7958215539392343545","potions_obtained":[{"floor":3.0,"key":"Block Potion"},{"floor":7.0,"key":"Strength Potion"},{"floor":14.0,"key":"Block Potion"},{"floor":16.0,"key":"PowerPotion"}],"is_trial":false,"path_per_floor":["M","M","M","$","?","R","E","M","T","R","?","?","M","M","R","B",null,"M","?","?","M","M","R","?","?","T","R","?","R","M","M","R","B",null,"M","M","M","?","M"],"character_chosen":"IRONCLAD","items_purchased":["Searing Blow"],"campfire_rested":2,"item_purchase_floors":[4],"current_hp_per_floor":[74,77,77,77,77,77,38,34,34,34,34,80,68,74,74,75,79,69,69,54,32,21,46,46,43,43,43,43,43,29,25,65,35,73,75,80,24,24,0],"gold":476,"neow_bonus":"ONE_RANDOM_RARE_CARD","is_prod":false,"is_daily":false,"chose_seed":false,"campfire_upgraded":5,"win_rate":0,"timestamp":1550011717,"path_taken":["M","M","M","$","?","R","E","M","T","R","?","?","?","M","R","BOSS","M","?","?","M","?","R","?","?","T","R","?","R","?","M","R","BOSS","M","M","?","?","M"],"build_version":"2019-01-23","purchased_purges":0,"victory":false,"max_hp_per_floor":[80,80,80,80,80,80,80,80,80,80,80,80,80,80,80,80,80,80,80,85,85,85,85,85,85,85,85,85,85,85,85,85,85,85,85,85,85,85,85],"card_choices":[{"not_picked":["Burning Pact","Carnage"],"picked":"True Grit","floor":1.0},{"not_picked":["Clothesline","Sentinel"],"picked":"Cleave","floor":2.0},{"not_picked":["Armaments","Inflame"],"picked":"Shrug It Off","floor":3.0},{"not_picked":["Cleave","True Grit","Wild Strike"],"picked":"SKIP","floor":7.0},{"not_picked":["Warcry","Bludgeon"],"picked":"Seeing Red","floor":8.0},{"not_picked":["Wild Strike","Perfected Strike","Flex"],"picked":"SKIP","floor":13.0},{"not_picked":["Disarm","Burning Pact"],"picked":"Armaments","floor":14.0},{"not_picked":["Impervious","Berserk"],"picked":"Barricade","floor":16.0},{"not_picked":["Warcry","Sentinel"],"picked":"Havoc","floor":18.0},{"not_picked":["Anger","Dual Wield"],"picked":"Thunderclap","floor":21.0},{"not_picked":["Flex","Havoc"],"picked":"Body Slam+1","floor":22.0},{"not_picked":["Heavy Blade","Shockwave"],"picked":"Immolate","floor":30},{"not_picked":["Wild Strike+1","Sentinel"],"picked":"Armaments","floor":31},{"not_picked":["Double Tap","Impervious"],"picked":"Juggernaut","floor":33},{"not_picked":["Feel No Pain","Cleave"],"picked":"Shrug It Off+1","floor":35},{"not_picked":["Sentinel+1","Headbutt+1","Cleave"],"picked":"SKIP","floor":36},{"not_picked":["Pommel Strike+1","Shockwave"],"picked":"Rage","floor":37}],"player_experience":445425,"relics_obtained":[{"floor":7.0,"key":"Ginger"},{"floor":9.0,"key":"Thread and Needle"},{"floor":26,"key":"Regal Pillow"}],"event_choices":[{"damage_healed":0.0,"max_hp_gain":0.0,"max_hp_loss":0.0,"gold_gain":0.0,"event_name":"Liars Game","player_choice":"Ignored","floor":5.0,"gold_loss":0.0,"damage_taken":0.0},{"damage_healed":0.0,"max_hp_gain":0.0,"max_hp_loss":0.0,"gold_gain":0.0,"event_name":"World of Goop","player_choice":"Left Gold","floor":11.0,"gold_loss":43.0,"damage_taken":0.0},{"damage_healed":46.0,"max_hp_gain":0.0,"max_hp_loss":0.0,"gold_gain":0.0,"event_name":"Wheel of Change","player_choice":"Full Heal","floor":12.0,"gold_loss":0.0,"damage_taken":0.0},{"damage_healed":0.0,"max_hp_gain":0.0,"max_hp_loss":0.0,"gold_gain":99.0,"event_name":"Nest","player_choice":"Stole From Cult","floor":19.0,"gold_loss":0.0,"damage_taken":0.0},{"damage_healed":0.0,"max_hp_gain":5.0,"max_hp_loss":0.0,"gold_gain":0.0,"event_name":"Forgotten Altar","player_choice":"Shed Blood","floor":20.0,"gold_loss":0.0,"damage_taken":20.0},{"damage_healed":0,"gold_gain":0,"player_choice":"Simplicity","damage_taken":0,"max_hp_gain":0,"max_hp_loss":0,"event_name":"Back to Basics","floor":24,"gold_loss":0,"cards_upgraded":["Strike_R","Strike_R","Strike_R","Strike_R","Strike_R","Defend_R","Defend_R","Defend_R","Defend_R"]},{"damage_healed":0,"gold_gain":0,"player_choice":"Fight","damage_taken":0,"max_hp_gain":0,"max_hp_loss":0,"event_name":"Colosseum","floor":25,"gold_loss":0},{"damage_healed":0,"gold_gain":0,"player_choice":"Fled From Nobs","damage_taken":0,"max_hp_gain":0,"max_hp_loss":0,"event_name":"Colosseum","floor":25,"gold_loss":0},{"cards_removed":["True Grit"],"damage_healed":0,"gold_gain":0,"player_choice":"Gave Gold","damage_taken":0,"max_hp_gain":0,"max_hp_loss":0,"event_name":"Beggar","floor":28,"gold_loss":75},{"damage_healed":0,"gold_gain":0,"player_choice":"Ignored","damage_taken":0,"max_hp_gain":0,"max_hp_loss":0,"event_name":"Tomb of Lord Red Mask","floor":38,"gold_loss":0}],"is_beta":false,"boss_relics":[{"not_picked":["Runic Pyramid","Runic Dome"],"picked":"Sozu"},{"not_picked":["Calling Bell","Empty Cage"],"picked":"Cursed Key"}],"items_purged_floors":[],"is_endless":false,"potions_floor_spawned":[3,7,14,16,22,25,31,35],"killed_by":"Sphere and 2 Shapes","ascension_level":6}