{"gold_per_floor":[109,284,302,13,13,39,39,67,139,158,258,271,284,294,294,294],"floor_reached":16,"playtime":546,"items_purged":[],"score":144,"play_id":"eaaa6e9b-16cf-48ba-8933-37e2008327eb","local_time":"20181027105345","is_ascension_mode":true,"campfire_choices":[{"data":"Rampage","floor":7,"key":"SMITH"},{"floor":15,"key":"REST"}],"neow_cost":"NONE","seed_source_timestamp":1095420984000,"circlet_count":0,"master_deck":["Strike_R","Strike_R","Strike_R","Strike_R","Strike_R","Defend_R","Defend_R","Defend_R","Defend_R","Bash","Rupture","Doubt","Armaments","Rampage+1","Seeing Red","Spot Weakness","Heavy Blade"],"relics":["Burning Blood","NeowsBlessing","Ice Cream","GremlinMask","Blood Vial","Charon\u0027s Ashes","The Courier"],"potions_floor_usage":[8,16,16],"damage_taken":[{"damage":0,"enemies":"Small Slimes","floor":1,"turns":1},{"damage":0,"enemies":"Jaw Worm","floor":3,"turns":1},{"damage":0,"enemies":"3 Sentries","floor":6,"turns":1},{"damage":40,"enemies":"Lagavulin","floor":8,"turns":10},{"damage":1,"enemies":"Cultist","floor":10,"turns":3},{"damage":15,"enemies":"Red Slaver","floor":12,"turns":4},{"damage":19,"enemies":"Gremlin Gang","floor":13,"turns":5},{"damage":21,"enemies":"Exordium Wildlife","floor":14,"turns":4},{"damage":52,"enemies":"The Guardian","floor":16,"turns":10}],"seed_played":"5917312002637544956","potions_obtained":[{"floor":3,"key":"AttackPotion"},{"floor":10,"key":"SkillPotion"},{"floor":13,"key":"FearPotion"}],"is_trial":false,"path_per_floor":["M","?","M","$","?","E","R","E","T","M","?","M","M","M","R"],"character_chosen":"IRONCLAD","items_purchased":["Ice Cream"],"campfire_rested":1,"item_purchase_floors":[4],"current_hp_per_floor":[80,80,80,80,80,80,80,46,46,53,53,46,35,22,46,0],"gold":294,"neow_bonus":"THREE_ENEMY_KILL","is_prod":false,"is_daily":false,"chose_seed":false,"campfire_upgraded":1,"win_rate":0,"timestamp":1540652025,"path_taken":["M","?","?","$","?","E","R","E","T","M","?","M","M","M","R","BOSS"],"build_version":"2018-10-25v2","purchased_purges":0,"victory":false,"max_hp_per_floor":[80,80,80,80,80,80,80,80,80,80,80,80,80,80,80,80],"card_choices":[{"not_picked":["Clash","Clothesline"],"picked":"Rupture","floor":1},{"not_picked":["Pommel Strike","Cleave"],"picked":"Armaments","floor":3},{"not_picked":["Flex","Pommel Strike"],"picked":"Rampage","floor":6},{"not_picked":["Warcry","Sever Soul"],"picked":"Seeing Red","floor":8},{"not_picked":["Body Slam","Headbutt","Anger"],"picked":"SKIP","floor":10},{"not_picked":["Perfected Strike","Sword Boomerang"],"picked":"Spot Weakness","floor":12},{"not_picked":["Shrug It Off","Anger"],"picked":"Heavy Blade","floor":13},{"not_picked":["Sword Boomerang","Havoc","Power Through"],"picked":"SKIP","floor":14}],"player_experience":250602,"relics_obtained":[{"floor":6,"key":"Blood Vial"},{"floor":8,"key":"Charon\u0027s Ashes"},{"floor":9,"key":"The Courier"}],"event_choices":[{"damage_healed":0,"gold_gain":175,"player_choice":"AGREE","damage_taken":0,"max_hp_gain":0,"max_hp_loss":0,"event_name":"Liars Game","floor":2,"gold_loss":0,"cards_obtained":["Doubt"]},{"damage_healed":0,"gold_gain":0,"player_choice":"Trade","damage_taken":0,"relics_obtained":["GremlinMask"],"max_hp_gain":0,"max_hp_loss":0,"event_name":"FaceTrader","floor":5,"gold_loss":0},{"damage_healed":0,"gold_gain":100,"player_choice":"Pray","damage_taken":0,"max_hp_gain":0,"max_hp_loss":0,"event_name":"Golden Shrine","floor":11,"gold_loss":0}],"is_beta":true,"boss_relics":[],"items_purged_floors":[],"is_endless":false,"potions_floor_spawned":[3,10,13],"killed_by":"The Guardian","ascension_level":1}