{"gold_per_floor":[116,116,116,116,116,116,145,145,145,11,40,40,56,68,68,147,147,163,196,86,104,121,121,171,171,171,196,196,207,4,20,20,20],"floor_reached":33,"playtime":2156,"items_purged":["Strike_G"],"score":642,"play_id":"f4e1ccbf-b4f7-49ec-90cf-7f8ab7a2c4c6","local_time":"20190424194138","is_ascension_mode":true,"campfire_choices":[{"data":"Dagger Spray","floor":6,"key":"SMITH"},{"data":"Skewer","floor":8,"key":"SMITH"},{"data":"Caltrops","floor":12,"key":"SMITH"},{"data":"Cloak And Dagger","floor":15,"key":"SMITH"},{"data":"A Thousand Cuts","floor":23,"key":"SMITH"},{"data":"Well Laid Plans","floor":25,"key":"SMITH"},{"data":"Footwork","floor":28,"key":"SMITH"},{"data":"Corpse Explosion","floor":32,"key":"SMITH"}],"neow_cost":"NONE","seed_source_timestamp":546022384343625,"circlet_count":0,"master_deck":["AscendersBane","Defend_G+1","Defend_G","Defend_G","Defend_G","Defend_G","Strike_G","Strike_G","Strike_G+1","Survivor+1","Neutralize+1","Dagger Spray+1","Skewer+1","Caltrops+1","Cloak And Dagger+1","Catalyst","A Thousand Cuts+1","PiercingWail","Well Laid Plans+1","Deflect","Footwork+1","Terror","Corpse Explosion+1","Leg Sweep+1"],"relics":["Ring of the Snake","NeowsBlessing","Mercury Hourglass","The Courier","Kunai","Anchor","Dream Catcher","Coffee Dripper","Red Mask","Vajra","Nunchaku"],"potions_floor_usage":[16,27,31],"damage_taken":[{"damage":0,"enemies":"Small Slimes","floor":1,"turns":1},{"damage":0,"enemies":"Lagavulin","floor":7,"turns":1},{"damage":0,"enemies":"Gremlin Nob","floor":11,"turns":1},{"damage":0,"enemies":"Jaw Worm","floor":13,"turns":3},{"damage":0,"enemies":"2 Louse","floor":14,"turns":3},{"damage":36,"enemies":"Slime Boss","floor":16,"turns":7},{"damage":6,"enemies":"2 Thieves","floor":18,"turns":3},{"damage":6,"enemies":"Masked Bandits","floor":19,"turns":3},{"damage":0,"enemies":"3 Byrds","floor":21,"turns":3},{"damage":16,"enemies":"Snake Plant","floor":22,"turns":4},{"damage":17,"enemies":"Book of Stabbing","floor":27,"turns":5},{"damage":1,"enemies":"Shelled Parasite and Fungi","floor":29,"turns":5},{"damage":0,"enemies":"3 Cultists","floor":31,"turns":2},{"damage":5,"enemies":"Automaton","floor":33,"turns":2}],"seed_played":"-7538647015129197164","potions_obtained":[{"floor":1,"key":"SteroidPotion"},{"floor":11,"key":"GamblersBrew"},{"floor":22,"key":"AttackPotion"},{"floor":27,"key":"Poison Potion"}],"is_trial":false,"path_per_floor":["?","?","?","T","M","?","?","M","?"],"character_chosen":"THE_SILENT","items_purchased":["Anchor","Corpse Explosion"],"campfire_rested":0,"item_purchase_floors":[10,30],"current_hp_per_floor":[59,59,39,39,39,39,39,39,39,39,39,39,39,39,39,3,50,44,38,38,38,22,22,22,22,22,5,5,4,4,4,4,0],"gold":20,"neow_bonus":"THREE_ENEMY_KILL","is_prod":false,"is_daily":false,"chose_seed":false,"campfire_upgraded":8,"win_rate":0,"timestamp":1556124098,"path_taken":["M","?","?","?","?","R","E","R","T","$","E","R","M","?","R","BOSS","M","?","?","M","?","R","?","R","T","E","R","M","$","M","R","BOSS"],"build_version":"2019-01-23","purchased_purges":1,"victory":false,"max_hp_per_floor":[66,66,66,66,66,66,66,66,66,66,66,66,66,66,66,66,66,66,66,66,66,66,66,66,66,66,66,66,66,66,66,66,66],"card_choices":[{"not_picked":["Quick Slash","Sucker Punch"],"picked":"Dagger Spray","floor":1},{"not_picked":["Setup","Dagger Throw"],"picked":"Skewer","floor":7},{"not_picked":["Blade Dance","Accuracy"],"picked":"Caltrops","floor":11},{"not_picked":["Blade Dance","Deflect"],"picked":"Cloak And Dagger","floor":13},{"not_picked":["Skewer","Distraction"],"picked":"Catalyst","floor":14},{"not_picked":["Burst","Tools of the Trade"],"picked":"A Thousand Cuts","floor":16},{"not_picked":["Prepared","Flying Knee"],"picked":"PiercingWail","floor":18},{"not_picked":["Blade Dance","Underhanded Strike"],"picked":"Well Laid Plans","floor":19},{"not_picked":["Storm of Steel","Dodge and Roll"],"picked":"Deflect","floor":21},{"not_picked":["Outmaneuver","Flying Knee+1","Slice"],"picked":"SKIP","floor":22},{"not_picked":["Quick Slash","Burst"],"picked":"Footwork","floor":27},{"not_picked":["Blade Dance","Slice+1"],"picked":"Terror","floor":29},{"not_picked":["Prepared","Dagger Throw"],"picked":"Leg Sweep+1","floor":31}],"player_experience":1858622,"relics_obtained":[{"floor":5,"key":"Mercury Hourglass"},{"floor":7,"key":"The Courier"},{"floor":9,"key":"Kunai"},{"floor":11,"key":"Dream Catcher"},{"floor":19,"key":"Red Mask"},{"floor":26,"key":"Vajra"},{"floor":27,"key":"Nunchaku"}],"event_choices":[{"damage_healed":0,"gold_gain":0,"player_choice":"Ignored","damage_taken":0,"max_hp_gain":0,"max_hp_loss":0,"event_name":"Liars Game","floor":2,"gold_loss":0},{"damage_healed":0,"gold_gain":0,"player_choice":"Entered Light","damage_taken":20,"max_hp_gain":0,"max_hp_loss":0,"event_name":"Shining Light","floor":3,"gold_loss":0,"cards_upgraded":["Strike_G","Defend_G"]},{"damage_healed":0,"gold_gain":0,"player_choice":"Grow","damage_taken":0,"max_hp_gain":0,"max_hp_loss":0,"event_name":"Living Wall","floor":4,"gold_loss":0,"cards_upgraded":["Neutralize"]},{"damage_healed":0,"gold_gain":0,"player_choice":"Fought Bandits","damage_taken":0,"max_hp_gain":0,"max_hp_loss":0,"event_name":"Masked Bandits","floor":19,"gold_loss":0},{"cards_removed":["Strike_G"],"damage_healed":0,"gold_gain":0,"player_choice":"Upgrade and Remove","damage_taken":0,"max_hp_gain":0,"max_hp_loss":0,"event_name":"Designer","floor":20,"gold_loss":110,"cards_upgraded":["Survivor"]},{"damage_healed":0,"gold_gain":50,"player_choice":"Stole From Cult","damage_taken":0,"max_hp_gain":0,"max_hp_loss":0,"event_name":"Nest","floor":24,"gold_loss":0}],"is_beta":false,"boss_relics":[{"not_picked":["Ring of the Serpent","Velvet Choker"],"picked":"Coffee Dripper"}],"items_purged_floors":[30],"is_endless":false,"potions_floor_spawned":[1,11,13,22,27,29],"killed_by":"Automaton","ascension_level":20}