{"gold_per_floor":[118,68,68,87,97,125,125,144,144,159,185,185,185,203,203,307,307,322,338,338,39,39,69,80,80,133,145,145,175,195,209,209,307,307,320,334,351,97,109,109,109],"floor_reached":41,"playtime":3651,"items_purged":["Strike_G","Strike_G"],"score":603,"play_id":"b2dac411-9881-4c5a-b8af-91367d4a7128","local_time":"20190328184210","is_ascension_mode":true,"campfire_choices":[{"data":"Neutralize","floor":7.0,"key":"SMITH"},{"floor":13.0,"key":"REST"},{"floor":15.0,"key":"REST"},{"data":"Footwork","floor":25.0,"key":"SMITH"},{"data":"Outmaneuver","floor":28.0,"key":"SMITH"},{"data":"Envenom","floor":32.0,"key":"SMITH"},{"floor":40,"key":"REST"}],"neow_cost":"NONE","seed_source_timestamp":834239994182752,"circlet_count":0,"master_deck":["Defend_G","Defend_G","Defend_G","Defend_G","Defend_G","Survivor","Neutralize+1","Deadly Poison","Infinite Blades","Finisher","Dagger Throw","PiercingWail","PiercingWail","Quick Slash+1","Backflip","Die Die Die+1","Outmaneuver+1","Concentrate+1","Footwork+1","Glass Knife+1","Outmaneuver","Slice+1","Slice+1","Cloak And Dagger","Blur","Envenom+1","Malaise","Backflip","Outmaneuver+1"],"special_seed":0,"relics":["Ring of the Snake","NeowsBlessing","Ice Cream","Shuriken","Molten Egg 2","The Specimen","Runic Pyramid","Blood Vial","Potion Belt","Black Star","Oddly Smooth Stone"],"potions_floor_usage":[39],"damage_taken":[{"damage":0.0,"enemies":"Jaw Worm","floor":1.0,"turns":1.0},{"damage":0.0,"enemies":"2 Louse","floor":4.0,"turns":1.0},{"damage":0.0,"enemies":"Cultist","floor":5.0,"turns":1.0},{"damage":24.0,"enemies":"Lagavulin","floor":6.0,"turns":8.0},{"damage":0.0,"enemies":"Large Slime","floor":8.0,"turns":6.0},{"damage":0.0,"enemies":"Looter","floor":10.0,"turns":4.0},{"damage":18.0,"enemies":"3 Sentries","floor":11.0,"turns":8.0},{"damage":1.0,"enemies":"2 Fungi Beasts","floor":14.0,"turns":3.0},{"damage":17.0,"enemies":"The Guardian","floor":16.0,"turns":11.0},{"damage":13.0,"enemies":"2 Thieves","floor":18.0,"turns":4.0},{"damage":4.0,"enemies":"3 Byrds","floor":19.0,"turns":5.0},{"damage":3.0,"enemies":"Slavers","floor":23.0,"turns":5.0},{"damage":14.0,"enemies":"Shelled Parasite and Fungi","floor":24.0,"turns":5.0},{"damage":2.0,"enemies":"Centurion and Healer","floor":27.0,"turns":6.0},{"damage":3.0,"enemies":"Gremlin Leader","floor":29.0,"turns":8.0},{"damage":0.0,"enemies":"Snake Plant","floor":30.0,"turns":5.0},{"damage":8.0,"enemies":"Snecko","floor":31.0,"turns":6.0},{"damage":14.0,"enemies":"Automaton","floor":33.0,"turns":8.0},{"damage":14.0,"enemies":"3 Shapes","floor":35.0,"turns":4.0},{"damage":3.0,"enemies":"Orb Walker","floor":36.0,"turns":4.0},{"damage":27,"enemies":"Writhing Mass","floor":37,"turns":10},{"damage":15,"enemies":"Spire Growth","floor":39,"turns":8},{"damage":35,"enemies":"Transient","floor":41,"turns":4}],"seed_played":"2437579233226098723","potions_obtained":[{"floor":4.0,"key":"FearPotion"},{"floor":10.0,"key":"SkillPotion"},{"floor":16.0,"key":"GhostInAJar"},{"floor":18.0,"key":"Ancient Potion"},{"floor":29.0,"key":"Dexterity Potion"},{"floor":31.0,"key":"PowerPotion"},{"floor":33.0,"key":"EssenceOfSteel"}],"is_trial":false,"path_per_floor":["?","?","M","?","?","?"],"character_chosen":"THE_SILENT","items_purchased":["Footwork","Glass Knife+1","Oddly Smooth Stone"],"campfire_rested":3,"item_purchase_floors":[21,21,38],"current_hp_per_floor":[63,63,56,56,56,32,32,32,32,32,14,2,23,22,43,26,59,46,42,65,65,65,62,50,50,50,50,50,49,51,45,45,33,61,49,48,23,23,10,31,0],"gold":109,"neow_bonus":"THREE_ENEMY_KILL","is_prod":false,"is_daily":false,"chose_seed":false,"campfire_upgraded":4,"win_rate":0,"timestamp":1553823730,"path_taken":["M","?","?","?","M","E","R","M","T","M","E","?","R","M","R","BOSS","M","M","?","$","?","E","M","R","T","M","R","E","M","M","R","BOSS","M","M","M","$","M","R","M"],"build_version":"2019-01-23","purchased_purges":2,"victory":false,"max_hp_per_floor":[70,70,70,70,70,70,70,70,70,70,70,70,70,70,70,70,70,70,70,70,70,70,70,70,70,70,70,70,70,70,70,70,70,70,70,70,70,70,70,70,70],"card_choices":[{"not_picked":["Slice","Backflip"],"picked":"Deadly Poison","floor":1.0},{"not_picked":["Masterful Stab","Sucker Punch"],"picked":"Infinite Blades","floor":4.0},{"not_picked":["Dagger Throw","Blur"],"picked":"Finisher","floor":5.0},{"not_picked":["Eviscerate","Prepared"],"picked":"Dagger Throw","floor":6.0},{"not_picked":["Flying Knee","Acrobatics"],"picked":"PiercingWail","floor":8.0},{"not_picked":["Corpse Explosion","Poisoned Stab"],"picked":"PiercingWail","floor":10.0},{"not_picked":["Acrobatics","Bane"],"picked":"Quick Slash","floor":11.0},{"not_picked":["Bullet Time","Acrobatics"],"picked":"Backflip","floor":14.0},{"not_picked":["Unload+1","Venomology"],"picked":"Die Die Die+1","floor":16.0},{"not_picked":["Prepared+1","Sucker Punch+1"],"picked":"Outmaneuver","floor":18.0},{"not_picked":["Sucker Punch+1","Expertise"],"picked":"Concentrate+1","floor":19.0},{"not_picked":["Quick Slash+1","Reflex"],"picked":"Outmaneuver","floor":23.0},{"not_picked":["Quick Slash+1","Bane+1"],"picked":"Slice+1","floor":24.0},{"not_picked":["Outmaneuver+1","Bane+1"],"picked":"Slice+1","floor":27.0},{"not_picked":["Poisoned Stab+1","Deflect"],"picked":"Cloak And Dagger","floor":29.0},{"not_picked":["Underhanded Strike+1","Choke+1"],"picked":"Blur","floor":30.0},{"not_picked":["Prepared","Accuracy"],"picked":"Envenom","floor":31.0},{"not_picked":["Envenom","Venomology"],"picked":"Malaise","floor":33.0},{"not_picked":["Dodge and Roll","Deadly Poison"],"picked":"Backflip","floor":35.0},{"not_picked":["Crippling Poison","Bane+1"],"picked":"Outmaneuver+1","floor":36.0},{"not_picked":["Dagger Throw+1","Slice+1","Skewer+1"],"picked":"SKIP","floor":37},{"not_picked":["Reflex","Setup+1","Poisoned Stab+1"],"picked":"SKIP","floor":39}],"player_experience":147745,"relics_obtained":[{"floor":6.0,"key":"Ice Cream"},{"floor":9.0,"key":"Shuriken"},{"floor":11.0,"key":"Molten Egg 2"},{"floor":23.0,"key":"Blood Vial"},{"floor":29.0,"key":"Potion Belt"}],"event_choices":[{"cards_removed":["Strike_G"],"damage_healed":0.0,"max_hp_gain":0.0,"max_hp_loss":0.0,"gold_gain":0.0,"event_name":"The Cleric","player_choice":"Card Removal","floor":2.0,"gold_loss":50.0,"damage_taken":0.0},{"cards_removed":["Strike_G"],"damage_healed":0.0,"max_hp_gain":0.0,"max_hp_loss":0.0,"gold_gain":0.0,"event_name":"Golden Wing","player_choice":"Card Removal","floor":3.0,"gold_loss":0.0,"damage_taken":7.0},{"damage_healed":0.0,"max_hp_gain":0.0,"max_hp_loss":0.0,"gold_gain":0.0,"event_name":"Scrap Ooze","player_choice":"Success","floor":12.0,"gold_loss":0.0,"damage_taken":12.0,"relics_obtained":["The Specimen"]},{"damage_healed":23.0,"max_hp_gain":0.0,"max_hp_loss":0.0,"gold_gain":0.0,"event_name":"The Library","player_choice":"Heal","floor":20.0,"gold_loss":0.0,"damage_taken":0.0},{"cards_removed":["Strike_G"],"damage_healed":0.0,"max_hp_gain":0.0,"max_hp_loss":0.0,"gold_gain":0.0,"event_name":"Wheel of Change","player_choice":"Card Removal","floor":22.0,"gold_loss":0.0,"damage_taken":0.0}],"is_beta":false,"boss_relics":[{"not_picked":["Coffee Dripper","Tiny House"],"picked":"Runic Pyramid"},{"not_picked":["Orrery","Runic Dome"],"picked":"Black Star"}],"items_purged_floors":[21,38],"is_endless":false,"potions_floor_spawned":[4,10,16,18,29,31,33,36],"killed_by":"Transient","ascension_level":7}