{"gold_per_floor":[114,289,289,289,299,327,327,361,387,387,662,674,27,37,37,141,191,209,222,234,250,250,281,299,299,299,299,147,163,194,206,206,311,311,323,335,335,335,181,181,192,205,257,257,257,276,276,306,306,306,306,306,7,34,34],"floor_reached":55,"playtime":3821,"items_purged":["Regret"],"score":797,"play_id":"a22c1e52-9997-4ac2-b77f-3547972ba879","local_time":"20190227152019","is_ascension_mode":false,"campfire_choices":[{"data":"Loop","floor":7,"key":"SMITH"},{"floor":10,"key":"RECALL"},{"floor":15,"key":"REST"},{"floor":25,"key":"REST"},{"floor":32,"key":"REST"},{"floor":40,"key":"REST"},{"floor":45,"key":"REST"},{"floor":49,"key":"REST"},{"data":"Echo Form","floor":52,"key":"SMITH"}],"neow_cost":"NONE","seed_source_timestamp":245316681405956,"circlet_count":0,"master_deck":["Strike_B","Strike_B","Strike_B","Defend_B","Defend_B","Defend_B","Defend_B","Zap","Dualcast","Go for the Eyes","Doom and Gloom","Loop+1","Leap+1","Hello World","Stack","Hello World","Core Surge","Seek","Melter","Conserve Battery","Barrage+1","Rebound","Glacier+1","Skim+1","Beam Cell+1","Flash of Steel","Loop","Force Field","White Noise+1","Force Field+1","Echo Form+1","Rebound+1","Sweeping Beam","Trip+1","Double Energy+1","Leap+1","Barrage","Redo+1","Aggregate+1"],"relics":["Cracked Core","Orichalcum","Lantern","Runic Capacitor","Question Card","Tiny House","Pen Nib","Mummified Hand","Blood Vial","Toxic Egg 2","Sozu","DataDisk","Juzu Bracelet","Bag of Marbles","Emotion Chip","Strawberry"],"potions_floor_usage":[6,6,23,23,24,30,33,33],"damage_taken":[{"damage":8,"enemies":"Jaw Worm","floor":1,"turns":3},{"damage":10,"enemies":"Small Slimes","floor":5,"turns":3},{"damage":24,"enemies":"3 Sentries","floor":6,"turns":5},{"damage":4,"enemies":"Gremlin Nob","floor":8,"turns":4},{"damage":2,"enemies":"Cultist","floor":12,"turns":3},{"damage":10,"enemies":"Blue Slaver","floor":14,"turns":4},{"damage":27,"enemies":"The Guardian","floor":16,"turns":11},{"damage":17,"enemies":"Shell Parasite","floor":18,"turns":7},{"damage":0,"enemies":"Chosen","floor":19,"turns":6},{"damage":12,"enemies":"Snecko","floor":20,"turns":5},{"damage":7,"enemies":"Centurion and Healer","floor":21,"turns":6},{"damage":12,"enemies":"Book of Stabbing","floor":23,"turns":5},{"damage":13,"enemies":"3 Cultists","floor":24,"turns":6},{"damage":2,"enemies":"Snecko","floor":29,"turns":5},{"damage":23,"enemies":"Slavers","floor":30,"turns":7},{"damage":13,"enemies":"Snake Plant","floor":31,"turns":4},{"damage":27,"enemies":"Automaton","floor":33,"turns":10},{"damage":10,"enemies":"3 Shapes","floor":35,"turns":4},{"damage":51,"enemies":"3 Darklings","floor":36,"turns":6},{"damage":27,"enemies":"Transient","floor":41,"turns":5},{"damage":19,"enemies":"Maw","floor":42,"turns":7},{"damage":0,"enemies":"3 Darklings","floor":46,"turns":5},{"damage":27,"enemies":"Nemesis","floor":48,"turns":5},{"damage":45,"enemies":"Donu and Deca","floor":50,"turns":10},{"damage":56,"enemies":"Shield and Spear","floor":54,"turns":5},{"damage":78,"enemies":"The Heart","floor":55,"turns":3}],"seed_played":"-1389765300656323531","potions_obtained":[{"floor":1,"key":"Strength Potion"},{"floor":5,"key":"SteroidPotion"},{"floor":12,"key":"Strength Potion"},{"floor":16,"key":"Dexterity Potion"},{"floor":17,"key":"SpeedPotion"},{"floor":19,"key":"Explosive Potion"},{"floor":21,"key":"LiquidBronze"},{"floor":23,"key":"EssenceOfSteel"},{"floor":24,"key":"Swift Potion"},{"floor":31,"key":"Regen Potion"}],"is_trial":false,"path_per_floor":["M","?","?","?","M","E","R","E","T","R","?","M","$","M","R","B",null,"M","M","M","M","?","E","M","R","T","?","$","M","E","M","R","B",null,"M","M","?","?","$","R","M","M","T","?","R","M","?","E","R","B",null,"R","$","E","B"],"character_chosen":"DEFECT","items_purchased":["Runic Capacitor","Question Card","Stack","Hello World","Flash of Steel","Loop","DataDisk","Emotion Chip"],"campfire_rested":6,"item_purchase_floors":[13,13,13,13,28,28,39,53],"current_hp_per_floor":[74,74,74,74,64,40,40,36,36,36,36,34,34,24,48,21,87,70,70,58,51,34,22,9,36,36,36,36,36,15,4,31,21,92,82,33,33,33,33,60,35,18,18,18,45,47,47,22,49,6,92,92,92,43,0],"gold":34,"neow_bonus":"TEN_PERCENT_HP_BONUS","is_prod":false,"is_daily":false,"chose_seed":false,"campfire_upgraded":2,"win_rate":0,"timestamp":1551298819,"path_taken":["M","?","?","?","M","E","R","E","T","R","?","M","$","M","R","BOSS","M","M","M","M","?","E","M","R","T","?","$","M","E","M","R","BOSS","M","M","?","?","$","R","M","M","T","?","R","M","?","E","R","BOSS","R","$","E","BOSS"],"build_version":"2019-01-23","purchased_purges":1,"victory":false,"max_hp_per_floor":[82,82,82,82,82,82,82,82,82,82,82,82,82,82,82,82,87,87,87,87,87,92,92,92,92,92,92,92,92,92,92,92,92,92,92,92,92,92,92,92,92,92,92,92,92,92,92,92,92,92,92,92,92,99,99],"card_choices":[{"not_picked":["Steam","Force Field"],"picked":"Go for the Eyes","floor":1},{"not_picked":["Coolheaded","Reinforced Body"],"picked":"Doom and Gloom","floor":5},{"not_picked":["FTL","Turbo"],"picked":"Loop","floor":6},{"not_picked":["Redo","Streamline"],"picked":"Leap","floor":8},{"not_picked":["Reprogram","Beam Cell"],"picked":"Hello World","floor":12},{"not_picked":["Force Field","Beam Cell","Barrage"],"picked":"Core Surge","floor":14},{"not_picked":["Biased Cognition","Hyperbeam","Core Surge"],"picked":"Seek","floor":16},{"not_picked":["Coolheaded","Rebound","Chill"],"picked":"Melter","floor":17},{"not_picked":["Recycle","Redo","Coolheaded"],"picked":"Conserve Battery","floor":18},{"not_picked":["Tempest","Chaos","Compile Driver"],"picked":"Barrage+1","floor":19},{"not_picked":["Scrape","Auto Shields","Steam"],"picked":"Rebound","floor":20},{"not_picked":["FTL","Leap","Chill"],"picked":"Glacier+1","floor":21},{"not_picked":["Go for the Eyes","Blizzard","Self Repair"],"picked":"Skim+1","floor":23},{"not_picked":["Conserve Battery","Stack+1","BootSequence"],"picked":"Beam Cell+1","floor":24},{"not_picked":["Streamline","Stack","Rebound"],"picked":"Force Field","floor":29},{"not_picked":["Gash","Consume","Reinforced Body"],"picked":"White Noise","floor":30},{"not_picked":["Steam+1","Redo+1","Gash+1"],"picked":"Force Field+1","floor":31},{"not_picked":["Buffer","Meteor Strike","Seek+1"],"picked":"Echo Form","floor":33},{"not_picked":["Steam+1","Auto Shields+1","Sunder"],"picked":"Rebound+1","floor":35},{"not_picked":["Turbo+1","Undo+1","Auto Shields+1"],"picked":"Sweeping Beam","floor":36},{"not_picked":["Sadistic Nature","Jack Of All Trades+1","Swift Strike"],"picked":"Trip+1","floor":38},{"not_picked":["Stack+1","Heatsinks+1","Darkness+1"],"picked":"Double Energy+1","floor":41},{"not_picked":["Fusion+1","Consume+1","Streamline"],"picked":"Leap+1","floor":42},{"not_picked":["Streamline+1","Go for the Eyes","Rebound"],"picked":"Barrage","floor":46},{"not_picked":["Chaos+1","Reprogram+1","Steam+1"],"picked":"Redo+1","floor":48},{"not_picked":["Consume+1","Skim+1","Conserve Battery+1"],"picked":"Aggregate+1","floor":54}],"player_experience":221199,"relics_obtained":[{"floor":6,"key":"Orichalcum"},{"floor":8,"key":"Lantern"},{"floor":23,"key":"Pen Nib"},{"floor":26,"key":"Mummified Hand"},{"floor":30,"key":"Toxic Egg 2"},{"floor":43,"key":"Juzu Bracelet"},{"floor":48,"key":"Bag of Marbles"},{"floor":54,"key":"Strawberry"}],"event_choices":[{"damage_healed":0,"gold_gain":175,"player_choice":"AGREE","damage_taken":0,"max_hp_gain":0,"max_hp_loss":0,"event_name":"Liars Game","floor":2,"gold_loss":0,"cards_obtained":["Doubt"]},{"cards_removed":["Doubt"],"damage_healed":0,"gold_gain":0,"player_choice":"Forget","damage_taken":0,"max_hp_gain":0,"max_hp_loss":0,"event_name":"Living Wall","floor":3,"gold_loss":0},{"damage_healed":0,"gold_gain":0,"player_choice":"Leave","damage_taken":0,"max_hp_gain":0,"max_hp_loss":0,"event_name":"The Cleric","floor":4,"gold_loss":0},{"damage_healed":0,"gold_gain":275,"player_choice":"Desecrate","damage_taken":0,"max_hp_gain":0,"max_hp_loss":0,"event_name":"Golden Shrine","floor":11,"gold_loss":0,"cards_obtained":["Regret"]},{"damage_healed":0,"gold_gain":0,"player_choice":"Shed Blood","damage_taken":22,"max_hp_gain":5,"max_hp_loss":0,"event_name":"Forgotten Altar","floor":22,"gold_loss":0},{"damage_healed":0,"gold_gain":0,"player_choice":"Opened","damage_taken":0,"relics_obtained":["Blood Vial"],"max_hp_gain":0,"max_hp_loss":0,"event_name":"The Mausoleum","floor":27,"gold_loss":0},{"damage_healed":0,"gold_gain":0,"player_choice":"Ignored","damage_taken":0,"max_hp_gain":0,"max_hp_loss":0,"event_name":"Tomb of Lord Red Mask","floor":37,"gold_loss":0},{"damage_healed":0,"gold_gain":0,"player_choice":"Memory 1","damage_taken":0,"max_hp_gain":0,"max_hp_loss":0,"event_name":"SensoryStone","floor":38,"gold_loss":0},{"damage_healed":0,"gold_gain":0,"player_choice":"Ignored","damage_taken":0,"max_hp_gain":0,"max_hp_loss":0,"event_name":"The Moai Head","floor":44,"gold_loss":0},{"cards_removed":["Strike_B"],"damage_healed":0,"gold_gain":0,"player_choice":"Removed Attack","damage_taken":0,"max_hp_gain":0,"max_hp_loss":0,"event_name":"Falling","floor":47,"gold_loss":0}],"is_beta":false,"boss_relics":[{"not_picked":["Astrolabe","Orrery"],"picked":"Tiny House"},{"not_picked":["Coffee Dripper","Pandora\u0027s Box"],"picked":"Sozu"}],"items_purged_floors":[13],"is_endless":false,"potions_floor_spawned":[1,5,12,16,19,21,23,24,31,35,36],"killed_by":"The Heart","ascension_level":0}