{"gold_per_floor":[116,116,216,6,24,59,59,69,95,113,113,143,143,155,155,251,251,266,286,296,310,330,330,350,350,350,146,146,162,181,192,192,296,296,313,325,325,325,325],"floor_reached":39,"playtime":2478,"items_purged":[],"score":397,"play_id":"49e8c0e4-4584-4dee-88ea-54b98c1e542a","local_time":"20190228154003","is_ascension_mode":false,"campfire_choices":[{"data":"Defragment","floor":11,"key":"SMITH"},{"data":"Capacitor","floor":13,"key":"SMITH"},{"data":"Seek","floor":15,"key":"SMITH"},{"floor":23,"key":"REST"},{"floor":25,"key":"REST"},{"floor":32,"key":"REST"}],"neow_cost":"NONE","seed_source_timestamp":334248661309233,"circlet_count":0,"master_deck":["Strike_B","Strike_B+1","Strike_B","Strike_B","Defend_B+1","Defend_B","Defend_B","Zap","Dualcast","Seek+1","Conserve Battery","Go for the Eyes","Hello World","Go for the Eyes","Defragment+1","Capacitor+1","Lockon","Echo Form","Conserve Battery+1","Glacier+1","Leap+1","Redo","Barrage","Sweeping Beam","Hologram+1","Leap+1","Rampage","Riddle With Holes","Sword Boomerang","Twin Strike","Metamorphosis","Purity+1","Shockwave"],"relics":["Cracked Core","Lee\u0027s Waffle","Dream Catcher","Vajra","Calipers","Lizard Tail","Pen Nib","PrismaticShard","MutagenicStrength","Fusion Hammer"],"potions_floor_usage":[6,16,30,33,33,36],"damage_taken":[{"damage":7,"enemies":"Small Slimes","floor":1,"turns":2},{"damage":0,"enemies":"Cultist","floor":5,"turns":2},{"damage":15,"enemies":"3 Sentries","floor":6,"turns":7},{"damage":0,"enemies":"Jaw Worm","floor":8,"turns":2},{"damage":8,"enemies":"Large Slime","floor":10,"turns":5},{"damage":3,"enemies":"Lagavulin","floor":12,"turns":5},{"damage":5,"enemies":"2 Fungi Beasts","floor":14,"turns":3},{"damage":33,"enemies":"The Guardian","floor":16,"turns":10},{"damage":33,"enemies":"2 Thieves","floor":18,"turns":4},{"damage":7,"enemies":"Shell Parasite","floor":19,"turns":6},{"damage":15,"enemies":"Snake Plant","floor":20,"turns":5},{"damage":7,"enemies":"Centurion and Healer","floor":21,"turns":8},{"damage":17,"enemies":"Shelled Parasite and Fungi","floor":22,"turns":8},{"damage":23,"enemies":"3 Cultists","floor":24,"turns":7},{"damage":29,"enemies":"Cultist and Chosen","floor":29,"turns":8},{"damage":17,"enemies":"Chosen and Byrds","floor":30,"turns":11},{"damage":12,"enemies":"Snake Plant","floor":31,"turns":6},{"damage":16,"enemies":"Automaton","floor":33,"turns":10},{"damage":28,"enemies":"3 Darklings","floor":35,"turns":6},{"damage":30,"enemies":"3 Shapes","floor":36,"turns":5},{"damage":33,"enemies":"Sphere and 2 Shapes","floor":39,"turns":5}],"seed_played":"4978049373296475561","potions_obtained":[{"floor":5,"key":"SkillPotion"},{"floor":10,"key":"Weak Potion"},{"floor":12,"key":"Poison Potion"},{"floor":14,"key":"FocusPotion"},{"floor":19,"key":"Swift Potion"},{"floor":20,"key":"LiquidBronze"},{"floor":30,"key":"FocusPotion"},{"floor":33,"key":"Dexterity Potion"},{"floor":35,"key":"Explosive Potion"},{"floor":36,"key":"GamblersBrew"}],"is_trial":false,"path_per_floor":["M","?","?","$","M","E","?","M","T","M","R","E","R","M","R","B",null,"M","M","M","M","M","R","M","R","T","$","?","M","M","M","R","B",null,"M","M","?","?","M"],"character_chosen":"DEFECT","items_purchased":["Lee\u0027s Waffle","PrismaticShard"],"campfire_rested":3,"item_purchase_floors":[4,27],"current_hp_per_floor":[68,53,53,82,82,67,67,67,67,59,59,56,56,51,51,18,82,49,42,27,20,3,27,4,28,28,28,28,41,24,12,36,20,82,54,24,24,24,0],"gold":325,"neow_bonus":"ONE_RANDOM_RARE_CARD","is_prod":false,"is_daily":false,"chose_seed":false,"campfire_upgraded":3,"win_rate":0,"timestamp":1551386403,"path_taken":["M","?","?","$","?","E","?","M","T","M","R","E","R","M","R","BOSS","M","M","M","M","M","R","M","R","T","$","?","M","M","M","R","BOSS","M","M","?","?","M"],"build_version":"2019-01-23","purchased_purges":0,"victory":false,"max_hp_per_floor":[75,75,75,82,82,82,82,82,82,82,82,82,82,82,82,82,82,82,82,82,82,82,82,82,82,82,82,82,82,82,82,82,82,82,82,82,82,82,82],"card_choices":[{"not_picked":["Stack","Undo"],"picked":"Conserve Battery","floor":1},{"not_picked":["Skim","Conserve Battery"],"picked":"Go for the Eyes","floor":5},{"not_picked":["Leap","Streamline"],"picked":"Hello World","floor":6},{"not_picked":["Streamline","Chaos"],"picked":"Go for the Eyes","floor":8},{"not_picked":["Go for the Eyes","Steam"],"picked":"Defragment","floor":10},{"not_picked":["Heatsinks","Auto Shields"],"picked":"Capacitor","floor":12},{"not_picked":["Rip and Tear","Consume"],"picked":"Lockon","floor":14},{"not_picked":["Amplify","Electrodynamics"],"picked":"Echo Form","floor":16},{"not_picked":["Reprogram","Turbo"],"picked":"Conserve Battery+1","floor":18},{"not_picked":["Sunder","Hologram"],"picked":"Glacier+1","floor":19},{"not_picked":["Gash","Darkness+1"],"picked":"Leap+1","floor":20},{"not_picked":["Reprogram+1","Genetic Algorithm"],"picked":"Redo","floor":21},{"not_picked":["Rip and Tear","Turbo"],"picked":"Barrage","floor":22},{"not_picked":["Hyperbeam","Compile Driver"],"picked":"Sweeping Beam","floor":23},{"not_picked":["Steam","Heatsinks"],"picked":"Hologram+1","floor":24},{"not_picked":["Conserve Battery","Turbo+1"],"picked":"Leap+1","floor":25},{"not_picked":["Cold Snap","Reinforced Body+1"],"picked":"Rampage","floor":29},{"not_picked":["Thunder Strike","Bloodletting+1"],"picked":"Riddle With Holes","floor":30},{"not_picked":["Wild Strike","Anger"],"picked":"Sword Boomerang","floor":31},{"not_picked":["Sword Boomerang","Doppelganger"],"picked":"Twin Strike","floor":32},{"not_picked":["Glass Knife","Envenom"],"picked":"Metamorphosis","floor":33},{"not_picked":["Cold Snap","Pummel"],"picked":"Purity+1","floor":35},{"not_picked":["Leap+1","Compile Driver"],"picked":"Shockwave","floor":36}],"player_experience":233749,"relics_obtained":[{"floor":6,"key":"Dream Catcher"},{"floor":9,"key":"Vajra"},{"floor":12,"key":"Calipers"},{"floor":26,"key":"Pen Nib"}],"event_choices":[{"damage_healed":0,"gold_gain":0,"player_choice":"Entered Light","damage_taken":15,"max_hp_gain":0,"max_hp_loss":0,"event_name":"Shining Light","floor":2,"gold_loss":0,"cards_upgraded":["Strike_B","Defend_B"]},{"damage_healed":0,"gold_gain":100,"player_choice":"Gold","damage_taken":0,"max_hp_gain":0,"max_hp_loss":0,"event_name":"Wheel of Change","floor":3,"gold_loss":0},{"damage_healed":0,"gold_gain":0,"player_choice":"Leave","damage_taken":0,"max_hp_gain":0,"max_hp_loss":0,"event_name":"The Cleric","floor":7,"gold_loss":0},{"damage_healed":0,"gold_gain":0,"player_choice":"Inject Mutagens","damage_taken":0,"relics_obtained":["MutagenicStrength"],"max_hp_gain":0,"max_hp_loss":0,"event_name":"Drug Dealer","floor":28,"gold_loss":0},{"damage_healed":0,"gold_gain":0,"player_choice":"Ignored","damage_taken":0,"max_hp_gain":0,"max_hp_loss":0,"event_name":"Mysterious Sphere","floor":37,"gold_loss":0},{"cards_removed":["Defend_B"],"damage_healed":0,"gold_gain":0,"player_choice":"Removed Skill","damage_taken":0,"max_hp_gain":0,"max_hp_loss":0,"event_name":"Falling","floor":38,"gold_loss":0}],"is_beta":false,"boss_relics":[{"not_picked":["Orrery","Cursed Key"],"picked":"Lizard Tail"},{"not_picked":["Tiny House","Pandora\u0027s Box"],"picked":"Fusion Hammer"}],"items_purged_floors":[],"is_endless":false,"potions_floor_spawned":[5,10,12,14,19,20,30,33,35,36],"killed_by":"Sphere and 2 Shapes","ascension_level":0}