{"gold_per_floor":[118,129,129,94,107,107,282,300,300,48,48,68,68,95,95,196,196,208,58,58,68,87,87,116,216,216,226,226],"floor_reached":28,"playtime":1130,"items_purged":[],"score":298,"play_id":"43bf490f-2203-480e-83fd-3449e11a1ba7","local_time":"20190301153239","is_ascension_mode":true,"campfire_choices":[{"data":"Zap","floor":6,"key":"SMITH"},{"data":"Beam Cell","floor":11,"key":"SMITH"},{"floor":15,"key":"REST"},{"floor":23,"key":"REST"}],"neow_cost":"NONE","seed_source_timestamp":2153024740315,"circlet_count":0,"master_deck":["Strike_B","Strike_B","Strike_B","Defend_B","Defend_B","Defend_B","Defend_B","Zap+1","Dualcast","Beam Cell+1","Go for the Eyes","Beam Cell","Beam Cell","Doubt","Gash","BootSequence","Ball Lightning","Electrodynamics","Cold Snap","Decay","Sweeping Beam+1","Chill","Leap"],"relics":["Cracked Core","Pear","Kunai","Mercury Hourglass","Dodecahedron","Busted Crown","Regal Pillow","Red Mask","Singing Bowl"],"potions_floor_usage":[14,16,18,24],"damage_taken":[{"damage":21,"enemies":"Small Slimes","floor":1,"turns":3},{"damage":0,"enemies":"2 Louse","floor":2,"turns":1},{"damage":4,"enemies":"Jaw Worm","floor":5,"turns":2},{"damage":32,"enemies":"Gremlin Gang","floor":8,"turns":6},{"damage":15,"enemies":"3 Louse","floor":12,"turns":3},{"damage":28,"enemies":"Gremlin Nob","floor":14,"turns":4},{"damage":12,"enemies":"Slime Boss","floor":16,"turns":9},{"damage":10,"enemies":"Shell Parasite","floor":18,"turns":4},{"damage":10,"enemies":"2 Thieves","floor":21,"turns":3},{"damage":33,"enemies":"Snecko","floor":22,"turns":5},{"damage":32,"enemies":"Masked Bandits","floor":24,"turns":4},{"damage":17,"enemies":"Centurion and Healer","floor":27,"turns":5},{"damage":22,"enemies":"Cultist and Chosen","floor":28,"turns":4}],"seed_played":"-5008695601232560629","potions_obtained":[{"floor":8,"key":"Swift Potion"},{"floor":12,"key":"SteroidPotion"},{"floor":16,"key":"Fire Potion"},{"floor":22,"key":"Dexterity Potion"}],"is_trial":false,"path_per_floor":["M","M","?","?","M","R","?","M","T","$","R","M","?","E","R","B",null,"M","$","?","M","M","R","?","?","T","M","M"],"character_chosen":"DEFECT","items_purchased":["Kunai","Regal Pillow"],"campfire_rested":2,"item_purchase_floors":[10,19],"current_hp_per_floor":[61,61,61,81,77,77,77,45,55,55,55,40,33,5,32,20,74,64,64,64,54,21,63,31,31,31,14,0],"gold":226,"neow_bonus":"TEN_PERCENT_HP_BONUS","is_prod":false,"is_daily":false,"chose_seed":false,"campfire_upgraded":2,"win_rate":0,"timestamp":1551472359,"path_taken":["M","M","?","?","M","R","?","M","T","$","R","M","?","E","R","BOSS","M","$","?","M","?","R","?","?","T","M","M"],"build_version":"2019-01-23","purchased_purges":0,"victory":false,"max_hp_per_floor":[82,82,82,82,82,82,82,82,92,92,92,92,92,92,92,92,92,92,92,92,92,92,92,92,92,92,92,92],"card_choices":[{"not_picked":["Rebound","Hologram"],"picked":"Beam Cell","floor":1},{"not_picked":["Streamline","Compile Driver"],"picked":"Go for the Eyes","floor":2},{"not_picked":["Skim","Biased Cognition"],"picked":"Beam Cell","floor":5},{"not_picked":["Redo","Turbo"],"picked":"Gash","floor":8},{"not_picked":["Redo","Steam"],"picked":"BootSequence","floor":12},{"not_picked":["Tempest","Biased Cognition"],"picked":"Ball Lightning","floor":14},{"not_picked":["Hyperbeam","Reboot"],"picked":"Electrodynamics","floor":16},{"not_picked":[],"picked":"Cold Snap","floor":18},{"not_picked":["Force Field+1"],"picked":"SKIP","floor":21},{"not_picked":[],"picked":"Sweeping Beam+1","floor":22},{"not_picked":[],"picked":"Chill","floor":24},{"not_picked":[],"picked":"Leap","floor":27}],"player_experience":240852,"relics_obtained":[{"floor":9,"key":"Pear"},{"floor":14,"key":"Dodecahedron"},{"floor":24,"key":"Red Mask"},{"floor":26,"key":"Singing Bowl"}],"event_choices":[{"damage_healed":0,"gold_gain":0,"cards_transformed":["Strike_B"],"player_choice":"Change","damage_taken":0,"max_hp_gain":0,"max_hp_loss":0,"event_name":"Living Wall","floor":3,"gold_loss":0,"cards_obtained":["Beam Cell"]},{"damage_healed":20,"gold_gain":0,"player_choice":"Healed","damage_taken":0,"max_hp_gain":0,"max_hp_loss":0,"event_name":"The Cleric","floor":4,"gold_loss":35},{"damage_healed":0,"gold_gain":175,"player_choice":"AGREE","damage_taken":0,"max_hp_gain":0,"max_hp_loss":0,"event_name":"Liars Game","floor":7,"gold_loss":0,"cards_obtained":["Doubt"]},{"damage_healed":0,"gold_gain":0,"player_choice":"Success","damage_taken":7,"relics_obtained":["Mercury Hourglass"],"max_hp_gain":0,"max_hp_loss":0,"event_name":"Scrap Ooze","floor":13,"gold_loss":0},{"damage_healed":0,"gold_gain":0,"player_choice":"Cursed","damage_taken":0,"max_hp_gain":0,"max_hp_loss":0,"event_name":"Wheel of Change","floor":20,"gold_loss":0,"cards_obtained":["Decay"]},{"damage_healed":0,"gold_gain":0,"player_choice":"Fought Bandits","damage_taken":0,"max_hp_gain":0,"max_hp_loss":0,"event_name":"Masked Bandits","floor":24,"gold_loss":0},{"damage_healed":0,"gold_gain":100,"player_choice":"Pray","damage_taken":0,"max_hp_gain":0,"max_hp_loss":0,"event_name":"Golden Shrine","floor":25,"gold_loss":0}],"is_beta":false,"boss_relics":[{"not_picked":["White Beast Statue","Cursed Key"],"picked":"Busted Crown"}],"items_purged_floors":[],"is_endless":false,"potions_floor_spawned":[8,12,16,22],"killed_by":"Cultist and Chosen","ascension_level":5}