{"gold_per_floor":[209,284,284,301,312,339,98,98,125,125,125,157,157,190,190,289,289,299,299,299,316,328,328,344,344,393,493,53,85,85,99,99,202,202,215,215,315,334,27,41,41,73,73,73,73,88,118,135,135,135,135,135,8,38,38],"floor_reached":55,"playtime":4485,"items_purged":[],"score":761,"play_id":"a0a82461-1154-4060-9f5b-576e0dd7f14e","local_time":"20190224154809","is_ascension_mode":false,"campfire_choices":[{"data":"Zap","floor":8.0,"key":"SMITH"},{"floor":10.0,"key":"RECALL"},{"data":"Genetic Algorithm","floor":13.0,"key":"SMITH"},{"data":"Conserve Battery","floor":15.0,"key":"SMITH"},{"data":"Echo Form","floor":23.0,"key":"SMITH"},{"data":"Loop","floor":25.0,"key":"SMITH"},{"data":"Apotheosis","floor":32.0,"key":"SMITH"},{"data":"Stack","floor":44.0,"key":"SMITH"},{"data":"Creative AI","floor":49.0,"key":"SMITH"},{"data":"Rebound","floor":52.0,"key":"SMITH"}],"neow_cost":"NONE","seed_source_timestamp":154129191698411,"circlet_count":0,"master_deck":["Strike_B","Strike_B","Strike_B","Defend_B+1","Defend_B","Defend_B","Defend_B","Zap+1","Dualcast+1","Barrage","Ball Lightning","Conserve Battery+1","Stack+1","Hello World","Genetic Algorithm+1","Barrage","Echo Form+1","Sweeping Beam","Rebound+1","Coolheaded","Loop+1","Apotheosis+1","Hologram","Barrage","Creative AI+1","Steam+1","Cold Snap+1","Conserve Battery+1","Skim+1","Aggregate+1","Cold Snap","Capacitor","Hologram+1"],"special_seed":0,"relics":["Cracked Core","Bronze Scales","Lee\u0027s Waffle","Smiling Mask","Pen Nib","Eternal Feather","War Paint","Regal Pillow","Mummified Hand","PreservedInsect","Velvet Choker","Question Card","Bird Faced Urn","Lantern","Juzu Bracelet","Darkstone Periapt","Bottled Lightning","Ornamental Fan","Thread and Needle"],"potions_floor_usage":[55,55],"damage_taken":[{"damage":1.0,"enemies":"Cultist","floor":1.0,"turns":3.0},{"damage":6.0,"enemies":"2 Louse","floor":4.0,"turns":3.0},{"damage":6.0,"enemies":"Jaw Worm","floor":5.0,"turns":3.0},{"damage":14.0,"enemies":"Lagavulin","floor":6.0,"turns":5.0},{"damage":26.0,"enemies":"3 Sentries","floor":12.0,"turns":5.0},{"damage":19.0,"enemies":"Lagavulin","floor":14.0,"turns":7.0},{"damage":29.0,"enemies":"Hexaghost","floor":16.0,"turns":8.0},{"damage":15.0,"enemies":"3 Byrds","floor":18.0,"turns":3.0},{"damage":17.0,"enemies":"Chosen","floor":21.0,"turns":7.0},{"damage":14.0,"enemies":"Snake Plant","floor":22.0,"turns":5.0},{"damage":10.0,"enemies":"Sentry and Sphere","floor":24.0,"turns":5.0},{"damage":11.0,"enemies":"Gremlin Leader","floor":29.0,"turns":6.0},{"damage":0.0,"enemies":"Snecko","floor":31.0,"turns":5.0},{"damage":77.0,"enemies":"Collector","floor":33.0,"turns":9.0},{"damage":11.0,"enemies":"3 Darklings","floor":35.0,"turns":5.0},{"damage":0.0,"enemies":"Mind Bloom Boss Battle","floor":37.0,"turns":5.0},{"damage":7.0,"enemies":"Orb Walker","floor":38.0,"turns":3.0},{"damage":21.0,"enemies":"Spire Growth","floor":40.0,"turns":5.0},{"damage":5.0,"enemies":"Giant Head","floor":42.0,"turns":7.0},{"damage":18.0,"enemies":"Maw","floor":46.0,"turns":9.0},{"damage":7.0,"enemies":"Reptomancer","floor":47.0,"turns":9.0},{"damage":7.0,"enemies":"Transient","floor":48.0,"turns":5.0},{"damage":56.0,"enemies":"Donu and Deca","floor":50.0,"turns":11.0},{"damage":29.0,"enemies":"Shield and Spear","floor":54.0,"turns":6.0},{"damage":86,"enemies":"The Heart","floor":55,"turns":11}],"seed_played":"-7213746593222095173","potions_obtained":[{"floor":1.0,"key":"Strength Potion"},{"floor":6.0,"key":"SkillPotion"},{"floor":16.0,"key":"Block Potion"},{"floor":22.0,"key":"PowerPotion"},{"floor":24.0,"key":"Strength Potion"},{"floor":31.0,"key":"Ancient Potion"},{"floor":35.0,"key":"AttackPotion"},{"floor":42.0,"key":"FearPotion"},{"floor":46.0,"key":"Energy Potion"},{"floor":47.0,"key":"SkillPotion"}],"is_trial":false,"path_per_floor":["M","?","?","M","M","E","$","R","T","R","?","E","R","E","R","B",null,"M","?","?","M","M","R","M","R","T","?","$","E","?","M","R","B",null,"M","T","?","M","$","M","?","E","T","R","?","M","E","M","R","B",null,"R","$","E","B"],"character_chosen":"DEFECT","items_purchased":["Lee\u0027s Waffle","Hello World","Apotheosis","Mummified Hand","Lantern","Juzu Bracelet","Capacitor","Dexterity Potion"],"campfire_rested":0,"item_purchase_floors":[7,7,28,28,39,39,53,53],"current_hp_per_floor":[74,63,63,57,51,37,82,82,82,82,82,56,56,37,37,8,82,67,67,67,50,36,48,38,50,50,50,50,39,82,82,82,5,82,71,71,71,66,66,55,55,64,64,78,78,71,78,73,78,48,78,78,78,53,0],"gold":38,"neow_bonus":"HUNDRED_GOLD","is_prod":false,"is_daily":false,"chose_seed":false,"campfire_upgraded":9,"win_rate":0,"timestamp":1551041289,"path_taken":["M","?","?","M","?","E","?","R","T","R","?","E","R","E","R","BOSS","M","?","?","M","?","R","M","R","T","?","?","E","?","M","R","BOSS","M","?","?","M","$","M","?","E","T","R","?","M","E","M","R","BOSS","R","$","E","BOSS"],"build_version":"2019-01-23","purchased_purges":0,"victory":false,"max_hp_per_floor":[75,75,75,75,75,75,82,82,82,82,82,82,82,82,82,82,82,82,82,82,82,82,82,82,82,82,82,82,82,82,82,82,82,82,82,82,82,82,82,82,78,78,78,78,78,78,78,78,78,78,78,78,78,78,78],"card_choices":[{"not_picked":["Stack","Coolheaded"],"picked":"Barrage","floor":1.0},{"not_picked":["Streamline","Rebound"],"picked":"Ball Lightning","floor":4.0},{"not_picked":["Stack","Compile Driver"],"picked":"Conserve Battery","floor":5.0},{"not_picked":["Hyperbeam","Undo"],"picked":"Stack","floor":6.0},{"not_picked":["Go for the Eyes","Blizzard"],"picked":"Genetic Algorithm","floor":12.0},{"not_picked":["Chaos","Streamline"],"picked":"Barrage","floor":14.0},{"not_picked":["Biased Cognition","Reboot"],"picked":"Echo Form","floor":16.0},{"not_picked":["Heatsinks","Recycle"],"picked":"Sweeping Beam","floor":18.0},{"not_picked":["Turbo","Coolheaded"],"picked":"Rebound","floor":21.0},{"not_picked":["Steam","Streamline"],"picked":"Coolheaded","floor":22.0},{"not_picked":["Turbo","Sweeping Beam"],"picked":"Loop","floor":24.0},{"not_picked":["Aggregate","Double Energy"],"picked":"Hologram","floor":29.0},{"not_picked":["Consume","Cold Snap"],"picked":"Barrage","floor":31.0},{"not_picked":["Machine Learning","Core Surge"],"picked":"Creative AI","floor":33.0},{"not_picked":["Glacier","BootSequence","Self Repair+1"],"picked":"SKIP","floor":35.0},{"not_picked":["Cold Snap","Hello World+1","BootSequence"],"picked":"Steam+1","floor":37.0},{"not_picked":["Gash","Streamline","Steam"],"picked":"Cold Snap+1","floor":38.0},{"not_picked":["Leap","Heatsinks","Reprogram+1"],"picked":"Conserve Battery+1","floor":40.0},{"not_picked":["Skim","Hello World+1","Scrape","Steam"],"picked":"SKIP","floor":42.0},{"not_picked":["Aggregate+1","Blizzard+1","Turbo+1"],"picked":"Skim+1","floor":46.0},{"not_picked":["Barrage+1","Leap","Fission"],"picked":"Aggregate+1","floor":47.0},{"not_picked":["Steam","Auto Shields","Coolheaded"],"picked":"Cold Snap","floor":48.0},{"not_picked":["Reinforced Body+1","Turbo","Barrage"],"picked":"Hologram+1","floor":54.0}],"player_experience":212928,"relics_obtained":[{"floor":6.0,"key":"Bronze Scales"},{"floor":12.0,"key":"Smiling Mask"},{"floor":14.0,"key":"Pen Nib"},{"floor":26.0,"key":"Regal Pillow"},{"floor":29.0,"key":"PreservedInsect"},{"floor":36.0,"key":"Question Card"},{"floor":37.0,"key":"Bird Faced Urn"},{"floor":42.0,"key":"Darkstone Periapt"},{"floor":43.0,"key":"Bottled Lightning"},{"floor":47.0,"key":"Ornamental Fan"},{"floor":54.0,"key":"Thread and Needle"}],"event_choices":[{"damage_healed":0.0,"max_hp_gain":0.0,"max_hp_loss":0.0,"gold_gain":75.0,"event_name":"World of Goop","player_choice":"Gather Gold","floor":2.0,"gold_loss":0.0,"damage_taken":11.0},{"damage_healed":0.0,"max_hp_gain":0.0,"max_hp_loss":0.0,"gold_gain":0.0,"event_name":"Purifier","player_choice":"Ignored","floor":3.0,"gold_loss":0.0,"damage_taken":0.0},{"damage_healed":0.0,"max_hp_gain":0.0,"max_hp_loss":0.0,"gold_gain":0.0,"event_name":"The Cleric","player_choice":"Leave","floor":11.0,"gold_loss":0.0,"damage_taken":0.0},{"damage_healed":0.0,"max_hp_gain":0.0,"max_hp_loss":0.0,"gold_gain":0.0,"event_name":"The Mausoleum","player_choice":"Opened","floor":19.0,"gold_loss":0.0,"damage_taken":0.0,"relics_obtained":["War Paint"],"cards_obtained":["Writhe"]},{"cards_removed":["Writhe"],"damage_healed":0.0,"max_hp_gain":0.0,"max_hp_loss":0.0,"gold_gain":0.0,"event_name":"Back to Basics","player_choice":"Elegance","floor":20.0,"gold_loss":0.0,"damage_taken":0.0},{"damage_healed":0.0,"max_hp_gain":0.0,"max_hp_loss":0.0,"gold_gain":100.0,"event_name":"Golden Shrine","player_choice":"Pray","floor":27.0,"gold_loss":0.0,"damage_taken":0.0},{"damage_healed":43.0,"max_hp_gain":0.0,"max_hp_loss":0.0,"gold_gain":0.0,"event_name":"Wheel of Change","player_choice":"Full Heal","floor":30.0,"gold_loss":0.0,"damage_taken":0.0},{"damage_healed":0.0,"max_hp_gain":0.0,"max_hp_loss":0.0,"gold_gain":0.0,"event_name":"MindBloom","player_choice":"Fight","floor":37.0,"gold_loss":0.0,"damage_taken":0.0},{"damage_healed":0.0,"max_hp_gain":0.0,"max_hp_loss":4.0,"gold_gain":0.0,"event_name":"Winding Halls","player_choice":"Max HP","floor":41.0,"gold_loss":0.0,"damage_taken":0.0},{"cards_removed":["Strike_B"],"damage_healed":0.0,"max_hp_gain":0.0,"max_hp_loss":0.0,"gold_gain":0.0,"event_name":"Falling","player_choice":"Removed Attack","floor":45.0,"gold_loss":0.0,"damage_taken":0.0}],"is_beta":false,"boss_relics":[{"not_picked":["Orrery","White Beast Statue"],"picked":"Eternal Feather"},{"not_picked":["Nuclear Battery","Inserter"],"picked":"Velvet Choker"}],"items_purged_floors":[],"is_endless":false,"potions_floor_spawned":[1,6,16,22,24,31,35,42,46,47,48],"killed_by":"The Heart","ascension_level":0}