{"gold_per_floor":[113,133,144,83,102,132,132,163,190,202,35,35,49,81,81,156,156,170,170,8,20,37,37,57,86,86,86,117,131,131,142,142,221,221,238,338,76,76,76,105,105,124,151,151,181,192,221,236,236,236],"floor_reached":51,"playtime":2291,"items_purged":["Strike_R","Strike_R"],"score":1574,"play_id":"516c234e-8ab5-49dc-8d7f-b15f7453f4b2","local_time":"20190420155440","is_ascension_mode":true,"campfire_choices":[{"data":"Feed","floor":7.0,"key":"SMITH"},{"data":"Body Slam","floor":12.0,"key":"SMITH"},{"data":"Disarm","floor":15.0,"key":"SMITH"},{"data":"Flame Barrier","floor":23.0,"key":"SMITH"},{"data":"Clothesline","floor":27.0,"key":"SMITH"},{"data":"True Grit","floor":30.0,"key":"SMITH"},{"data":"Limit Break","floor":32.0,"key":"SMITH"},{"data":"Limit Break","floor":41,"key":"SMITH"},{"data":"Bash","floor":44,"key":"SMITH"},{"data":"Shrug It Off","floor":49,"key":"SMITH"}],"neow_cost":"NONE","seed_source_timestamp":294866562485290,"circlet_count":0,"master_deck":["AscendersBane","Strike_R","Strike_R","Strike_R","Defend_R+1","Defend_R","Defend_R","Defend_R","Bash+1","Clothesline+1","Pommel Strike","Wild Strike","Body Slam+1","Feed+1","Disarm+1","Spot Weakness","Combust","Rupture","Offering+1","Flame Barrier+1","Ghostly Armor","Pummel","True Grit+1","Limit Break+1","Limit Break+1","Sword Boomerang+1","Shrug It Off+1","True Grit+1","True Grit+1"],"special_seed":0,"relics":["Burning Blood","Blood Vial","Red Skull","Vajra","Happy Flower","Anchor","Pocketwatch","Philosopher\u0027s Stone","Singing Bowl","Shuriken","Ancient Tea Set","Busted Crown","Prayer Wheel","Bronze Scales","Sundial","War Paint","Bag of Marbles"],"potions_floor_usage":[33,33],"damage_taken":[{"damage":11.0,"enemies":"Jaw Worm","floor":1.0,"turns":5.0},{"damage":4.0,"enemies":"Cultist","floor":2.0,"turns":3.0},{"damage":4.0,"enemies":"2 Louse","floor":3.0,"turns":2.0},{"damage":26.0,"enemies":"Exordium Thugs","floor":5.0,"turns":4.0},{"damage":31.0,"enemies":"Lagavulin","floor":6.0,"turns":8.0},{"damage":30.0,"enemies":"3 Sentries","floor":8.0,"turns":8.0},{"damage":2.0,"enemies":"Large Slime","floor":10.0,"turns":6.0},{"damage":3.0,"enemies":"2 Fungi Beasts","floor":13.0,"turns":4.0},{"damage":18.0,"enemies":"Gremlin Nob","floor":14.0,"turns":3.0},{"damage":11.0,"enemies":"The Guardian","floor":16.0,"turns":9.0},{"damage":18.0,"enemies":"2 Thieves","floor":18.0,"turns":4.0},{"damage":28.0,"enemies":"Chosen","floor":21.0,"turns":5.0},{"damage":24.0,"enemies":"Centurion and Healer","floor":22.0,"turns":5.0},{"damage":18.0,"enemies":"Chosen and Byrds","floor":24.0,"turns":4.0},{"damage":25.0,"enemies":"Slavers","floor":25.0,"turns":5.0},{"damage":8.0,"enemies":"Gremlin Leader","floor":28.0,"turns":4.0},{"damage":6.0,"enemies":"3 Cultists","floor":29.0,"turns":4.0},{"damage":6.0,"enemies":"Snecko","floor":31.0,"turns":4.0},{"damage":18,"enemies":"Automaton","floor":33,"turns":6},{"damage":22,"enemies":"Orb Walker","floor":35,"turns":5},{"damage":6,"enemies":"Mind Bloom Boss Battle","floor":36,"turns":4},{"damage":36,"enemies":"Giant Head","floor":40,"turns":6},{"damage":5,"enemies":"3 Shapes","floor":42,"turns":11},{"damage":30,"enemies":"Reptomancer","floor":45,"turns":5},{"damage":11,"enemies":"3 Darklings","floor":46,"turns":4},{"damage":16,"enemies":"Nemesis","floor":47,"turns":5},{"damage":6,"enemies":"Sphere and 2 Shapes","floor":48,"turns":4},{"damage":43,"enemies":"Awakened One","floor":50,"turns":9}],"seed_played":"2828911997197575557","potions_obtained":[{"floor":5.0,"key":"Regen Potion"},{"floor":6.0,"key":"Swift Potion"},{"floor":13.0,"key":"Fruit Juice"},{"floor":14.0,"key":"Weak Potion"},{"floor":18.0,"key":"LiquidBronze"},{"floor":19.0,"key":"EssenceOfSteel"},{"floor":28.0,"key":"AttackPotion"},{"floor":31.0,"key":"FearPotion"},{"floor":36,"key":"SpeedPotion"},{"floor":46,"key":"Poison Potion"},{"floor":48,"key":"Fire Potion"}],"is_trial":false,"path_per_floor":["M","M","M","?","M","E","R","E","T","M","$","R","M","E","R","B",null,"M","?","$","M","M","R","M","E","T","R","E","M","R","M","R","B",null,"M","?","$","?","?","E","R","M","T","R","E","M","E","M","R","B",null],"character_chosen":"IRONCLAD","items_purchased":["Anchor","Flame Barrier","Bronze Scales"],"campfire_rested":0,"item_purchase_floors":[11,20,37],"current_hp_per_floor":[70,72,74,74,56,48,48,26,26,36,36,36,45,44,44,45,89,79,79,79,63,51,51,45,34,34,34,40,46,46,52,52,42,112,100,106,106,108,108,82,82,93,93,93,71,74,68,76,76,41],"gold":236,"neow_bonus":"TEN_PERCENT_HP_BONUS","is_prod":false,"is_daily":false,"chose_seed":false,"campfire_upgraded":10,"win_rate":0,"timestamp":1555800880,"path_taken":["M","M","M","?","M","E","R","E","T","?","$","R","M","E","R","BOSS","M","?","$","M","M","R","M","E","T","R","E","M","R","?","R","BOSS","M","?","?","?","?","E","R","M","T","R","E","M","E","M","R","BOSS"],"build_version":"2019-01-23","purchased_purges":2,"victory":true,"max_hp_per_floor":[82,82,82,82,82,82,82,82,82,86,86,86,90,99,99,103,103,103,103,103,107,111,111,115,121,121,121,127,131,131,135,135,135,135,137,141,141,143,136,138,138,146,146,146,146,152,154,160,160,160],"card_choices":[{"not_picked":["Iron Wave","Flex"],"picked":"Clothesline","floor":1.0},{"not_picked":["Seeing Red","Evolve"],"picked":"Pommel Strike","floor":2.0},{"not_picked":["Burning Pact","Havoc"],"picked":"Wild Strike","floor":3.0},{"not_picked":["Cleave","Twin Strike"],"picked":"Body Slam","floor":5.0},{"not_picked":["Corruption","Iron Wave"],"picked":"Feed","floor":6.0},{"not_picked":["Perfected Strike","Second Wind"],"picked":"Disarm","floor":8.0},{"not_picked":["Infernal Blade","Twin Strike"],"picked":"Spot Weakness","floor":10.0},{"not_picked":["Wild Strike","Havoc"],"picked":"Combust","floor":13.0},{"not_picked":["Sentinel","Warcry"],"picked":"Rupture","floor":14.0},{"not_picked":["Impervious","Juggernaut"],"picked":"Offering","floor":16.0},{"not_picked":["Headbutt","Clash","Rage+1"],"picked":"SKIP","floor":18.0},{"not_picked":["Anger","Thunderclap","Iron Wave"],"picked":"SKIP","floor":21.0},{"not_picked":["Hemokinesis+1","Clothesline"],"picked":"Ghostly Armor","floor":22.0},{"not_picked":["Armaments","True Grit"],"picked":"Pummel","floor":24.0},{"not_picked":["Infernal Blade","Carnage","Wild Strike"],"picked":"Singing Bowl","floor":25.0},{"not_picked":["Cleave","Thunderclap","Entrench"],"picked":"Singing Bowl","floor":28.0},{"not_picked":["Perfected Strike","Body Slam"],"picked":"True Grit","floor":29.0},{"not_picked":["Cleave","Dual Wield"],"picked":"Limit Break","floor":31.0},{"not_picked":["Double Tap","Brutality"],"picked":"Limit Break","floor":33},{"not_picked":["Clothesline"],"picked":"Singing Bowl","floor":35},{"not_picked":[],"picked":"Sword Boomerang+1","floor":36},{"not_picked":["Impatience"],"picked":"Singing Bowl","floor":38},{"not_picked":["Pommel Strike+1"],"picked":"Singing Bowl","floor":40},{"not_picked":["Heavy Blade+1"],"picked":"Singing Bowl","floor":42},{"not_picked":["Twin Strike"],"picked":"Singing Bowl","floor":42},{"not_picked":[],"picked":"Shrug It Off","floor":45},{"not_picked":["Hemokinesis"],"picked":"Singing Bowl","floor":46},{"not_picked":[],"picked":"True Grit+1","floor":46},{"not_picked":["Barricade"],"picked":"Singing Bowl","floor":47},{"not_picked":["Second Wind"],"picked":"Singing Bowl","floor":48},{"not_picked":[],"picked":"True Grit+1","floor":48}],"player_experience":219494,"relics_obtained":[{"floor":6.0,"key":"Red Skull"},{"floor":8.0,"key":"Vajra"},{"floor":9.0,"key":"Happy Flower"},{"floor":14.0,"key":"Pocketwatch"},{"floor":25.0,"key":"Singing Bowl"},{"floor":26.0,"key":"Shuriken"},{"floor":28.0,"key":"Ancient Tea Set"},{"floor":36,"key":"Prayer Wheel"},{"floor":40,"key":"Sundial"},{"floor":45,"key":"War Paint"},{"floor":47,"key":"Bag of Marbles"}],"event_choices":[{"damage_healed":0.0,"max_hp_gain":0.0,"max_hp_loss":0.0,"gold_gain":0.0,"event_name":"WeMeetAgain","player_choice":"Paid Gold","floor":4.0,"gold_loss":61.0,"damage_taken":0.0,"relics_obtained":["Blood Vial"]},{"damage_healed":0.0,"max_hp_gain":0.0,"max_hp_loss":0.0,"gold_gain":0.0,"event_name":"Lab","player_choice":"Got Potions","floor":19.0,"gold_loss":0.0,"damage_taken":0.0},{"damage_healed":0,"gold_gain":0,"player_choice":"Fight","damage_taken":0,"max_hp_gain":0,"max_hp_loss":0,"event_name":"MindBloom","floor":36,"gold_loss":0},{"damage_healed":0,"gold_gain":0,"player_choice":"Memory 1","damage_taken":0,"max_hp_gain":0,"max_hp_loss":0,"event_name":"SensoryStone","floor":38,"gold_loss":0},{"damage_healed":0,"gold_gain":0,"player_choice":"Max HP","damage_taken":0,"max_hp_gain":0,"max_hp_loss":7,"event_name":"Winding Halls","floor":39,"gold_loss":0}],"is_beta":false,"boss_relics":[{"not_picked":["Calling Bell","Lizard Tail"],"picked":"Philosopher\u0027s Stone"},{"not_picked":["Snecko Eye","Pandora\u0027s Box"],"picked":"Busted Crown"}],"items_purged_floors":[20,37],"is_endless":false,"potions_floor_spawned":[5,6,13,14,18,24,28,31,36,46,48],"ascension_level":17}