{"gold_per_floor":[18,35,45,145,157,177,208,208,208,223,241,241,267,146,146,244,244,261,20,40,40,57,90,90,102,128,142,142,155,155,45,45,140,140,157,157,167,178,192,226,241,241,241,241,100,100,125,143,143,143],"floor_reached":51,"playtime":2984,"items_purged":["Shame"],"score":818,"play_id":"ede725c2-7585-4e85-99a9-ec70720d0672","local_time":"20190424225504","is_ascension_mode":false,"campfire_choices":[{"data":"Clothesline","floor":8.0,"key":"SMITH"},{"data":"Bash","floor":12.0,"key":"SMITH"},{"data":"Inflame","floor":15.0,"key":"SMITH"},{"data":"Juggernaut","floor":28.0,"key":"SMITH"},{"data":"Immolate","floor":30.0,"key":"SMITH"},{"floor":32.0,"key":"REST"},{"data":"Inflame","floor":42,"key":"SMITH"},{"data":"Flame Barrier","floor":44,"key":"SMITH"},{"data":"Juggernaut","floor":49,"key":"SMITH"}],"neow_cost":"NO_GOLD","seed_source_timestamp":0,"circlet_count":0,"master_deck":["Strike_R","Strike_R","Strike_R","Strike_R","Strike_R","Defend_R","Defend_R","Defend_R","Defend_R","Bash+1","Battle Trance","Iron Wave","Intimidate","Clothesline+1","Headbutt","Cleave","Inflame+1","Ghostly Armor","Headbutt","Feel No Pain","Anger","Juggernaut+1","Power Through+1","Headbutt","Burning Pact+1","Immolate+1","Headbutt","Metallicize","Inflame+1","Flame Barrier+1","Reaper","Magnetism","The Bomb","Uppercut+1","True Grit+1","Feed","Enlightenment","Juggernaut+1","Shockwave"],"special_seed":0,"relics":["Burning Blood","Nunchaku","Oddly Smooth Stone","Pear","Ornamental Fan","Snecko Eye","Meat on the Bone","Mummified Hand","Nilry\u0027s Codex","Pen Nib","Cursed Key","Smiling Mask","Mercury Hourglass","Gremlin Horn"],"potions_floor_usage":[50],"damage_taken":[{"damage":10.0,"enemies":"Cultist","floor":1.0,"turns":4.0},{"damage":1.0,"enemies":"Jaw Worm","floor":2.0,"turns":3.0},{"damage":2.0,"enemies":"2 Louse","floor":3.0,"turns":3.0},{"damage":0.0,"enemies":"Exordium Thugs","floor":5.0,"turns":6.0},{"damage":6.0,"enemies":"2 Fungi Beasts","floor":6.0,"turns":3.0},{"damage":18.0,"enemies":"3 Sentries","floor":7.0,"turns":7.0},{"damage":3.0,"enemies":"Blue Slaver","floor":10.0,"turns":3.0},{"damage":18.0,"enemies":"Exordium Thugs","floor":11.0,"turns":4.0},{"damage":14.0,"enemies":"Lagavulin","floor":13.0,"turns":7.0},{"damage":13.0,"enemies":"Hexaghost","floor":16.0,"turns":9.0},{"damage":25.0,"enemies":"2 Thieves","floor":18.0,"turns":4.0},{"damage":0.0,"enemies":"Chosen","floor":20.0,"turns":3.0},{"damage":15.0,"enemies":"3 Cultists","floor":22.0,"turns":6.0},{"damage":14.0,"enemies":"Slavers","floor":23.0,"turns":5.0},{"damage":2.0,"enemies":"Snecko","floor":25.0,"turns":4.0},{"damage":10.0,"enemies":"Cultist and Chosen","floor":27.0,"turns":7.0},{"damage":20.0,"enemies":"Centurion and Healer","floor":29.0,"turns":5.0},{"damage":3.0,"enemies":"Champ","floor":33.0,"turns":7.0},{"damage":0,"enemies":"Orb Walker","floor":35,"turns":3},{"damage":14,"enemies":"3 Darklings","floor":37,"turns":5},{"damage":0,"enemies":"Transient","floor":38,"turns":5},{"damage":33,"enemies":"Writhing Mass","floor":39,"turns":4},{"damage":0,"enemies":"Reptomancer","floor":40,"turns":4},{"damage":14,"enemies":"Maw","floor":41,"turns":6},{"damage":2,"enemies":"Giant Head","floor":47,"turns":6},{"damage":0,"enemies":"Transient","floor":48,"turns":5},{"damage":46,"enemies":"Donu and Deca","floor":50,"turns":6}],"seed_played":"6779915552226919491","potions_obtained":[{"floor":1.0,"key":"Weak Potion"},{"floor":3.0,"key":"Energy Potion"},{"floor":6.0,"key":"EssenceOfSteel"},{"floor":10.0,"key":"Block Potion"},{"floor":20.0,"key":"Fruit Juice"},{"floor":25.0,"key":"SteroidPotion"},{"floor":33,"key":"Strength Potion"},{"floor":35,"key":"Fire Potion"}],"is_trial":false,"path_per_floor":["M","M","M","?","M","M","E","R","T","M","M","R","E","$","R","B",null,"M","$","M","?","M","E","?","M","T","M","R","M","R","$","R","B",null,"M","?","M","M","M","E","M","R","T","R","$","?","E","M","R","B",null],"character_chosen":"IRONCLAD","items_purchased":["Feel No Pain","Anger","Meat on the Bone","Inflame","Flame Barrier","Enlightenment"],"campfire_rested":1,"item_purchase_floors":[14,14,19,31,31,45],"current_hp_per_floor":[76,80,80,80,80,80,68,68,78,81,69,69,61,61,61,54,90,71,71,82,82,73,65,49,65,65,61,61,59,59,59,87,90,95,95,85,95,95,75,81,86,86,86,86,86,86,93,98,98,76],"gold":143,"neow_bonus":"ONE_RARE_RELIC","is_prod":false,"is_daily":false,"chose_seed":false,"campfire_upgraded":8,"win_rate":1,"timestamp":1556171704,"path_taken":["M","M","M","?","?","M","E","R","T","M","M","R","E","?","R","BOSS","M","$","M","?","M","E","?","?","T","M","R","M","R","$","R","BOSS","BOSS","M","?","M","M","M","E","M","R","T","R","$","?","E","M","R","BOSS"],"build_version":"2019-01-23","purchased_purges":1,"victory":true,"max_hp_per_floor":[80,80,80,80,80,80,80,80,90,90,90,90,90,90,90,90,90,90,90,95,95,95,95,95,95,95,95,95,95,95,95,95,95,95,95,95,95,95,95,95,95,95,95,95,95,95,98,98,98,98],"card_choices":[{"not_picked":["Rupture","Dropkick"],"picked":"Battle Trance","floor":1.0},{"not_picked":["Thunderclap","Warcry"],"picked":"Iron Wave","floor":2.0},{"not_picked":["Clash","Burning Pact"],"picked":"Intimidate","floor":3.0},{"not_picked":["Wild Strike","Pummel"],"picked":"Clothesline","floor":5.0},{"not_picked":["Clash","Berserk"],"picked":"Headbutt","floor":6.0},{"not_picked":["Sentinel","Thunderclap"],"picked":"Cleave","floor":7.0},{"not_picked":["Armaments","Anger"],"picked":"Inflame","floor":10.0},{"not_picked":["Thunderclap","Searing Blow"],"picked":"Ghostly Armor","floor":11.0},{"not_picked":["Body Slam","Rupture"],"picked":"Headbutt","floor":13.0},{"not_picked":["Berserk","Dark Embrace"],"picked":"Juggernaut","floor":16.0},{"not_picked":["Second Wind","Cleave+1"],"picked":"Power Through+1","floor":18.0},{"not_picked":["Wild Strike","Armaments","Intimidate"],"picked":"SKIP","floor":20.0},{"not_picked":["Seeing Red","Burning Pact"],"picked":"Headbutt","floor":22.0},{"not_picked":["Clothesline","Reckless Charge"],"picked":"Burning Pact+1","floor":23.0},{"not_picked":["Sword Boomerang","Rampage"],"picked":"Immolate","floor":25.0},{"not_picked":["Ghostly Armor","Evolve+1"],"picked":"Headbutt","floor":27.0},{"not_picked":["Infernal Blade","Sword Boomerang"],"picked":"Metallicize","floor":29.0},{"not_picked":["Offering","Juggernaut"],"picked":"Reaper","floor":33},{"not_picked":["Wild Strike+1","Cleave+1","Intimidate"],"picked":"SKIP","floor":35},{"not_picked":["Flash of Steel","Forethought"],"picked":"Magnetism","floor":36},{"not_picked":["Secret Weapon","Secret Technique"],"picked":"The Bomb","floor":36},{"not_picked":["Twin Strike+1","Havoc+1"],"picked":"Uppercut+1","floor":37},{"not_picked":["Thunderclap+1","Heavy Blade","Headbutt"],"picked":"SKIP","floor":38},{"not_picked":["Uppercut","Wild Strike+1"],"picked":"True Grit+1","floor":39},{"not_picked":["Shrug It Off","Offering"],"picked":"Feed","floor":40},{"not_picked":["Intimidate","Warcry","Thunderclap+1"],"picked":"SKIP","floor":41},{"not_picked":["Demon Form","Twin Strike+1"],"picked":"Juggernaut","floor":47},{"not_picked":["Pommel Strike","Clothesline"],"picked":"Shockwave","floor":48}],"player_experience":565147,"relics_obtained":[{"floor":7.0,"key":"Oddly Smooth Stone"},{"floor":9.0,"key":"Pear"},{"floor":13.0,"key":"Ornamental Fan"},{"floor":23.0,"key":"Mummified Hand"},{"floor":24.0,"key":"Nilry\u0027s Codex"},{"floor":26.0,"key":"Pen Nib"},{"floor":40,"key":"Smiling Mask"},{"floor":43,"key":"Mercury Hourglass"},{"floor":47,"key":"Gremlin Horn"}],"event_choices":[{"damage_healed":0.0,"max_hp_gain":0.0,"max_hp_loss":0.0,"gold_gain":100.0,"event_name":"Golden Shrine","player_choice":"Pray","floor":4.0,"gold_loss":0.0,"damage_taken":0.0},{"damage_healed":0.0,"max_hp_gain":0.0,"max_hp_loss":0.0,"gold_gain":0.0,"event_name":"Beggar","player_choice":"Ignored","floor":21.0,"gold_loss":0.0,"damage_taken":0.0},{"damage_healed":0.0,"max_hp_gain":0.0,"max_hp_loss":0.0,"gold_gain":0.0,"event_name":"Cursed Tome","player_choice":"Obtained Book","floor":24.0,"gold_loss":0.0,"damage_taken":16.0},{"damage_healed":0,"gold_gain":0,"player_choice":"Memory 3","damage_taken":10,"max_hp_gain":0,"max_hp_loss":0,"event_name":"SensoryStone","floor":36,"gold_loss":0},{"damage_healed":0,"gold_gain":0,"player_choice":"Ignored","damage_taken":0,"max_hp_gain":0,"max_hp_loss":0,"event_name":"NoteForYourself","floor":46,"gold_loss":0}],"is_beta":false,"boss_relics":[{"not_picked":["Mark of Pain","Busted Crown"],"picked":"Snecko Eye"},{"not_picked":["Black Star","Velvet Choker"],"picked":"Cursed Key"}],"items_purged_floors":[45],"is_endless":false,"potions_floor_spawned":[1,3,6,10,11,16,20,25,33,35,39,41,47],"ascension_level":0}