{"gold_per_floor":[17,17,28,38,48,48,75,75,98,98,118,135,135,210,210,312,312,331,331,143,160,179,179],"floor_reached":23,"playtime":1869,"items_purged":["Pain"],"score":215,"play_id":"ec5d658e-9bfd-4358-80f5-0dff2339da39","local_time":"20181110013735","is_ascension_mode":true,"campfire_choices":[{"data":"Noxious Fumes","floor":6.0,"key":"SMITH"},{"floor":8,"key":"REST"},{"floor":10,"key":"REST"},{"floor":15,"key":"REST"}],"neow_cost":"NO_GOLD","seed_source_timestamp":0,"circlet_count":0,"master_deck":["Defend_G","Defend_G","Defend_G","Defend_G","Defend_G","Strike_G","Strike_G","Strike_G","Strike_G","Strike_G","Survivor","Neutralize","Malaise","PiercingWail","Night Terror","Well Laid Plans","Cloak And Dagger","Noxious Fumes+1","Leg Sweep","Distraction","Backflip","Venomology","Deadly Poison","Catalyst","Noxious Fumes","Footwork+1","Dodge and Roll"],"special_seed":0,"relics":["Ring of the Snake","Juzu Bracelet","Potion Belt","WarpedTongs","Black Star"],"potions_floor_usage":[11,12,16,18,19,21,21,22,22,22,22,22,23,23],"damage_taken":[{"damage":0.0,"enemies":"Cultist","floor":1.0,"turns":5.0},{"damage":10.0,"enemies":"Small Slimes","floor":3.0,"turns":6.0},{"damage":6.0,"enemies":"Jaw Worm","floor":4.0,"turns":7.0},{"damage":12.0,"enemies":"Large Slime","floor":5.0,"turns":9.0},{"damage":28,"enemies":"Gremlin Nob","floor":7,"turns":6},{"damage":16,"enemies":"Red Slaver","floor":11,"turns":4},{"damage":15,"enemies":"Exordium Thugs","floor":12,"turns":7},{"damage":16,"enemies":"Hexaghost","floor":16,"turns":10},{"damage":14,"enemies":"Shell Parasite","floor":18,"turns":8},{"damage":0,"enemies":"3 Byrds","floor":19,"turns":1},{"damage":26,"enemies":"Sentry and Sphere","floor":21,"turns":6},{"damage":18,"enemies":"Chosen and Byrds","floor":22,"turns":7},{"damage":17,"enemies":"Gremlin Leader","floor":23,"turns":2}],"seed_played":"-7496998589294951111","potions_obtained":[{"floor":1.0,"key":"SpeedPotion"},{"floor":3.0,"key":"SmokeBomb"},{"floor":5.0,"key":"Weak Potion"},{"floor":11,"key":"Poison Potion"},{"floor":12,"key":"PowerPotion"},{"floor":21,"key":"PowerPotion"},{"floor":22,"key":"FearPotion"}],"is_trial":false,"path_per_floor":["M","?","M","M","M","R","E","R","T","R","M","M","?","?","R","B",null,"M","M","$","M","M","E"],"character_chosen":"THE_SILENT","items_purchased":["Catalyst","Noxious Fumes"],"campfire_rested":3,"item_purchase_floors":[20,20],"current_hp_per_floor":[70,70,60,54,42,42,14,35,35,56,40,25,25,14,35,19,70,56,56,56,30,12,0],"gold":179,"neow_bonus":"THREE_RARE_CARDS","is_prod":false,"is_daily":false,"chose_seed":false,"campfire_upgraded":1,"win_rate":0,"timestamp":1541831855,"path_taken":["M","?","M","M","?","R","E","R","T","R","M","M","?","?","R","BOSS","M","M","$","M","M","E"],"build_version":"2018-11-08","purchased_purges":1,"victory":false,"max_hp_per_floor":[70,70,70,70,70,70,70,70,70,70,70,70,70,70,70,70,70,70,70,70,70,70,70],"card_choices":[{"not_picked":["Phantasmal Killer","Die Die Die"],"picked":"Malaise","floor":0.0},{"not_picked":["Backstab","Dagger Spray"],"picked":"PiercingWail","floor":1.0},{"not_picked":["Crippling Poison","PiercingWail"],"picked":"Well Laid Plans","floor":3.0},{"not_picked":["Well Laid Plans","Flying Knee"],"picked":"Cloak And Dagger","floor":4.0},{"not_picked":["Sucker Punch","Distraction"],"picked":"Noxious Fumes","floor":5.0},{"not_picked":["Dagger Throw","Caltrops"],"picked":"Leg Sweep","floor":7},{"not_picked":["Poisoned Stab","Slice"],"picked":"Distraction","floor":11},{"not_picked":["Dagger Throw","Dagger Spray"],"picked":"Backflip","floor":12},{"not_picked":["After Image","Tools of the Trade"],"picked":"Venomology","floor":16},{"not_picked":["Finisher","Cloak And Dagger"],"picked":"Deadly Poison","floor":18},{"not_picked":["Flying Knee","Sucker Punch+1"],"picked":"Footwork+1","floor":21},{"not_picked":["PiercingWail","Predator+1"],"picked":"Dodge and Roll","floor":22}],"player_experience":280903,"relics_obtained":[{"floor":7,"key":"Juzu Bracelet"},{"floor":9,"key":"Potion Belt"}],"event_choices":[{"damage_healed":0.0,"max_hp_gain":0.0,"max_hp_loss":0.0,"gold_gain":0.0,"event_name":"Match and Keep!","player_choice":"1 cards matched","floor":2.0,"gold_loss":0.0,"damage_taken":0.0,"cards_obtained":["Night Terror"]},{"damage_healed":0,"gold_gain":0,"player_choice":"Rummage","damage_taken":0,"relics_obtained":["WarpedTongs"],"max_hp_gain":0,"max_hp_loss":0,"event_name":"Accursed Blacksmith","floor":13,"gold_loss":0,"cards_obtained":["Pain"]},{"damage_healed":0,"gold_gain":75,"player_choice":"Gather Gold","damage_taken":11,"max_hp_gain":0,"max_hp_loss":0,"event_name":"World of Goop","floor":14,"gold_loss":0}],"is_beta":true,"boss_relics":[{"not_picked":["Empty Cage","Ring of the Serpent"],"picked":"Black Star"}],"items_purged_floors":[20],"is_endless":false,"potions_floor_spawned":[1,3,5,11,12,21,22],"killed_by":"Gremlin Leader","ascension_level":2}