{"gold_per_floor":[130,152,175,206,238,250,296,308,320,332,371,398,427,467,479,595,607,631,558,570,598,70,70],"floor_reached":23,"playtime":1424,"items_purged":["Strike_B"],"score":246,"play_id":"dbd0bf8a-bc85-46ab-8b01-1c0b0121e16b","local_time":"20190326015355","is_ascension_mode":true,"campfire_choices":[{"data":"Chill","floor":6.0,"key":"SMITH"},{"data":"Zap","floor":10.0,"key":"SMITH"},{"floor":15.0,"key":"REST"}],"neow_cost":"NONE","seed_source_timestamp":0,"circlet_count":0,"master_deck":["Defend_B","Defend_B","Defend_B","Defend_B","Zap+1","Dualcast","Compile Driver","Rebound","Chill+1","Conserve Battery","Ball Lightning","Conserve Battery","Beam Cell","Seek+1","Fusion+1","White Noise+1","Amplify+1","Skim+1","Undo+1","Storm"],"special_seed":0,"relics":["Cracked Core","MawBank","Dodecahedron","Du-Vu Doll","Toxic Egg 2","Empty Cage","Thread and Needle","Mummified Hand","Oddly Smooth Stone"],"potions_floor_usage":[23],"damage_taken":[{"damage":0.0,"enemies":"Cultist","floor":1.0,"turns":3.0},{"damage":0.0,"enemies":"2 Louse","floor":2.0,"turns":1.0},{"damage":0.0,"enemies":"Small Slimes","floor":3.0,"turns":3.0},{"damage":5.0,"enemies":"Gremlin Gang","floor":4.0,"turns":6.0},{"damage":9.0,"enemies":"Red Slaver","floor":5.0,"turns":4.0},{"damage":33.0,"enemies":"Gremlin Nob","floor":7.0,"turns":4.0},{"damage":4.0,"enemies":"3 Sentries","floor":11.0,"turns":6.0},{"damage":11.0,"enemies":"Large Slime","floor":12.0,"turns":5.0},{"damage":0.0,"enemies":"2 Fungi Beasts","floor":13.0,"turns":2.0},{"damage":1.0,"enemies":"Blue Slaver","floor":14.0,"turns":3.0},{"damage":22.0,"enemies":"Slime Boss","floor":16.0,"turns":6.0},{"damage":17.0,"enemies":"Spheric Guardian","floor":18.0,"turns":4.0},{"damage":18.0,"enemies":"2 Thieves","floor":21.0,"turns":5.0},{"damage":44,"enemies":"Gremlin Leader","floor":23,"turns":6}],"seed_played":"1918527618838465044","potions_obtained":[{"floor":1.0,"key":"Fire Potion"},{"floor":5.0,"key":"Regen Potion"},{"floor":12.0,"key":"Ancient Potion"},{"floor":14.0,"key":"FearPotion"}],"is_trial":false,"path_per_floor":["$","M","?","?","M"],"character_chosen":"DEFECT","items_purchased":["Mummified Hand","Storm","Oddly Smooth Stone"],"campfire_rested":1,"item_purchase_floors":[22,22,22],"current_hp_per_floor":[75,75,75,70,61,61,40,40,40,40,36,25,25,24,46,24,75,58,58,58,40,40,0],"gold":70,"neow_bonus":"RANDOM_COMMON_RELIC","is_prod":false,"is_daily":false,"chose_seed":false,"campfire_upgraded":2,"win_rate":0,"timestamp":1553590435,"path_taken":["M","M","M","M","M","R","E","?","T","R","E","?","M","M","R","BOSS","M","?","?","?","$","E"],"build_version":"2019-01-23","purchased_purges":1,"victory":false,"max_hp_per_floor":[75,75,75,75,75,75,75,75,75,75,75,75,75,75,75,75,75,75,75,75,75,75,75],"card_choices":[{"not_picked":["Hello World","Leap"],"picked":"Compile Driver","floor":1.0},{"not_picked":["Redo","Compile Driver"],"picked":"Rebound","floor":2.0},{"not_picked":["Redo","Heatsinks"],"picked":"Chill","floor":3.0},{"not_picked":["Gash","Hologram"],"picked":"Conserve Battery","floor":4.0},{"not_picked":["Reprogram","Compile Driver"],"picked":"Ball Lightning","floor":5.0},{"not_picked":["Compile Driver","Leap"],"picked":"Conserve Battery","floor":7.0},{"not_picked":["Redo","Leap"],"picked":"Beam Cell","floor":11.0},{"not_picked":["Compile Driver","Blizzard"],"picked":"Seek+1","floor":12.0},{"not_picked":["Coolheaded+1","Stack+1"],"picked":"Fusion+1","floor":13.0},{"not_picked":["Steam Power+1","Cold Snap"],"picked":"White Noise+1","floor":14.0},{"not_picked":["Fission+1","Rainbow+1"],"picked":"Amplify+1","floor":16.0},{"not_picked":["Melter","Streamline"],"picked":"Skim+1","floor":18.0},{"not_picked":["Streamline","Coolheaded+1"],"picked":"Undo+1","floor":21.0}],"player_experience":125657,"relics_obtained":[{"floor":7.0,"key":"Dodecahedron"},{"floor":9.0,"key":"Du-Vu Doll"},{"floor":11.0,"key":"Toxic Egg 2"}],"event_choices":[{"damage_healed":0.0,"max_hp_gain":0.0,"max_hp_loss":0.0,"gold_gain":0.0,"event_name":"Addict","player_choice":"Obtained Relic","floor":19.0,"gold_loss":85.0,"damage_taken":0.0,"relics_obtained":["Thread and Needle"]},{"cards_removed":["Strike_B"],"damage_healed":0.0,"max_hp_gain":0.0,"max_hp_loss":0.0,"gold_gain":0.0,"event_name":"Wheel of Change","player_choice":"Card Removal","floor":20.0,"gold_loss":0.0,"damage_taken":0.0}],"is_beta":false,"boss_relics":[{"not_picked":["Fusion Hammer","Nuclear Battery"],"picked":"Empty Cage"}],"items_purged_floors":[22],"is_endless":false,"potions_floor_spawned":[1,5,12,14,18],"killed_by":"Gremlin Leader","ascension_level":4}