{"gold_per_floor":[116,116,116,66,84,84,119,119,119,144,169,169],"floor_reached":12,"playtime":450,"items_purged":[],"score":98,"play_id":"ad0cdc49-7278-4425-8ee7-e160b66dbc42","local_time":"20190319210154","is_ascension_mode":true,"campfire_choices":[{"data":"Loop","floor":6.0,"key":"SMITH"},{"floor":8.0,"key":"REST"}],"neow_cost":"NONE","seed_source_timestamp":46389971618571,"circlet_count":0,"master_deck":["Strike_B","Strike_B","Strike_B","Defend_B","Defend_B","Defend_B","Defend_B","Zap","Dualcast","Loop+1","Hologram","Conserve Battery","Leap+1","Conserve Battery+1"],"special_seed":0,"relics":["Cracked Core","Golden Idol","Gambling Chip","Toxic Egg 2"],"potions_floor_usage":[12,12],"damage_taken":[{"damage":3.0,"enemies":"2 Louse","floor":1.0,"turns":2.0},{"damage":4.0,"enemies":"Jaw Worm","floor":5.0,"turns":3.0},{"damage":40.0,"enemies":"Lagavulin","floor":7.0,"turns":7.0},{"damage":12,"enemies":"Small Slimes","floor":10,"turns":3},{"damage":13,"enemies":"Exordium Wildlife","floor":11,"turns":5},{"damage":61,"enemies":"Gremlin Nob","floor":12,"turns":5}],"seed_played":"5900758756520378348","potions_obtained":[{"floor":5.0,"key":"FearPotion"},{"floor":11,"key":"Regen Potion"}],"is_trial":false,"path_per_floor":["M","?","?","?","M","R","E","R","T","M","M","E"],"character_chosen":"DEFECT","items_purchased":[],"campfire_rested":1,"item_purchase_floors":[],"current_hp_per_floor":[79,76,76,76,72,72,32,54,54,42,29,0],"gold":169,"neow_bonus":"TEN_PERCENT_HP_BONUS","is_prod":false,"is_daily":false,"chose_seed":false,"campfire_upgraded":1,"win_rate":0,"timestamp":1553043714,"path_taken":["M","?","?","?","M","R","E","R","T","M","M","E"],"build_version":"2019-01-23","purchased_purges":0,"victory":false,"max_hp_per_floor":[82,76,76,76,76,76,76,76,76,76,76,76],"card_choices":[{"not_picked":["Rebound","Cold Snap"],"picked":"Loop","floor":1.0},{"not_picked":["White Noise","Compile Driver"],"picked":"Hologram","floor":5.0},{"not_picked":["BootSequence","Double Energy"],"picked":"Conserve Battery","floor":7.0},{"not_picked":["Rebound","Steam+1"],"picked":"Leap+1","floor":10},{"not_picked":["Compile Driver","Go for the Eyes"],"picked":"Conserve Battery+1","floor":11}],"player_experience":251771,"relics_obtained":[{"floor":7.0,"key":"Gambling Chip"},{"floor":9.0,"key":"Toxic Egg 2"}],"event_choices":[{"damage_healed":0.0,"max_hp_gain":0.0,"max_hp_loss":6.0,"gold_gain":0.0,"event_name":"Golden Idol","player_choice":"Lose Max HP","floor":2.0,"gold_loss":0.0,"damage_taken":0.0,"relics_obtained":["Golden Idol"]},{"damage_healed":0.0,"max_hp_gain":0.0,"max_hp_loss":0.0,"gold_gain":0.0,"cards_transformed":["Strike_B"],"event_name":"Living Wall","player_choice":"Change","floor":3.0,"gold_loss":0.0,"damage_taken":0.0,"cards_obtained":["Meteor Strike"]},{"cards_removed":["Meteor Strike"],"damage_healed":0.0,"max_hp_gain":0.0,"max_hp_loss":0.0,"gold_gain":0.0,"event_name":"The Cleric","player_choice":"Card Removal","floor":4.0,"gold_loss":50.0,"damage_taken":0.0}],"is_beta":false,"boss_relics":[],"items_purged_floors":[],"is_endless":false,"potions_floor_spawned":[5,11],"killed_by":"Gremlin Nob","ascension_level":5}