{"path_per_floor":["M","M","M","?","M","R","?","R","T","M","R","M","M","M","R","B",null,"M","M","$","?"],"character_chosen":"DEFECT","items_purchased":["Secret Technique"],"gold_per_floor":[117,129,145,145,165,165,165,165,165,180,180,192,202,222,222,319,319,330,344,78,78,78],"floor_reached":22,"campfire_rested":0,"playtime":878,"current_hp_per_floor":[67,67,67,64,61,61,61,61,61,57,57,52,54,56,56,42,68,30,12,12,12,0],"items_purged":["Strike_B"],"gold":78,"score":180,"play_id":"ef9b37b1-02ef-4f1c-a90b-6d2ac5ad4534","local_time":"20180501022514","is_prod":false,"is_daily":false,"chose_seed":false,"is_ascension_mode":false,"campfire_upgraded":4,"timestamp":1525155914,"path_taken":["M","M","M","?","M","R","?","R","T","M","R","M","M","M","R","BOSS","M","M","$","?","M"],"build_version":"2018-04-30","seed_source_timestamp":141963428554488,"purchased_purges":1,"victory":false,"master_deck":["Strike_B","Strike_B","Strike_B","Defend_B","Defend_B","Defend_B","Defend_B","Zap","Dualcast","Genetic Algorithm+1","Rebound","Ball Lightning+1","Undo+1","Blaster+1","Reprieve","Defragment+1","Ball Lightning","Amplify","Capacitor+1","Capacitor","Secret Technique","Zap"],"max_hp_per_floor":[68,68,68,68,68,68,68,68,68,68,68,68,68,68,68,68,68,68,68,68,68,68],"relics":["Cracked Core","Sundial","Matryoshka","Blood Vial","Mercury Hourglass","Eternal Feather"],"card_choices":[{"not_picked":["Hologram","Coolheaded"],"picked":"Genetic Algorithm","floor":1},{"not_picked":["Barrage","Skim"],"picked":"Rebound","floor":2},{"not_picked":["Heatsinks","Rip and Tear"],"picked":"Ball Lightning","floor":3},{"not_picked":["Hologram","Melter"],"picked":"Undo","floor":5},{"not_picked":["Coolheaded","Chaos"],"picked":"Blaster","floor":10},{"not_picked":["Sweeping Beam","Tempest"],"picked":"Reprieve","floor":12},{"not_picked":["Hologram","Leap"],"picked":"Defragment","floor":13},{"not_picked":["Impulse","Gash"],"picked":"Ball Lightning","floor":14},{"not_picked":["Fusion","Multi-Cast"],"picked":"Amplify","floor":16},{"not_picked":["Ball Lightning","Cold Snap"],"picked":"Capacitor","floor":18},{"not_picked":["Ball Lightning","Glacier"],"picked":"Capacitor","floor":19}],"player_experience":174753,"potions_floor_usage":[16,16,19],"damage_taken":[{"damage":1,"enemies":"Jaw Worm","floor":1,"turns":4},{"damage":0,"enemies":"Small Slimes","floor":2,"turns":3},{"damage":0,"enemies":"2 Louse","floor":3,"turns":3},{"damage":3,"enemies":"2 Fungi Beasts","floor":5,"turns":3},{"damage":6,"enemies":"Red Slaver","floor":10,"turns":2},{"damage":7,"enemies":"Blue Slaver","floor":12,"turns":3},{"damage":0,"enemies":"Lots of Slimes","floor":13,"turns":3},{"damage":0,"enemies":"Looter","floor":14,"turns":3},{"damage":16,"enemies":"Hexaghost","floor":16,"turns":8},{"damage":38,"enemies":"2 Thieves","floor":18,"turns":4},{"damage":20,"enemies":"Chosen","floor":19,"turns":4},{"damage":14,"enemies":"Centurion and Healer","floor":22,"turns":3}],"event_choices":[{"event_name":"Scrap Ooze","player_choice":"success","floor":4,"damage_taken":3},{"event_name":"Living Wall","player_choice":"Grow","floor":7,"damage_taken":0},{"event_name":"Match and Keep!","player_choice":"1 cards matched","floor":21,"damage_taken":0}],"boss_relics":[{"not_picked":["Snecko Eye","Orrery"],"picked":"Eternal Feather"}],"potions_floor_spawned":[1,12,14,16],"seed_played":"4145991715911084121","killed_by":"Centurion and Healer","ascension_level":0,"is_trial":false}