{"gold_per_floor":[117,129,129,304,319,319,354,369,418,371,402,120,150,169,169,269,269,282,298,213,226,23,23,23,55,81,81,81,92,108,8,8,103,103,123,42,42,0,11,11,23,23,23],"floor_reached":44,"playtime":5549,"items_purged":["Doubt","Pain"],"score":626,"play_id":"14f076ef-ed37-4b10-a04a-8c04dcee1ca8","local_time":"20190322180855","is_ascension_mode":true,"campfire_choices":[{"data":"Zap","floor":6,"key":"SMITH"},{"floor":15,"key":"REST"},{"floor":23,"key":"REST"},{"data":"Capacitor","floor":27,"key":"SMITH"},{"floor":32,"key":"REST"},{"data":"Defragment","floor":40,"key":"SMITH"}],"neow_cost":"NONE","seed_source_timestamp":213435226282760,"circlet_count":0,"master_deck":["Strike_B","Strike_B","Strike_B","Defend_B","Defend_B","Defend_B","Defend_B","Zap+1","Dualcast","Leap","Hologram","Sunder","Capacitor+1","Streamline","Ball Lightning","Barrage","Coolheaded","Loop","Doom and Gloom","Cold Snap","Multi-Cast","Compile Driver+1","Conserve Battery+1","Compile Driver+1","Consume+1","Undo","All For One","Hologram","Defragment+1","Glacier+1","Force Field+1"],"relics":["Cracked Core","Question Card","Boot","Centennial Puzzle","Nunchaku","Snecko Eye","Oddly Smooth Stone","Blood Vial","Dead Branch","Happy Flower","WarpedTongs","Sozu","Red Mask"],"potions_floor_usage":[7,8,13,13,14,14,25,33,33,43],"damage_taken":[{"damage":0,"enemies":"Cultist","floor":1,"turns":3},{"damage":0,"enemies":"2 Louse","floor":2,"turns":2},{"damage":5,"enemies":"Small Slimes","floor":5,"turns":4},{"damage":30,"enemies":"3 Sentries","floor":7,"turns":6},{"damage":5,"enemies":"Exordium Wildlife","floor":8,"turns":4},{"damage":36,"enemies":"Gremlin Nob","floor":11,"turns":4},{"damage":2,"enemies":"3 Sentries","floor":13,"turns":5},{"damage":1,"enemies":"Exordium Thugs","floor":14,"turns":3},{"damage":11,"enemies":"Slime Boss","floor":16,"turns":6},{"damage":5,"enemies":"Chosen","floor":18,"turns":3},{"damage":17,"enemies":"Shell Parasite","floor":19,"turns":3},{"damage":11,"enemies":"3 Cultists","floor":21,"turns":7},{"damage":4,"enemies":"Slavers","floor":25,"turns":6},{"damage":10,"enemies":"Centurion and Healer","floor":29,"turns":3},{"damage":17,"enemies":"Shelled Parasite and Fungi","floor":30,"turns":7},{"damage":27,"enemies":"Champ","floor":33,"turns":11},{"damage":1,"enemies":"Orb Walker","floor":35,"turns":3},{"damage":0,"enemies":"3 Shapes","floor":39,"turns":2},{"damage":26,"enemies":"3 Darklings","floor":41,"turns":5},{"damage":16,"enemies":"Awakened One","floor":43,"turns":12}],"seed_played":"-6846079404324442076","potions_obtained":[{"floor":1,"key":"Explosive Potion"},{"floor":2,"key":"FocusPotion"},{"floor":11,"key":"SkillPotion"},{"floor":13,"key":"Block Potion"},{"floor":19,"key":"Weak Potion"},{"floor":25,"key":"Energy Potion"},{"floor":33,"key":"FocusPotion"}],"is_trial":false,"path_per_floor":["M","?","?","?","?","?","M","?","?","?"],"character_chosen":"DEFECT","items_purchased":["Coolheaded","Loop","Fire Potion","Explosive Potion","SpeedPotion","Blood Vial","Defragment"],"campfire_rested":3,"item_purchase_floors":[12,12,12,12,22,22,36],"current_hp_per_floor":[75,75,80,80,75,75,45,40,40,40,4,4,2,1,25,14,80,75,58,58,47,47,71,71,69,69,69,69,61,46,46,70,45,80,79,79,76,76,76,76,50,50,36],"gold":23,"neow_bonus":"TRANSFORM_CARD","is_prod":false,"is_daily":false,"chose_seed":false,"campfire_upgraded":3,"win_rate":0,"timestamp":1553278135,"path_taken":["M","?","?","?","M","R","E","M","T","?","E","$","E","M","R","BOSS","M","M","?","M","$","R","$","E","T","R","?","?","M","$","R","BOSS","M","$","?","?","M","R","M","?","BOSS"],"build_version":"2019-01-23","purchased_purges":2,"victory":true,"max_hp_per_floor":[75,75,80,80,80,80,80,80,80,80,80,80,80,80,80,80,80,80,80,80,80,80,80,80,80,80,80,80,80,80,80,80,80,80,80,80,76,76,76,76,76,76,76],"card_choices":[{"not_picked":["Darkness","Coolheaded"],"picked":"Hologram","floor":1},{"not_picked":["Coolheaded","Undo"],"picked":"Sunder","floor":2},{"not_picked":["Reinforced Body","Loop"],"picked":"Capacitor","floor":5},{"not_picked":["Double Energy","Undo"],"picked":"Streamline","floor":7},{"not_picked":["Fusion","Electrodynamics","Tempest"],"picked":"Ball Lightning","floor":8},{"not_picked":["Force Field","Leap","Steam"],"picked":"Barrage","floor":11},{"not_picked":["Tempest","Hello World","Leap"],"picked":"Doom and Gloom","floor":13},{"not_picked":["Streamline","Ball Lightning","BootSequence"],"picked":"Cold Snap","floor":14},{"not_picked":["Seek","Thunder Strike","Fission"],"picked":"Multi-Cast","floor":16},{"not_picked":["Barrage","Doom and Gloom","Streamline"],"picked":"Compile Driver+1","floor":18},{"not_picked":["Cold Snap","Chaos","Sunder+1"],"picked":"Conserve Battery+1","floor":19},{"not_picked":["Gash","Fusion+1","Hologram"],"picked":"Compile Driver+1","floor":21},{"not_picked":["Tempest+1","FTL","Self Repair"],"picked":"Consume+1","floor":25},{"not_picked":["Conserve Battery","Go for the Eyes+1","Electrodynamics"],"picked":"Undo","floor":29},{"not_picked":["Ball Lightning","Redo","Barrage","Coolheaded+1"],"picked":"SKIP","floor":30},{"not_picked":["Amplify","Seek","Multi-Cast"],"picked":"All For One","floor":33},{"not_picked":["Beam Cell","Streamline+1","Rip and Tear+1"],"picked":"Hologram","floor":35},{"not_picked":["Redo+1","FTL+1","Lockon"],"picked":"Glacier+1","floor":39},{"not_picked":["Consume+1","Redo+1","Scrape+1"],"picked":"Force Field+1","floor":41}],"player_experience":273920,"relics_obtained":[{"floor":7,"key":"Question Card"},{"floor":9,"key":"Boot"},{"floor":11,"key":"Centennial Puzzle"},{"floor":13,"key":"Nunchaku"},{"floor":25,"key":"Dead Branch"},{"floor":26,"key":"Happy Flower"}],"event_choices":[{"damage_healed":0,"gold_gain":0,"player_choice":"Donut","damage_taken":0,"max_hp_gain":5,"max_hp_loss":0,"event_name":"Big Fish","floor":3,"gold_loss":0},{"damage_healed":0,"gold_gain":175,"player_choice":"AGREE","damage_taken":0,"max_hp_gain":0,"max_hp_loss":0,"event_name":"Liars Game","floor":4,"gold_loss":0,"cards_obtained":["Doubt"]},{"damage_healed":0,"gold_gain":0,"player_choice":"Left Gold","damage_taken":0,"max_hp_gain":0,"max_hp_loss":0,"event_name":"World of Goop","floor":10,"gold_loss":47},{"damage_healed":0,"gold_gain":0,"player_choice":"Obtained Relic","damage_taken":0,"relics_obtained":["Oddly Smooth Stone"],"max_hp_gain":0,"max_hp_loss":0,"event_name":"Addict","floor":20,"gold_loss":85},{"damage_healed":0,"gold_gain":0,"player_choice":"Rummage","damage_taken":0,"relics_obtained":["WarpedTongs"],"max_hp_gain":0,"max_hp_loss":0,"event_name":"Accursed Blacksmith","floor":28,"gold_loss":0,"cards_obtained":["Pain"]},{"damage_healed":0,"gold_gain":0,"player_choice":"Max HP","damage_taken":0,"max_hp_gain":0,"max_hp_loss":4,"event_name":"Winding Halls","floor":37,"gold_loss":0},{"damage_healed":0,"gold_gain":0,"player_choice":"Paid","damage_taken":0,"relics_obtained":["Red Mask"],"max_hp_gain":0,"max_hp_loss":0,"event_name":"Tomb of Lord Red Mask","floor":38,"gold_loss":42},{"damage_healed":0,"gold_gain":0,"player_choice":"Took Portal","damage_taken":0,"max_hp_gain":0,"max_hp_loss":0,"event_name":"SecretPortal","floor":42,"gold_loss":0}],"is_beta":false,"boss_relics":[{"not_picked":["White Beast Statue","Astrolabe"],"picked":"Snecko Eye"},{"not_picked":["Velvet Choker","Inserter"],"picked":"Sozu"}],"items_purged_floors":[12,31],"is_endless":false,"potions_floor_spawned":[1,2,11,13,19,25,33,41],"ascension_level":1}