{"gold_per_floor":[112,129,204,223,5,32,48,48,72,247,247,117,149,165,165,165],"floor_reached":16,"playtime":1274,"items_purged":["Strike_R"],"score":138,"play_id":"7f28baa9-8c4b-4945-900e-f6ee7da0a0d2","local_time":"20190322232135","is_ascension_mode":true,"campfire_choices":[{"data":"Searing Blow","floor":8,"key":"SMITH"},{"data":"Searing Blow+1","floor":11,"key":"SMITH"},{"data":"Searing Blow+2","floor":15,"key":"SMITH"}],"neow_cost":"NONE","seed_source_timestamp":236482198083333,"circlet_count":0,"master_deck":["Strike_R","Strike_R","Strike_R","Strike_R","Defend_R","Defend_R","Defend_R","Defend_R","Bash","Anger","Headbutt","Searing Blow+3","Shrug It Off","Metallicize","Armaments","Doubt","Reckless Charge","Shrug It Off"],"relics":["Burning Blood","Lantern","Strawberry","Blood Vial","Orichalcum"],"potions_floor_usage":[13,13,16],"damage_taken":[{"damage":2,"enemies":"Jaw Worm","floor":1,"turns":3},{"damage":4,"enemies":"2 Louse","floor":2,"turns":2},{"damage":4,"enemies":"Small Slimes","floor":4,"turns":3},{"damage":37,"enemies":"3 Sentries","floor":6,"turns":8},{"damage":6,"enemies":"Blue Slaver","floor":7,"turns":4},{"damage":27,"enemies":"Lagavulin","floor":13,"turns":5},{"damage":1,"enemies":"3 Louse","floor":14,"turns":4},{"damage":37,"enemies":"Hexaghost","floor":16,"turns":9}],"seed_played":"-3296884407090002069","potions_obtained":[{"floor":2,"key":"LiquidBronze"},{"floor":4,"key":"FearPotion"},{"floor":14,"key":"SteroidPotion"}],"is_trial":false,"path_per_floor":["?","?"],"character_chosen":"IRONCLAD","items_purchased":["Lantern","Reckless Charge","Explosive Potion"],"campfire_rested":0,"item_purchase_floors":[5,12,12],"current_hp_per_floor":[80,80,69,71,71,47,47,47,47,47,47,47,28,35,35,0],"gold":165,"neow_bonus":"THREE_CARDS","is_prod":false,"is_daily":false,"chose_seed":false,"campfire_upgraded":3,"win_rate":0,"timestamp":1553296895,"path_taken":["M","M","?","M","$","E","M","R","T","?","R","$","E","M","R","BOSS"],"build_version":"2019-01-23","purchased_purges":1,"victory":false,"max_hp_per_floor":[80,80,80,80,80,87,87,87,87,87,87,87,87,87,87,87],"card_choices":[{"not_picked":["Thunderclap","Sever Soul"],"picked":"Anger","floor":0},{"not_picked":["Clash","Warcry"],"picked":"Headbutt","floor":1},{"not_picked":["Blood for Blood","True Grit"],"picked":"Searing Blow","floor":2},{"not_picked":["Whirlwind","Power Through"],"picked":"Shrug It Off","floor":4},{"not_picked":["Cleave","Dual Wield"],"picked":"Metallicize","floor":6},{"not_picked":["Body Slam","Iron Wave"],"picked":"Armaments","floor":7},{"not_picked":["Iron Wave","Evolve"],"picked":"Shrug It Off","floor":13},{"not_picked":["Dropkick","Battle Trance","Sword Boomerang"],"picked":"SKIP","floor":14}],"player_experience":296765,"relics_obtained":[{"floor":6,"key":"Strawberry"},{"floor":9,"key":"Blood Vial"},{"floor":13,"key":"Orichalcum"}],"event_choices":[{"damage_healed":0,"gold_gain":75,"player_choice":"Gather Gold","damage_taken":11,"max_hp_gain":0,"max_hp_loss":0,"event_name":"World of Goop","floor":3,"gold_loss":0},{"damage_healed":0,"gold_gain":175,"player_choice":"AGREE","damage_taken":0,"max_hp_gain":0,"max_hp_loss":0,"event_name":"Liars Game","floor":10,"gold_loss":0,"cards_obtained":["Doubt"]}],"is_beta":false,"boss_relics":[],"items_purged_floors":[5],"is_endless":false,"potions_floor_spawned":[2,4,14],"killed_by":"Hexaghost","ascension_level":5}