{"gold_per_floor":[116,41,41,54,54,85,104,89,89,99,111,111,11,11,11,11],"floor_reached":16,"playtime":517,"items_purged":["Strike_G","Strike_G"],"score":203,"play_id":"5034d3c4-9115-4569-929c-d412ac83247e","local_time":"20190424193156","is_ascension_mode":true,"campfire_choices":[{"data":"Calculated Gamble","floor":12,"key":"SMITH"},{"data":"Reflex","floor":15,"key":"SMITH"}],"neow_cost":"NONE","seed_source_timestamp":34933306130243,"circlet_count":0,"master_deck":["AscendersBane","Defend_G","Defend_G","Defend_G","Defend_G","Defend_G","Strike_G","Strike_G","Survivor","Neutralize+1","Flying Knee","Cloak And Dagger","Reflex+1","Dash+1","Calculated Gamble+1","Masterful Stab+1"],"special_seed":0,"relics":["Ring of the Snake","NeowsBlessing","Molten Egg 2","Boot"],"potions_floor_usage":[16],"damage_taken":[{"damage":0.0,"enemies":"Jaw Worm","floor":1.0,"turns":1.0},{"damage":0.0,"enemies":"Cultist","floor":4.0,"turns":1.0},{"damage":0.0,"enemies":"3 Sentries","floor":6.0,"turns":1.0},{"damage":0,"enemies":"Small Slimes","floor":7,"turns":4},{"damage":6,"enemies":"Exordium Thugs","floor":8,"turns":4},{"damage":1,"enemies":"Blue Slaver","floor":10,"turns":4},{"damage":22,"enemies":"Large Slime","floor":11,"turns":7},{"damage":28,"enemies":"Hexaghost","floor":16,"turns":16}],"seed_played":"-2834882287020544575","potions_obtained":[{"floor":4.0,"key":"Weak Potion"},{"floor":6,"key":"SkillPotion"}],"is_trial":false,"path_per_floor":["M","$","?","M","?","E","M","M","T","M","M","R","$","T","R","B"],"character_chosen":"THE_SILENT","items_purchased":[],"campfire_rested":0,"item_purchase_floors":[],"current_hp_per_floor":[63,63,63,63,63,63,63,57,57,56,34,34,34,34,34,6],"gold":11,"neow_bonus":"THREE_ENEMY_KILL","is_prod":false,"is_daily":false,"chose_seed":false,"campfire_upgraded":2,"win_rate":0,"timestamp":1556101916,"path_taken":["M","$","?","?","?","E","M","M","T","M","M","R","?","?","R","BOSS"],"build_version":"2019-01-23","purchased_purges":2,"victory":false,"max_hp_per_floor":[70,70,70,70,70,70,70,70,70,70,70,70,70,70,70,70],"card_choices":[{"not_picked":["Poisoned Stab","All Out Attack"],"picked":"Flying Knee","floor":1.0},{"not_picked":["Eviscerate","Concentrate"],"picked":"Cloak And Dagger","floor":4.0},{"not_picked":["Slice","Venomology"],"picked":"Reflex","floor":6},{"not_picked":["Deflect","Heel Hook+1","Reflex"],"picked":"SKIP","floor":7},{"not_picked":["Masterful Stab+1","Leg Sweep"],"picked":"Dash+1","floor":8},{"not_picked":["Underhanded Strike+1","Flying Knee+1"],"picked":"Calculated Gamble","floor":10},{"not_picked":["Backflip","Heel Hook+1"],"picked":"Masterful Stab+1","floor":11}],"player_experience":688957,"relics_obtained":[{"floor":6,"key":"Molten Egg 2"},{"floor":14,"key":"Boot"}],"event_choices":[{"damage_healed":0.0,"max_hp_gain":0.0,"max_hp_loss":0.0,"gold_gain":0.0,"event_name":"Accursed Blacksmith","player_choice":"Forge","floor":3.0,"gold_loss":0.0,"damage_taken":0.0,"cards_upgraded":["Neutralize"]},{"cards_removed":["Strike_G"],"damage_healed":0.0,"max_hp_gain":0.0,"max_hp_loss":0.0,"gold_gain":0.0,"event_name":"Wheel of Change","player_choice":"Card Removal","floor":5.0,"gold_loss":0.0,"damage_taken":0.0}],"is_beta":false,"boss_relics":[],"items_purged_floors":[2,13],"is_endless":false,"potions_floor_spawned":[4,6,8],"killed_by":"Hexaghost","ascension_level":12}