{"gold_per_floor":[115,115,62,78,253,253,283,283,308,324,354,366,366,391,403,512,524,553,95,95,83,83],"floor_reached":22,"playtime":1166,"items_purged":[],"score":297,"play_id":"c7672d15-877c-4297-a40d-d6c195f4c430","local_time":"20190205220423","is_ascension_mode":true,"campfire_choices":[{"data":"Cloak And Dagger","floor":6.0,"key":"SMITH"},{"data":"Glass Knife","floor":8.0,"key":"SMITH"},{"data":"Accuracy","floor":13.0,"key":"SMITH"},{"data":"After Image","floor":15.0,"key":"SMITH"}],"neow_cost":"NONE","seed_source_timestamp":14669754266200,"circlet_count":0,"master_deck":["Defend_G","Defend_G","Defend_G","Defend_G","Defend_G","Strike_G","Strike_G","Strike_G","Strike_G","Strike_G","Survivor","Neutralize","Poisoned Stab","Regret","Cloak And Dagger+1","Cloak And Dagger","Doubt","Glass Knife+1","Dagger Spray","After Image+1","Accuracy+1","Footwork","After Image","Choke","Blade Dance","Caltrops","Swift Strike","PiercingWail"],"special_seed":0,"relics":["Ring of the Snake","NeowsBlessing","Shuriken","Pear","PreservedInsect","Question Card","MawBank","WristBlade","Ornamental Fan"],"potions_floor_usage":[],"damage_taken":[{"damage":0.0,"enemies":"Jaw Worm","floor":1.0,"turns":1.0},{"damage":0.0,"enemies":"2 Louse","floor":4.0,"turns":1.0},{"damage":0.0,"enemies":"Gremlin Nob","floor":7.0,"turns":1.0},{"damage":0.0,"enemies":"Small Slimes","floor":10.0,"turns":1.0},{"damage":13.0,"enemies":"3 Sentries","floor":11.0,"turns":5.0},{"damage":5.0,"enemies":"Red Slaver","floor":12.0,"turns":3.0},{"damage":21.0,"enemies":"Lagavulin","floor":14.0,"turns":6.0},{"damage":18.0,"enemies":"Slime Boss","floor":16.0,"turns":8.0},{"damage":15.0,"enemies":"Shell Parasite","floor":18.0,"turns":5.0},{"damage":17.0,"enemies":"2 Thieves","floor":21.0,"turns":4.0},{"damage":35,"enemies":"3 Cultists","floor":22,"turns":4}],"seed_played":"6182235360301663377","potions_obtained":[{"floor":7.0,"key":"Swift Potion"},{"floor":12.0,"key":"LiquidBronze"},{"floor":14.0,"key":"EssenceOfSteel"}],"is_trial":false,"path_per_floor":["M","?","$","M","?","R","E","R","T","M","E","M","R","E","R","B",null,"M","$","?","M","M"],"character_chosen":"THE_SILENT","items_purchased":["Cloak And Dagger","Blade Dance","Caltrops","Ornamental Fan","Swift Strike"],"campfire_rested":0,"item_purchase_floors":[3,19,19,19,19],"current_hp_per_floor":[70,70,70,70,70,70,80,80,80,80,67,62,62,41,41,23,80,65,65,50,33,0],"gold":83,"neow_bonus":"THREE_ENEMY_KILL","is_prod":false,"is_daily":false,"chose_seed":false,"campfire_upgraded":4,"win_rate":0,"timestamp":1549422263,"path_taken":["M","?","$","M","?","R","E","R","T","M","E","M","R","E","R","BOSS","M","$","?","M","M"],"build_version":"2019-01-23","purchased_purges":0,"victory":false,"max_hp_per_floor":[70,70,70,70,70,70,80,80,80,80,80,80,80,80,80,80,80,80,80,85,85,85],"card_choices":[{"not_picked":["Underhanded Strike","Eviscerate"],"picked":"Poisoned Stab","floor":1.0},{"not_picked":["Prepared","Deflect"],"picked":"Cloak And Dagger","floor":4.0},{"not_picked":["Catalyst","Bane"],"picked":"Glass Knife","floor":7.0},{"not_picked":["Deadly Poison","Skewer"],"picked":"Dagger Spray","floor":10.0},{"not_picked":["Riddle With Holes","Expertise"],"picked":"After Image","floor":11.0},{"not_picked":["Endless Agony","Flying Knee","Infinite Blades"],"picked":"Accuracy","floor":12.0},{"not_picked":["Storm of Steel","Calculated Gamble","Endless Agony"],"picked":"Footwork","floor":14.0},{"not_picked":["Night Terror","Glass Knife","Malaise"],"picked":"After Image","floor":16.0},{"not_picked":["Dagger Throw+1","Quick Slash","Poisoned Stab"],"picked":"Choke","floor":18.0},{"not_picked":["Masterful Stab","Prepared","Deadly Poison"],"picked":"PiercingWail","floor":21.0}],"player_experience":374902,"relics_obtained":[{"floor":7.0,"key":"Pear"},{"floor":9.0,"key":"PreservedInsect"},{"floor":11.0,"key":"Question Card"},{"floor":14.0,"key":"MawBank"}],"event_choices":[{"damage_healed":0.0,"max_hp_gain":0.0,"max_hp_loss":0.0,"gold_gain":0.0,"event_name":"Big Fish","player_choice":"Box","floor":2.0,"gold_loss":0.0,"damage_taken":0.0,"relics_obtained":["Shuriken"],"cards_obtained":["Regret"]},{"damage_healed":0.0,"max_hp_gain":0.0,"max_hp_loss":0.0,"gold_gain":175.0,"event_name":"Liars Game","player_choice":"AGREE","floor":5.0,"gold_loss":0.0,"damage_taken":0.0,"cards_obtained":["Doubt"]},{"damage_healed":0.0,"max_hp_gain":5.0,"max_hp_loss":0.0,"gold_gain":0.0,"event_name":"Forgotten Altar","player_choice":"Shed Blood","floor":20.0,"gold_loss":0.0,"damage_taken":20.0}],"is_beta":false,"boss_relics":[{"not_picked":["Pandora\u0027s Box","Fusion Hammer"],"picked":"WristBlade"}],"items_purged_floors":[],"is_endless":false,"potions_floor_spawned":[7,12,14],"killed_by":"3 Cultists","ascension_level":4}