{"gold_per_floor":[115,125,144,144,158,185,204,232,286,6,34,34,54,70,70,165,165,180,180,61,75,87,118,128,128,128,155,167,196,196,196,196,196],"floor_reached":33,"playtime":1801,"items_purged":[],"score":411,"play_id":"cdb7557c-9a65-47b2-a5c5-18b02da57bad","local_time":"20190416195324","is_ascension_mode":true,"campfire_choices":[{"data":"Demon Form","floor":12.0,"key":"SMITH"},{"data":"Juggernaut","floor":15.0,"key":"SMITH"},{"data":"Hemokinesis","floor":25.0,"key":"SMITH"},{"data":"Flame Barrier","floor":32.0,"key":"SMITH"}],"neow_cost":"NONE","seed_source_timestamp":32883306334026,"circlet_count":0,"master_deck":["Strike_R","Strike_R","Strike_R","Strike_R","Defend_R","Defend_R","Defend_R","Defend_R","Bash+1","Cleave","Clothesline","Warcry","Shrug It Off","Demon Form+1","Thunderclap","Warcry","Juggernaut+1","Flame Barrier+1","Fire Breathing","Heavy Blade","Exhume","Infernal Blade+1","Necronomicurse","Fire Breathing","Pummel","Rupture+1","Uppercut+1","Hemokinesis+1","Uppercut","Sword Boomerang+1","Uppercut+1","Juggernaut+1"],"special_seed":0,"relics":["Burning Blood","Boot","Bag of Preparation","Mercury Hourglass","Lantern","Juzu Bracelet","Meat on the Bone","Philosopher\u0027s Stone","Necronomicon","Art of War","Toxic Egg 2","Ornamental Fan","Smiling Mask"],"potions_floor_usage":[],"damage_taken":[{"damage":9.0,"enemies":"Jaw Worm","floor":1.0,"turns":3.0},{"damage":4.0,"enemies":"Small Slimes","floor":2.0,"turns":3.0},{"damage":6.0,"enemies":"Cultist","floor":3.0,"turns":3.0},{"damage":0.0,"enemies":"Gremlin Gang","floor":5.0,"turns":1.0},{"damage":26.0,"enemies":"Gremlin Nob","floor":6.0,"turns":4.0},{"damage":4.0,"enemies":"3 Louse","floor":7.0,"turns":4.0},{"damage":22.0,"enemies":"3 Sentries","floor":8.0,"turns":4.0},{"damage":13.0,"enemies":"Gremlin Nob","floor":11.0,"turns":3.0},{"damage":12.0,"enemies":"Exordium Thugs","floor":13.0,"turns":4.0},{"damage":12.0,"enemies":"Gremlin Gang","floor":14.0,"turns":3.0},{"damage":20.0,"enemies":"Slime Boss","floor":16.0,"turns":7.0},{"damage":12.0,"enemies":"3 Byrds","floor":18.0,"turns":3.0},{"damage":30.0,"enemies":"Shell Parasite","floor":21.0,"turns":4.0},{"damage":7.0,"enemies":"Sentry and Sphere","floor":22.0,"turns":3.0},{"damage":36.0,"enemies":"Book of Stabbing","floor":23.0,"turns":5.0},{"damage":0.0,"enemies":"Centurion and Healer","floor":24.0,"turns":3.0},{"damage":27.0,"enemies":"Gremlin Leader","floor":27.0,"turns":4.0},{"damage":10.0,"enemies":"Chosen and Byrds","floor":28.0,"turns":4.0},{"damage":20.0,"enemies":"Book of Stabbing","floor":29.0,"turns":4.0},{"damage":72,"enemies":"Automaton","floor":33,"turns":6}],"seed_played":"-6508423204203932239","potions_obtained":[{"floor":3.0,"key":"Explosive Potion"},{"floor":5.0,"key":"Energy Potion"},{"floor":6.0,"key":"Poison Potion"},{"floor":8.0,"key":"SteroidPotion"},{"floor":13.0,"key":"Fire Potion"},{"floor":14.0,"key":"Regen Potion"},{"floor":18.0,"key":"EssenceOfSteel"},{"floor":21.0,"key":"SteroidPotion"}],"is_trial":false,"path_per_floor":["M","M","M","?","M","E","M","E","T","$","E","R","M","M","R","B",null,"M","?","$","M","M","E","M","R","T","E","M","E","?","?","R","B"],"character_chosen":"IRONCLAD","items_purchased":["Juzu Bracelet","Juggernaut","Fire Breathing","Pummel"],"campfire_rested":0,"item_purchase_floors":[10,10,20,20],"current_hp_per_floor":[77,79,79,79,80,60,62,46,46,46,39,39,45,51,51,49,72,66,50,50,47,58,40,58,58,58,49,57,55,55,55,55,0],"gold":196,"neow_bonus":"RANDOM_COMMON_RELIC","is_prod":false,"is_daily":false,"chose_seed":false,"campfire_upgraded":4,"win_rate":0,"timestamp":1555458804,"path_taken":["M","M","M","?","M","E","M","E","T","$","E","R","M","M","R","BOSS","M","?","$","M","M","E","M","R","T","E","M","E","?","?","R","BOSS"],"build_version":"2019-01-23","purchased_purges":0,"victory":false,"max_hp_per_floor":[80,80,80,80,80,80,80,80,80,80,80,80,80,80,80,80,80,80,80,80,80,80,80,80,80,80,80,80,80,80,80,80,80],"card_choices":[{"not_picked":["Armaments","Clash"],"picked":"Cleave","floor":1.0},{"not_picked":["Anger","Perfected Strike"],"picked":"Clothesline","floor":2.0},{"not_picked":["Flex","Combust"],"picked":"Warcry","floor":3.0},{"not_picked":["Clothesline","Sword Boomerang"],"picked":"Shrug It Off","floor":5.0},{"not_picked":["Second Wind","Headbutt"],"picked":"Demon Form","floor":6.0},{"not_picked":["Entrench","Reckless Charge"],"picked":"Thunderclap","floor":7.0},{"not_picked":["Clothesline","Clash"],"picked":"Warcry","floor":8.0},{"not_picked":["Wild Strike","Warcry"],"picked":"Flame Barrier","floor":11.0},{"not_picked":["Flex","Wild Strike"],"picked":"Fire Breathing","floor":13.0},{"not_picked":["Anger","Battle Trance"],"picked":"Heavy Blade","floor":14.0},{"not_picked":["Immolate","Offering"],"picked":"Exhume","floor":16.0},{"not_picked":["Flex","Battle Trance"],"picked":"Infernal Blade+1","floor":18.0},{"not_picked":["Entrench","Uppercut"],"picked":"Rupture+1","floor":21.0},{"not_picked":["Rage","Clash","Clothesline"],"picked":"SKIP","floor":22.0},{"not_picked":["Thunderclap+1","Body Slam"],"picked":"Uppercut+1","floor":23.0},{"not_picked":["Clothesline","Warcry"],"picked":"Hemokinesis","floor":24.0},{"not_picked":["Anger","Dark Embrace"],"picked":"Uppercut","floor":27.0},{"not_picked":["Uppercut","Sever Soul"],"picked":"Sword Boomerang+1","floor":28.0},{"not_picked":["True Grit+1","Blood for Blood"],"picked":"Uppercut+1","floor":29.0}],"player_experience":303924,"relics_obtained":[{"floor":6.0,"key":"Bag of Preparation"},{"floor":8.0,"key":"Mercury Hourglass"},{"floor":9.0,"key":"Lantern"},{"floor":11.0,"key":"Meat on the Bone"},{"floor":19.0,"key":"Necronomicon"},{"floor":23.0,"key":"Art of War"},{"floor":26.0,"key":"Toxic Egg 2"},{"floor":27.0,"key":"Ornamental Fan"},{"floor":29.0,"key":"Smiling Mask"}],"event_choices":[{"damage_healed":0.0,"max_hp_gain":0.0,"max_hp_loss":0.0,"gold_gain":0.0,"event_name":"Living Wall","player_choice":"Grow","floor":4.0,"gold_loss":0.0,"damage_taken":0.0,"cards_upgraded":["Bash"]},{"damage_healed":0.0,"max_hp_gain":0.0,"max_hp_loss":0.0,"gold_gain":0.0,"event_name":"Cursed Tome","player_choice":"Obtained Book","floor":19.0,"gold_loss":0.0,"damage_taken":16.0},{"cards_removed":["Strike_R"],"damage_healed":0.0,"max_hp_gain":0.0,"max_hp_loss":0.0,"gold_gain":0.0,"event_name":"Bonfire Elementals","player_choice":"Offered Basic","floor":30.0,"gold_loss":0.0,"damage_taken":0.0},{"damage_healed":0.0,"max_hp_gain":0.0,"max_hp_loss":0.0,"gold_gain":0.0,"event_name":"Duplicator","player_choice":"Copied","floor":31.0,"gold_loss":0.0,"damage_taken":0.0,"cards_obtained":["Juggernaut"]}],"is_beta":false,"boss_relics":[{"not_picked":["Fusion Hammer","Ectoplasm"],"picked":"Philosopher\u0027s Stone"}],"items_purged_floors":[],"is_endless":false,"potions_floor_spawned":[3,5,6,8,13,14,18,21],"killed_by":"Automaton","ascension_level":5}