{"gold_per_floor":[109,119,119,119,69,69,97,97,97,97],"floor_reached":10,"playtime":280,"items_purged":[],"score":115,"play_id":"cee15936-f71b-452f-8d20-9085400bdda5","local_time":"20190304162455","is_ascension_mode":true,"campfire_choices":[{"data":"Feed","floor":6,"key":"SMITH"},{"data":"Reaper","floor":8,"key":"SMITH"}],"neow_cost":"NONE","seed_source_timestamp":874148440544500,"circlet_count":0,"master_deck":["Strike_R","Strike_R","Strike_R","Strike_R","Defend_R","Defend_R","Defend_R","Bash","Feed+1","Cleave","Reaper+1"],"relics":["Burning Blood","Juzu Bracelet","Bag of Marbles","Dream Catcher"],"potions_floor_usage":[],"damage_taken":[{"damage":0,"enemies":"Small Slimes","floor":1,"turns":3},{"damage":11,"enemies":"Cultist","floor":2,"turns":4},{"damage":55,"enemies":"3 Sentries","floor":7,"turns":10},{"damage":46,"enemies":"Lagavulin","floor":10,"turns":5}],"seed_played":"-6506448494756923214","potions_obtained":[{"floor":2,"key":"Block Potion"}],"is_trial":false,"path_per_floor":["M","M","?","?","?","R","E","R","T","E"],"character_chosen":"IRONCLAD","items_purchased":[],"campfire_rested":0,"item_purchase_floors":[],"current_hp_per_floor":[81,79,79,84,84,84,39,39,39,0],"gold":97,"neow_bonus":"TRANSFORM_CARD","is_prod":false,"is_daily":false,"chose_seed":false,"campfire_upgraded":2,"win_rate":0,"timestamp":1551734695,"path_taken":["M","M","?","?","?","R","E","R","T","E"],"build_version":"2019-01-23","purchased_purges":0,"victory":false,"max_hp_per_floor":[83,86,86,91,91,91,95,95,95,95],"card_choices":[{"not_picked":["Flex","Heavy Blade"],"picked":"Cleave","floor":1},{"not_picked":["Cleave","Burning Pact","Entrench"],"picked":"SKIP","floor":2},{"not_picked":["Disarm","Uppercut"],"picked":"Reaper","floor":7}],"player_experience":511886,"relics_obtained":[{"floor":7,"key":"Bag of Marbles"},{"floor":9,"key":"Dream Catcher"}],"event_choices":[{"damage_healed":0,"gold_gain":0,"player_choice":"Gave Potion","damage_taken":0,"relics_obtained":["Juzu Bracelet"],"max_hp_gain":0,"max_hp_loss":0,"event_name":"WeMeetAgain","floor":3,"gold_loss":0},{"damage_healed":0,"gold_gain":0,"player_choice":"Donut","damage_taken":0,"max_hp_gain":5,"max_hp_loss":0,"event_name":"Big Fish","floor":4,"gold_loss":0},{"cards_removed":["Strike_R"],"damage_healed":0,"gold_gain":0,"player_choice":"Card Removal","damage_taken":0,"max_hp_gain":0,"max_hp_loss":0,"event_name":"The Cleric","floor":5,"gold_loss":50}],"is_beta":false,"boss_relics":[],"items_purged_floors":[],"is_endless":false,"potions_floor_spawned":[2],"killed_by":"Lagavulin","ascension_level":8}