{"gold_per_floor":[115,128,128,143,159,188,188,206,206,218,232,232],"floor_reached":12,"playtime":460,"items_purged":[],"score":101,"play_id":"8a56a261-9305-4c1c-b6a3-11e7745b5fdd","local_time":"20181223212603","is_ascension_mode":true,"campfire_choices":[{"data":"Zap","floor":7,"key":"SMITH"}],"neow_cost":"NONE","seed_source_timestamp":51120593689200,"circlet_count":0,"master_deck":["Strike_B","Strike_B","Strike_B","Defend_B","Defend_B","Defend_B","Defend_B","Zap+1","Dualcast","Undo","Gash","Scrape","Rainbow","Conserve Battery","Scrape"],"special_seed":0,"relics":["Cracked Core","Bottled Flame","Shuriken"],"potions_floor_usage":[8],"damage_taken":[{"damage":0.0,"enemies":"2 Louse","floor":1.0,"turns":3.0},{"damage":1.0,"enemies":"Cultist","floor":2.0,"turns":3.0},{"damage":0,"enemies":"Jaw Worm","floor":4,"turns":4},{"damage":5,"enemies":"Looter","floor":5,"turns":4},{"damage":19,"enemies":"Gremlin Nob","floor":6,"turns":4},{"damage":20,"enemies":"Large Slime","floor":8,"turns":5},{"damage":21,"enemies":"Lots of Slimes","floor":10,"turns":4},{"damage":3,"enemies":"Exordium Wildlife","floor":11,"turns":3},{"damage":10,"enemies":"Gremlin Gang","floor":12,"turns":1}],"seed_played":"3258960367318020789","potions_obtained":[{"floor":1.0,"key":"Ancient Potion"},{"floor":5,"key":"Energy Potion"},{"floor":11,"key":"SteroidPotion"}],"is_trial":false,"path_per_floor":["M","M","?","M","M","E","R","M","T","M","M","M"],"character_chosen":"DEFECT","items_purchased":[],"campfire_rested":0,"item_purchase_floors":[],"current_hp_per_floor":[75,74,75,75,70,51,51,31,31,10,7,0],"gold":232,"neow_bonus":"REMOVE_CARD","is_prod":false,"is_daily":false,"chose_seed":false,"campfire_upgraded":1,"win_rate":0,"timestamp":1545618363,"path_taken":["M","M","?","M","M","E","R","M","T","M","?","M"],"build_version":"2018-12-20","purchased_purges":0,"victory":false,"max_hp_per_floor":[75,75,75,75,75,75,75,75,75,75,75,75],"card_choices":[{"not_picked":["Consume","Reprogram"],"picked":"Undo","floor":1.0},{"not_picked":["Beam Cell","Redo"],"picked":"Compile Driver","floor":2.0},{"not_picked":["Go for the Eyes","Consume"],"picked":"Gash","floor":4},{"not_picked":["Leap","Sweeping Beam"],"picked":"Scrape","floor":5},{"not_picked":["Sweeping Beam","Storm"],"picked":"Rainbow","floor":6},{"not_picked":["Sweeping Beam","Hologram"],"picked":"Conserve Battery","floor":8},{"not_picked":["Compile Driver","Force Field","Hologram"],"picked":"SKIP","floor":10},{"not_picked":["Thunder Strike","Blizzard"],"picked":"Scrape","floor":11}],"player_experience":328284,"relics_obtained":[{"floor":6,"key":"Bottled Flame"},{"floor":9,"key":"Shuriken"}],"event_choices":[{"cards_removed":["Compile Driver"],"damage_healed":5,"gold_gain":0,"player_choice":"Offered Common","damage_taken":0,"max_hp_gain":0,"max_hp_loss":0,"event_name":"Bonfire Elementals","floor":3,"gold_loss":0},{"cards_removed":["Compile Driver"],"damage_healed":5,"gold_gain":0,"player_choice":"Offered Special","damage_taken":0,"max_hp_gain":0,"max_hp_loss":0,"event_name":"Bonfire Elementals","floor":3,"gold_loss":0}],"is_beta":false,"boss_relics":[],"items_purged_floors":[],"is_endless":false,"potions_floor_spawned":[1,5,11],"killed_by":"Gremlin Gang","ascension_level":4}