{"gold_per_floor":[117,134,146,161,171,202,202,213,213,232,307,342,342,442,442,543,543,561,561,577,198,216,216,231,246,246,246,262,262,275,288,288,383,383,396,408,419,106,122,122,134,134,134,153,1,16,16,41,41,41],"floor_reached":51,"playtime":4412,"items_purged":["Strike_R","Defend_R"],"score":619,"play_id":"5d199133-07bb-4384-9821-b98fa7140be9","local_time":"20181122201334","is_ascension_mode":false,"campfire_choices":[{"floor":7,"key":"REST"},{"data":"Double Tap","floor":13,"key":"SMITH"},{"data":"Infernal Blade","floor":15,"key":"SMITH"},{"data":"Twin Strike","floor":23,"key":"SMITH"},{"floor":29,"key":"REST"},{"data":"Headbutt","floor":32,"key":"SMITH"},{"data":"Rage","floor":40,"key":"SMITH"},{"floor":42,"key":"REST"},{"floor":49,"key":"REST"}],"neow_cost":"NONE","seed_source_timestamp":279927521311298,"circlet_count":0,"master_deck":["Strike_R","Strike_R","Defend_R","Bash","Impervious","Twin Strike+1","Shrug It Off","Infernal Blade+1","Flex","Flame Barrier","Double Tap+1","Headbutt+1","Anger","Iron Wave","Dropkick+1","Rampage+1","Thunderclap+1","Anger+1","Blood for Blood+1","Flex","Rage+1","Headbutt","Dual Wield+1","Flex+1","Feel No Pain","Warcry+1","Iron Wave","True Grit+1","Warcry+1","Transmutation+1"],"relics":["Burning Blood","Regal Pillow","Paper Frog","Potion Belt","Astrolabe","Lantern","Vajra","Incense Burner","FaceOfCleric","Busted Crown","Membership Card","Bag of Marbles","Toxic Egg 2","Happy Flower","Pen Nib","PreservedInsect"],"potions_floor_usage":[4,4,16,22,33,33,33,33,33,33,33,50,50,50,50],"damage_taken":[{"damage":10,"enemies":"Cultist","floor":1,"turns":4},{"damage":7,"enemies":"Small Slimes","floor":2,"turns":3},{"damage":0,"enemies":"2 Louse","floor":3,"turns":3},{"damage":28,"enemies":"Exordium Thugs","floor":4,"turns":6},{"damage":2,"enemies":"Blue Slaver","floor":5,"turns":4},{"damage":40,"enemies":"Gremlin Nob","floor":6,"turns":6},{"damage":0,"enemies":"Lots of Slimes","floor":8,"turns":1},{"damage":8,"enemies":"Red Slaver","floor":10,"turns":2},{"damage":18,"enemies":"Lagavulin","floor":12,"turns":5},{"damage":38,"enemies":"Hexaghost","floor":16,"turns":13},{"damage":0,"enemies":"2 Thieves","floor":18,"turns":1},{"damage":17,"enemies":"Spheric Guardian","floor":20,"turns":5},{"damage":24,"enemies":"Centurion and Healer","floor":22,"turns":3},{"damage":1,"enemies":"Cultist and Chosen","floor":24,"turns":4},{"damage":7,"enemies":"3 Cultists","floor":25,"turns":5},{"damage":10,"enemies":"Snecko","floor":28,"turns":3},{"damage":12,"enemies":"Centurion and Healer","floor":30,"turns":4},{"damage":10,"enemies":"Sentry and Sphere","floor":31,"turns":4},{"damage":76,"enemies":"Automaton","floor":33,"turns":10},{"damage":0,"enemies":"3 Shapes","floor":35,"turns":2},{"damage":13,"enemies":"3 Darklings","floor":36,"turns":5},{"damage":38,"enemies":"Maw","floor":37,"turns":7},{"damage":4,"enemies":"4 Shapes","floor":39,"turns":2},{"damage":23,"enemies":"Transient","floor":41,"turns":5},{"damage":13,"enemies":"Sphere and 2 Shapes","floor":44,"turns":3},{"damage":17,"enemies":"4 Shapes","floor":46,"turns":4},{"damage":74,"enemies":"Awakened One","floor":50,"turns":8}],"seed_played":"-8765576787290947340","potions_obtained":[{"floor":1,"key":"BloodPotion"},{"floor":2,"key":"Strength Potion"},{"floor":12,"key":"AttackPotion"},{"floor":16,"key":"BloodPotion"},{"floor":20,"key":"AttackPotion"},{"floor":24,"key":"Swift Potion"},{"floor":30,"key":"SteroidPotion"},{"floor":31,"key":"EntropicBrew"},{"floor":33,"key":"Regen Potion"},{"floor":41,"key":"Strength Potion"},{"floor":44,"key":"Swift Potion"}],"is_trial":false,"path_per_floor":["M","M","M","M","M","E","R","M","T","M","?","E","R","?","R","B",null,"M","?","M","$","M","R","M","M","T","?","M","R","M","M","R","B",null,"M","M","M","$","M","R","M","R","T","M","$","M","?","T","R","B",null],"character_chosen":"IRONCLAD","items_purchased":["Lantern","Vajra","Membership Card","Bag of Marbles","Happy Flower","Pen Nib"],"campfire_rested":4,"item_purchase_floors":[21,21,38,38,45,45],"current_hp_per_floor":[76,75,80,66,70,36,75,80,80,78,67,55,55,55,55,23,80,80,80,69,69,51,51,56,55,55,55,52,81,76,73,73,29,84,85,79,48,48,51,51,35,76,76,70,70,60,60,60,91,38],"gold":41,"neow_bonus":"TRANSFORM_CARD","is_prod":false,"is_daily":false,"chose_seed":false,"campfire_upgraded":5,"win_rate":0.0,"timestamp":1542935614,"path_taken":["M","?","M","M","M","E","R","M","T","M","?","E","R","?","R","BOSS","M","?","M","?","M","R","M","M","T","?","M","R","M","M","R","BOSS","M","M","M","?","?","R","M","R","T","M","$","?","?","?","R","BOSS"],"build_version":"2018-11-15","purchased_purges":2,"victory":true,"max_hp_per_floor":[80,80,80,80,80,80,80,80,80,80,80,80,80,80,80,80,80,80,80,80,80,80,80,80,80,80,80,81,81,82,83,83,84,84,85,86,87,87,88,88,89,89,89,90,90,91,91,91,91,92],"card_choices":[{"not_picked":["Dropkick","Sword Boomerang"],"picked":"Twin Strike","floor":1},{"not_picked":["Body Slam","Intimidate"],"picked":"Shrug It Off","floor":2},{"not_picked":["Perfected Strike","Shockwave"],"picked":"Infernal Blade","floor":3},{"not_picked":["Perfected Strike","Inflame"],"picked":"Flex","floor":4},{"not_picked":["Shrug It Off","Seeing Red"],"picked":"Flame Barrier","floor":5},{"not_picked":["Thunderclap","Dropkick"],"picked":"Double Tap","floor":6},{"not_picked":["Intimidate","Pommel Strike"],"picked":"Headbutt","floor":8},{"not_picked":["Ghostly Armor","Pommel Strike"],"picked":"Anger","floor":10},{"not_picked":["True Grit","Pummel"],"picked":"Iron Wave","floor":12},{"not_picked":["Perfected Strike","Power Through"],"picked":"Anger+1","floor":18},{"not_picked":["Clothesline","Battle Trance"],"picked":"Blood for Blood+1","floor":20},{"not_picked":["Clash","Feel No Pain"],"picked":"Flex","floor":22},{"not_picked":["Flex","Brutality"],"picked":"Rage","floor":24},{"not_picked":["Dropkick+1","Fire Breathing","Searing Blow"],"picked":"SKIP","floor":25},{"not_picked":["Body Slam","Perfected Strike"],"picked":"Headbutt","floor":28},{"not_picked":["Flame Barrier","Clash"],"picked":"Dual Wield+1","floor":30},{"not_picked":["Shrug It Off","Searing Blow"],"picked":"Flex+1","floor":31},{"not_picked":[],"picked":"Feel No Pain","floor":35},{"not_picked":[],"picked":"Warcry+1","floor":36},{"not_picked":[],"picked":"Iron Wave","floor":37},{"not_picked":["Dual Wield"],"picked":"SKIP","floor":39},{"not_picked":[],"picked":"True Grit+1","floor":41},{"not_picked":["Clash"],"picked":"SKIP","floor":44},{"not_picked":[],"picked":"Warcry+1","floor":46},{"not_picked":[],"picked":"Transmutation+1","floor":47}],"player_experience":2988,"relics_obtained":[{"floor":6,"key":"Regal Pillow"},{"floor":9,"key":"Paper Frog"},{"floor":12,"key":"Potion Belt"},{"floor":26,"key":"Incense Burner"},{"floor":43,"key":"Toxic Egg 2"},{"floor":48,"key":"PreservedInsect"}],"event_choices":[{"damage_healed":0,"gold_gain":75,"player_choice":"Gather Gold","damage_taken":11,"max_hp_gain":0,"max_hp_loss":0,"event_name":"World of Goop","floor":11,"gold_loss":0},{"damage_healed":0,"gold_gain":100,"player_choice":"Pray","damage_taken":0,"max_hp_gain":0,"max_hp_loss":0,"event_name":"Golden Shrine","floor":14,"gold_loss":0},{"damage_healed":0,"gold_gain":0,"player_choice":"Ignored","damage_taken":0,"max_hp_gain":0,"max_hp_loss":0,"event_name":"Ghosts","floor":19,"gold_loss":0},{"damage_healed":0,"gold_gain":0,"player_choice":"Trade","damage_taken":0,"relics_obtained":["FaceOfCleric"],"max_hp_gain":0,"max_hp_loss":0,"event_name":"FaceTrader","floor":27,"gold_loss":0},{"damage_healed":0,"gold_gain":0,"player_choice":"Memory 1","damage_taken":0,"max_hp_gain":0,"max_hp_loss":0,"event_name":"SensoryStone","floor":47,"gold_loss":0}],"is_beta":false,"boss_relics":[{"not_picked":["Black Star","Mark of Pain"],"picked":"Astrolabe"},{"not_picked":["Velvet Choker","Coffee Dripper"],"picked":"Busted Crown"}],"items_purged_floors":[21,38],"is_endless":false,"potions_floor_spawned":[1,2,12,16,20,24,30,31,33,41,44,46],"ascension_level":0}