{"gold_per_floor":[109,123,123,201,222,256,256,287,313,313],"floor_reached":10,"playtime":300,"items_purged":[],"score":95,"play_id":"41e14e42-488e-4eb6-96f5-22c03763113a","local_time":"20190205220934","is_ascension_mode":true,"campfire_choices":[{"floor":7,"key":"REST"}],"neow_cost":"NONE","seed_source_timestamp":15912238721700,"circlet_count":0,"master_deck":["Strike_B","Strike_B","Strike_B","Strike_B","Defend_B","Defend_B","Defend_B","Defend_B","Zap","Dualcast","Thunder Strike","Streamline","Defragment","Ball Lightning","Sweeping Beam"],"relics":["Cracked Core","Golden Idol","Omamori","Art of War","Blood Vial"],"potions_floor_usage":[],"damage_taken":[{"damage":6,"enemies":"Jaw Worm","floor":1,"turns":4},{"damage":0,"enemies":"2 Louse","floor":2,"turns":1},{"damage":1,"enemies":"Cultist","floor":5,"turns":3},{"damage":31,"enemies":"Gremlin Nob","floor":6,"turns":4},{"damage":30,"enemies":"Lagavulin","floor":8,"turns":5},{"damage":13,"enemies":"Exordium Wildlife","floor":10,"turns":3}],"seed_played":"-168674332783319736","potions_obtained":[{"floor":2,"key":"Strength Potion"},{"floor":6,"key":"Swift Potion"},{"floor":8,"key":"SpeedPotion"}],"is_trial":false,"path_per_floor":["M","M","?","?","M","E","R","E","T","M"],"character_chosen":"DEFECT","items_purchased":[],"campfire_rested":1,"item_purchase_floors":[],"current_hp_per_floor":[69,69,51,51,50,19,41,11,11,0],"gold":313,"neow_bonus":"ONE_RANDOM_RARE_CARD","is_prod":false,"is_daily":false,"chose_seed":false,"campfire_upgraded":0,"win_rate":0,"timestamp":1549422574,"path_taken":["M","M","?","?","M","E","R","E","T","M"],"build_version":"2019-01-23","purchased_purges":0,"victory":false,"max_hp_per_floor":[75,75,75,75,75,75,75,75,75,75],"card_choices":[{"not_picked":["Rip and Tear","Rebound"],"picked":"Streamline","floor":1},{"not_picked":["Scrape","Leap"],"picked":"Defragment","floor":2},{"not_picked":["Hologram","Streamline"],"picked":"Ball Lightning","floor":5},{"not_picked":["Barrage","Go for the Eyes"],"picked":"Sweeping Beam","floor":6},{"not_picked":["Streamline","Genetic Algorithm","Cold Snap"],"picked":"SKIP","floor":8}],"player_experience":376068,"relics_obtained":[{"floor":6,"key":"Omamori"},{"floor":8,"key":"Art of War"},{"floor":9,"key":"Blood Vial"}],"event_choices":[{"damage_healed":0,"gold_gain":0,"player_choice":"Take Damage","damage_taken":18,"relics_obtained":["Golden Idol"],"max_hp_gain":0,"max_hp_loss":0,"event_name":"Golden Idol","floor":3,"gold_loss":0},{"damage_healed":0,"gold_gain":78,"player_choice":"Gained Gold","damage_taken":0,"max_hp_gain":0,"max_hp_loss":0,"event_name":"Golden Wing","floor":4,"gold_loss":0}],"is_beta":false,"boss_relics":[],"items_purged_floors":[],"is_endless":false,"potions_floor_spawned":[2,6,8],"killed_by":"Exordium Wildlife","ascension_level":5}