{"gold_per_floor":[119,96,108,108,108,139,139,168,168,168,186,186,203,217,217,312,312,331,331],"floor_reached":19,"playtime":596,"items_purged":[],"score":222,"play_id":"2789b422-af35-4850-9e9a-ebba3dbbc7c8","local_time":"20181212163523","is_ascension_mode":true,"campfire_choices":[{"data":"Metallicize","floor":7,"key":"SMITH"},{"data":"Armaments","floor":10,"key":"SMITH"},{"data":"Regret","floor":12,"key":"PURGE"},{"floor":15,"key":"REST"}],"neow_cost":"NONE","seed_source_timestamp":2546617096100,"circlet_count":0,"master_deck":["Strike_R","Strike_R","Strike_R","Strike_R","Strike_R","Defend_R","Defend_R","Defend_R","Defend_R","Bash","Corruption","Flex","Headbutt","Immolate","Metallicize+1","Armaments+1","Shrug It Off","Sentinel","Dual Wield","Demon Form"],"relics":["Black Blood","NeowsBlessing","Mercury Hourglass","Pen Nib","Peace Pipe","Meat on the Bone"],"potions_floor_usage":[8,16,19],"damage_taken":[{"damage":0,"enemies":"Cultist","floor":1,"turns":1},{"damage":0,"enemies":"Small Slimes","floor":3,"turns":1},{"damage":0,"enemies":"Lagavulin","floor":6,"turns":1},{"damage":20,"enemies":"3 Sentries","floor":8,"turns":4},{"damage":12,"enemies":"Jaw Worm","floor":11,"turns":3},{"damage":0,"enemies":"Red Slaver","floor":13,"turns":4},{"damage":19,"enemies":"3 Louse","floor":14,"turns":3},{"damage":53,"enemies":"Slime Boss","floor":16,"turns":8},{"damage":48,"enemies":"3 Byrds","floor":18,"turns":5},{"damage":71,"enemies":"Masked Bandits","floor":19,"turns":3}],"seed_played":"3137168969098672080","potions_obtained":[{"floor":1,"key":"Energy Potion"},{"floor":8,"key":"Fire Potion"},{"floor":13,"key":"BloodPotion"}],"is_trial":false,"path_per_floor":["M","$","M","?","?","E","R","E","T","R","M","R","M","M","R","B",null,"M","?"],"character_chosen":"IRONCLAD","items_purchased":["Flex"],"campfire_rested":1,"item_purchase_floors":[2],"current_hp_per_floor":[80,80,80,80,80,80,80,66,66,66,60,60,66,53,77,42,80,54,0],"gold":331,"neow_bonus":"THREE_ENEMY_KILL","is_prod":false,"is_daily":false,"chose_seed":false,"campfire_upgraded":2,"win_rate":0,"timestamp":1544650523,"path_taken":["M","$","?","?","?","E","R","E","T","R","?","R","M","M","R","BOSS","M","?"],"build_version":"2018-12-11","purchased_purges":0,"victory":false,"max_hp_per_floor":[80,80,80,80,80,80,80,80,80,80,80,80,80,80,80,80,80,80,80],"card_choices":[{"not_picked":["Power Through","Heavy Blade"],"picked":"Corruption","floor":1},{"not_picked":["Warcry","Sword Boomerang"],"picked":"Headbutt","floor":3},{"not_picked":["Iron Wave","Flex"],"picked":"Metallicize","floor":6},{"not_picked":["Reckless Charge","Perfected Strike"],"picked":"Armaments","floor":8},{"not_picked":["Twin Strike","Sword Boomerang"],"picked":"Shrug It Off","floor":11},{"not_picked":["Immolate","Sword Boomerang"],"picked":"Sentinel","floor":13},{"not_picked":["Battle Trance","Blood for Blood"],"picked":"Dual Wield","floor":14},{"not_picked":["Impervious","Immolate"],"picked":"Demon Form","floor":16},{"not_picked":["Thunderclap+1","Sword Boomerang+1","True Grit+1"],"picked":"SKIP","floor":18}],"player_experience":297824,"relics_obtained":[{"floor":6,"key":"Pen Nib"},{"floor":8,"key":"Peace Pipe"},{"floor":9,"key":"Meat on the Bone"}],"event_choices":[{"damage_healed":0,"gold_gain":0,"player_choice":"Box","damage_taken":0,"relics_obtained":["Mercury Hourglass"],"max_hp_gain":0,"max_hp_loss":0,"event_name":"Big Fish","floor":4,"gold_loss":0,"cards_obtained":["Regret"]},{"damage_healed":0,"gold_gain":0,"player_choice":"1 cards matched","damage_taken":0,"max_hp_gain":0,"max_hp_loss":0,"event_name":"Match and Keep!","floor":5,"gold_loss":0,"cards_obtained":["Immolate"]},{"damage_healed":0,"gold_gain":0,"player_choice":"Fought Bandits","damage_taken":0,"max_hp_gain":0,"max_hp_loss":0,"event_name":"Masked Bandits","floor":19,"gold_loss":0}],"is_beta":true,"boss_relics":[{"not_picked":["Cursed Key","Lizard Tail"],"picked":"Black Blood"}],"items_purged_floors":[],"is_endless":false,"potions_floor_spawned":[1,8,13],"killed_by":"Masked Bandits","ascension_level":2}