{"gold_per_floor":[114,125,125,125,137,137,171,186,186,261,274,274,305,305,305,305],"floor_reached":16,"playtime":487,"items_purged":[],"score":149,"play_id":"bec222a5-d5b6-47a2-93ad-158f9bcc0f97","local_time":"20190212012702","is_ascension_mode":true,"campfire_choices":[{"floor":6,"key":"REST"},{"floor":15,"key":"REST"}],"neow_cost":"NONE","seed_source_timestamp":17141052482600,"circlet_count":0,"master_deck":["Strike_B","Strike_B","Defend_B","Defend_B","Defend_B","Defend_B","Zap","Dualcast","Cold Snap","Gash","Defragment","Coolheaded","Core Surge","Coolheaded","Cold Snap","Seek"],"relics":["Cracked Core","Dodecahedron","Omamori","Question Card","PreservedInsect"],"potions_floor_usage":[7,7,11,13,13,13],"damage_taken":[{"damage":8,"enemies":"Small Slimes","floor":1,"turns":3},{"damage":0,"enemies":"2 Louse","floor":2,"turns":3},{"damage":0,"enemies":"Cultist","floor":5,"turns":3},{"damage":20,"enemies":"3 Sentries","floor":7,"turns":7},{"damage":0,"enemies":"Exordium Wildlife","floor":8,"turns":3},{"damage":0,"enemies":"Exordium Thugs","floor":11,"turns":3},{"damage":14,"enemies":"Lagavulin","floor":13,"turns":7},{"damage":33,"enemies":"Slime Boss","floor":16,"turns":8}],"seed_played":"-4141086037260210878","potions_obtained":[{"floor":2,"key":"EntropicBrew"},{"floor":7,"key":"Strength Potion"},{"floor":11,"key":"FearPotion"}],"is_trial":false,"path_per_floor":["M","M","?","?","M","R","E","M","T","?","M","$","E","?","R","B"],"character_chosen":"DEFECT","items_purchased":[],"campfire_rested":2,"item_purchase_floors":[],"current_hp_per_floor":[60,60,53,28,28,50,30,30,30,19,19,19,5,5,27,0],"gold":305,"neow_bonus":"THREE_CARDS","is_prod":false,"is_daily":false,"chose_seed":false,"campfire_upgraded":0,"win_rate":0,"timestamp":1549952822,"path_taken":["M","M","?","?","M","R","E","M","T","?","M","$","E","?","R","BOSS"],"build_version":"2019-01-23","purchased_purges":0,"victory":false,"max_hp_per_floor":[75,75,75,75,75,75,75,75,75,75,75,75,75,75,75,75],"card_choices":[{"not_picked":["Glacier","Rebound"],"picked":"Cold Snap","floor":0},{"not_picked":["Go for the Eyes","Beam Cell"],"picked":"Gash","floor":1},{"not_picked":["Rebound","Skim"],"picked":"Defragment","floor":2},{"not_picked":["Heatsinks","Blizzard"],"picked":"Coolheaded","floor":5},{"not_picked":["Leap","Rip and Tear"],"picked":"Core Surge","floor":7},{"not_picked":["Blizzard","Barrage"],"picked":"Coolheaded","floor":8},{"not_picked":["Recycle","Compile Driver","Redo","Barrage"],"picked":"SKIP","floor":11},{"not_picked":["Fission","Turbo","Go for the Eyes"],"picked":"Cold Snap","floor":13}],"player_experience":442913,"relics_obtained":[{"floor":7,"key":"Omamori"},{"floor":9,"key":"Question Card"},{"floor":13,"key":"PreservedInsect"}],"event_choices":[{"cards_removed":["Strike_B"],"damage_healed":0,"gold_gain":0,"player_choice":"Card Removal","damage_taken":7,"max_hp_gain":0,"max_hp_loss":0,"event_name":"Golden Wing","floor":3,"gold_loss":0},{"damage_healed":0,"gold_gain":0,"player_choice":"Success","damage_taken":25,"relics_obtained":["Dodecahedron"],"max_hp_gain":0,"max_hp_loss":0,"event_name":"Scrap Ooze","floor":4,"gold_loss":0},{"damage_healed":0,"gold_gain":75,"player_choice":"Gather Gold","damage_taken":11,"max_hp_gain":0,"max_hp_loss":0,"event_name":"World of Goop","floor":10,"gold_loss":0},{"damage_healed":0,"gold_gain":0,"cards_transformed":["Strike_B"],"player_choice":"Transformed","damage_taken":0,"max_hp_gain":0,"max_hp_loss":0,"event_name":"Transmorgrifier","floor":14,"gold_loss":0,"cards_obtained":["Seek"]}],"is_beta":false,"boss_relics":[],"items_purged_floors":[],"is_endless":false,"potions_floor_spawned":[2,7,8,11],"killed_by":"Slime Boss","ascension_level":7}