{"gold_per_floor":[113,131,131,147,67,126,126,137,137,87,87,117,117,137,137,232,232,243,47,47,47,59,59,59],"floor_reached":24,"playtime":1646,"items_purged":[],"score":306,"play_id":"9b70fd02-2e30-47a0-aa2f-1324b15b5111","local_time":"20190403152940","is_ascension_mode":true,"campfire_choices":[{"data":"Clothesline","floor":7.0,"key":"SMITH"},{"floor":13.0,"key":"REST"},{"data":"Rampage","floor":15.0,"key":"SMITH"},{"floor":23,"key":"REST"}],"neow_cost":"NONE","seed_source_timestamp":0,"circlet_count":0,"master_deck":["AscendersBane","Strike_R","Strike_R","Strike_R","Strike_R","Defend_R","Defend_R","Defend_R","Defend_R","Bash+1","Deep Breath","Anger","Rampage+1","Armaments","Inflame","Clothesline+1","Pummel","Immolate","True Grit+1","Headbutt"],"special_seed":0,"relics":["Burning Blood","Tiny Chest","Potion Belt","Blue Candle","Kunai","Runic Pyramid","Vajra","Strawberry"],"potions_floor_usage":[],"damage_taken":[{"damage":5.0,"enemies":"Small Slimes","floor":1.0,"turns":4.0},{"damage":1.0,"enemies":"Cultist","floor":2.0,"turns":3.0},{"damage":8.0,"enemies":"2 Louse","floor":4.0,"turns":3.0},{"damage":15.0,"enemies":"3 Sentries","floor":6.0,"turns":7.0},{"damage":2.0,"enemies":"Looter","floor":8.0,"turns":4.0},{"damage":34.0,"enemies":"Gremlin Nob","floor":12.0,"turns":5.0},{"damage":8.0,"enemies":"3 Louse","floor":14.0,"turns":3.0},{"damage":36.0,"enemies":"Slime Boss","floor":16.0,"turns":9.0},{"damage":22,"enemies":"Spheric Guardian","floor":18,"turns":4},{"damage":3,"enemies":"Chosen","floor":22,"turns":5},{"damage":78,"enemies":"Book of Stabbing","floor":24,"turns":6}],"seed_played":"3529030195872487379","potions_obtained":[{"floor":2.0,"key":"SteroidPotion"},{"floor":4.0,"key":"AttackPotion"},{"floor":6.0,"key":"GamblersBrew"},{"floor":16.0,"key":"SpeedPotion"}],"is_trial":false,"path_per_floor":["?","M","?","?","?","?","M"],"character_chosen":"IRONCLAD","items_purchased":["Inflame","Vajra","Block Potion"],"campfire_rested":2,"item_purchase_floors":[5,19,19],"current_hp_per_floor":[73,78,78,76,76,67,67,71,71,71,53,25,49,47,47,17,64,48,48,33,40,43,70,0],"gold":59,"neow_bonus":"RANDOM_COLORLESS","is_prod":false,"is_daily":false,"chose_seed":false,"campfire_upgraded":2,"win_rate":0,"timestamp":1554301780,"path_taken":["M","M","?","M","$","E","R","?","T","?","?","E","R","M","R","BOSS","M","$","?","?","?","R","E"],"build_version":"2019-01-23","purchased_purges":0,"victory":false,"max_hp_per_floor":[80,80,80,80,80,80,80,80,80,80,80,80,80,80,80,80,80,80,80,85,92,92,92,92],"card_choices":[{"not_picked":["Rage","Inflame"],"picked":"Anger","floor":1.0},{"not_picked":["Iron Wave","Body Slam"],"picked":"Rampage","floor":2.0},{"not_picked":["Hemokinesis","Sentinel"],"picked":"Armaments","floor":4.0},{"not_picked":["Body Slam","Sword Boomerang"],"picked":"Clothesline","floor":6.0},{"not_picked":["Seeing Red","Clothesline","Combust"],"picked":"SKIP","floor":8.0},{"not_picked":["Flex","Twin Strike"],"picked":"Pummel","floor":12.0},{"not_picked":["Barricade","Heavy Blade","Flex"],"picked":"SKIP","floor":14.0},{"not_picked":["Juggernaut","Offering"],"picked":"Immolate","floor":16.0},{"not_picked":["Wild Strike+1","Armaments"],"picked":"True Grit+1","floor":18},{"not_picked":["Warcry+1","Burning Pact"],"picked":"Headbutt","floor":22}],"player_experience":435262,"relics_obtained":[{"floor":6.0,"key":"Tiny Chest"},{"floor":9.0,"key":"Potion Belt"},{"floor":12.0,"key":"Kunai"}],"event_choices":[{"damage_healed":0.0,"max_hp_gain":0.0,"max_hp_loss":0.0,"gold_gain":0.0,"event_name":"Upgrade Shrine","player_choice":"Upgraded","floor":3.0,"gold_loss":0.0,"damage_taken":0.0,"cards_upgraded":["Bash"]},{"cards_removed":["Strike_R"],"damage_healed":0.0,"max_hp_gain":0.0,"max_hp_loss":0.0,"gold_gain":0.0,"event_name":"The Cleric","player_choice":"Card Removal","floor":10.0,"gold_loss":50.0,"damage_taken":0.0},{"damage_healed":0.0,"max_hp_gain":0.0,"max_hp_loss":0.0,"gold_gain":0.0,"event_name":"Scrap Ooze","player_choice":"Success","floor":11.0,"gold_loss":0.0,"damage_taken":18.0,"relics_obtained":["Blue Candle"]},{"damage_healed":0,"gold_gain":0,"player_choice":"Shed Blood","damage_taken":20,"max_hp_gain":5,"max_hp_loss":0,"event_name":"Forgotten Altar","floor":20,"gold_loss":0},{"damage_healed":0,"gold_gain":0,"player_choice":"Gave Potion","damage_taken":0,"relics_obtained":["Strawberry"],"max_hp_gain":0,"max_hp_loss":0,"event_name":"WeMeetAgain","floor":21,"gold_loss":0}],"is_beta":false,"boss_relics":[{"not_picked":["Eternal Feather","Empty Cage"],"picked":"Runic Pyramid"}],"items_purged_floors":[],"is_endless":false,"potions_floor_spawned":[2,4,6,16],"killed_by":"Book of Stabbing","ascension_level":10}