{"path_per_floor":["M","?","?","$","M","E","?","?","T","R","$","?","?","M","R","B",null,"M","M","?","?","$","R","M","?","T","?","M","?","$","M","R"],"character_chosen":"IRONCLAD","items_purchased":["Pommel Strike","Double Tap","Bag of Marbles"],"gold_per_floor":[119,119,69,44,62,97,156,156,156,156,7,7,107,126,126,228,228,246,266,266,266,44,44,61,61,61,61,76,1,1,16,16],"floor_reached":33,"campfire_rested":1,"playtime":1100,"current_hp_per_floor":[80,85,85,85,85,85,60,57,57,57,57,57,57,53,53,31,85,79,68,68,52,52,52,44,58,58,42,34,34,34,33,64],"items_purged":["Strike_R"],"gold":16,"score":291,"play_id":"23d1bb03-a7bd-4473-8a0d-c2f6f4bc3f9a","is_prod":false,"is_daily":false,"is_ascension_mode":false,"campfire_upgraded":3,"path_taken":["M","?","?","$","M","E","?","?","T","R","?","?","?","M","R","BOSS","M","M","?","?","?","R","M","?","T","?","M","?","$","M","R","BOSS"],"build_version":"2018-02-15-PROD1","purchased_purges":1,"victory":false,"master_deck":["Strike_R","Strike_R","Defend_R","Defend_R","Defend_R","Defend_R","Bash","Pommel Strike","Twin Strike","Flex+1","Carnage+1","Double Tap+1","Whirlwind","Offering","Armaments+1","Entrench+1","Writhe","Armaments+1"],"max_hp_per_floor":[80,85,85,85,85,85,85,85,85,85,85,85,85,85,85,85,85,85,85,85,90,90,90,90,104,104,104,104,104,104,104,104],"relics":["Burning Blood","NeowsBlessing","Juzu Bracelet","Self Forming Clay","Pantograph","Bag of Preparation","Runic Pyramid","Bag of Marbles","Mango","Red Skull","Enchiridion"],"card_choices":[{"not_picked":["Thunderclap","True Grit"],"picked":"Twin Strike"},{"not_picked":["Pommel Strike","Intimidate"],"picked":"Flex"},{"not_picked":["Clash","Armaments"],"picked":"Carnage"},{"not_picked":["Infernal Blade","Warcry"],"picked":"Whirlwind"},{"not_picked":["Double Tap","Bludgeon"],"picked":"Offering"},{"not_picked":["Shockwave","Clothesline"],"picked":"Armaments"},{"not_picked":["Shrug It Off","Corruption"],"picked":"Entrench"},{"not_picked":["Heavy Blade","Cleave"],"picked":"Armaments"}],"player_experience":132092,"potions_floor_usage":[16,16,19,19,33],"damage_taken":[{"damage":0,"enemies":"2 Louse","floor":1,"turns":2},{"damage":0,"enemies":"Jaw Worm","floor":5,"turns":1},{"damage":0,"enemies":"Lagavulin","floor":6,"turns":1},{"damage":31,"enemies":"3 Sentries","floor":7,"turns":9},{"damage":10,"enemies":"Small Slimes","floor":14,"turns":2},{"damage":53,"enemies":"Slime Boss","floor":16,"turns":13},{"damage":12,"enemies":"Shell Parasite","floor":18,"turns":3},{"damage":17,"enemies":"2 Thieves","floor":19,"turns":3},{"damage":14,"enemies":"Cultist and Chosen","floor":24,"turns":6},{"damage":14,"enemies":"3 Cultists","floor":28,"turns":4},{"damage":7,"enemies":"Snake Plant","floor":31,"turns":3},{"damage":92,"enemies":"Champ","floor":33,"turns":9}],"event_choices":[{"event_name":"Big Fish","player_choice":"Donut","floor":2,"damage_taken":0},{"event_name":"The Cleric","player_choice":"Card Removal","floor":3,"damage_taken":0},{"event_name":"Dead Adventurer","player_choice":"Searched \u00271\u0027 times","floor":7,"damage_taken":0},{"event_name":"Scrap Ooze","player_choice":"success","floor":8,"damage_taken":3},{"event_name":"Living Wall","player_choice":"Grow","floor":12,"damage_taken":0},{"event_name":"Golden Shrine","player_choice":"Pray","floor":13,"damage_taken":0},{"event_name":"Vampires","player_choice":"Ignored","floor":20,"damage_taken":0},{"event_name":"Forgotten Altar","player_choice":"Shed Blood","floor":21,"damage_taken":0},{"event_name":"The Mausoleum","player_choice":"Yes","floor":25,"damage_taken":0},{"event_name":"Cursed Tome","player_choice":"Obtained Book","floor":27,"damage_taken":0},{"event_name":"Beggar","player_choice":"Gave Gold","floor":29,"damage_taken":0}],"boss_relics":[{"not_picked":["Runic Cube","Orrery"],"picked":"Runic Pyramid"}],"potions_floor_spawned":[1,5,16,18,31],"seed_played":"4816575649859576277","killed_by":"Champ","ascension_level":0,"is_trial":false}