{"gold_per_floor":[417,592,622,634,634,634,634,651,733,747,747,192,192,219,219,314,314,329,104,19,19,34,34,60,60,114,114,114,134,149,149,149,251,251,264,264,33,33,6,6,6,6,6,6,22,22,41,41,41,41],"floor_reached":50,"playtime":6930,"items_purged":["Doubt","Defend_G"],"score":576,"play_id":"0c75b0a0-5d5e-4fa9-9e5e-e4a7228859d0","local_time":"20190302221505","is_ascension_mode":true,"campfire_choices":[{"data":"Noxious Fumes","floor":6,"key":"SMITH"},{"data":"Catalyst","floor":11,"key":"SMITH"},{"data":"Catalyst","floor":13,"key":"SMITH"},{"data":"Strike_G","floor":15,"key":"PURGE"},{"floor":23,"key":"REST"},{"data":"Strike_G","floor":25,"key":"PURGE"},{"floor":27,"key":"REST"},{"floor":32,"key":"REST"},{"floor":40,"key":"REST"},{"floor":42,"key":"REST"},{"data":"Bandage Up+1","floor":46,"key":"PURGE"},{"data":"Writhe","floor":49,"key":"PURGE"}],"neow_cost":"TEN_PERCENT_HP_LOSS","seed_source_timestamp":362912398946365,"circlet_count":0,"master_deck":["Defend_G+1","Defend_G+1","Defend_G+1","Strike_G+1","Survivor+1","Neutralize+1","Noxious Fumes+1","Escape Plan+1","Catalyst+1","Catalyst+1","Burst+1","Dodge and Roll+1","Bane+1","Poisoned Stab+1","Blur+1","Poisoned Stab+1","Cloak And Dagger+1","Flash of Steel+1","Slice+1","Burst+1","Dagger Throw+1","Blur+1","Venomology+1","PiercingWail+1","Bane+1","PiercingWail+1"],"relics":["Ring of the Snake","Old Coin","Tiny Chest","Darkstone Periapt","Strawberry","Ancient Tea Set","Peace Pipe","Empty Cage","Pen Nib","Juzu Bracelet","Boot","Potion Belt","Eternal Feather","Question Card","Oddly Smooth Stone","The Specimen","Mark of the Bloom"],"potions_floor_usage":[18,33,33,45,50,50,50],"damage_taken":[{"damage":0,"enemies":"Jaw Worm","floor":1,"turns":4},{"damage":5,"enemies":"Small Slimes","floor":4,"turns":4},{"damage":0,"enemies":"Cultist","floor":8,"turns":4},{"damage":0,"enemies":"2 Fungi Beasts","floor":10,"turns":4},{"damage":14,"enemies":"Lagavulin","floor":14,"turns":6},{"damage":17,"enemies":"Hexaghost","floor":16,"turns":6},{"damage":24,"enemies":"3 Byrds","floor":18,"turns":6},{"damage":25,"enemies":"Spheric Guardian","floor":22,"turns":6},{"damage":15,"enemies":"Centurion and Healer","floor":29,"turns":6},{"damage":24,"enemies":"Shelled Parasite and Fungi","floor":30,"turns":4},{"damage":12,"enemies":"Collector","floor":33,"turns":6},{"damage":69,"enemies":"3 Darklings","floor":35,"turns":7},{"damage":0,"enemies":"3 Shapes","floor":45,"turns":3},{"damage":0,"enemies":"3 Darklings","floor":47,"turns":5},{"damage":77,"enemies":"Awakened One","floor":50,"turns":15}],"seed_played":"-4428761958473434834","potions_obtained":[{"floor":1,"key":"PowerPotion"},{"floor":10,"key":"Dexterity Potion"},{"floor":22,"key":"EssenceOfSteel"},{"floor":30,"key":"AttackPotion"},{"floor":45,"key":"EssenceOfSteel"}],"is_trial":false,"path_per_floor":["?","T","?","?","$","?","T","?","?","T","?","$","?","?","?"],"character_chosen":"THE_SILENT","items_purchased":["Burst","Dodge and Roll","Strawberry","Ancient Tea Set","Bane","Blur","Poisoned Stab","Oddly Smooth Stone","Bandage Up","PiercingWail"],"campfire_rested":5,"item_purchase_floors":[12,12,12,12,12,19,19,37,37,39],"current_hp_per_floor":[63,63,63,58,51,51,63,63,63,63,63,70,70,56,56,39,70,46,46,46,46,21,42,42,42,42,63,63,48,24,24,45,33,70,1,1,1,1,1,37,37,70,70,70,70,70,70,70,70,0],"gold":41,"neow_bonus":"ONE_RARE_RELIC","is_prod":false,"is_daily":false,"chose_seed":false,"campfire_upgraded":3,"win_rate":0,"timestamp":1551564905,"path_taken":["M","?","?","M","?","R","?","M","T","M","R","$","R","E","R","BOSS","M","?","?","$","M","R","?","R","T","R","?","M","M","?","R","BOSS","M","?","$","?","?","R","?","R","T","?","M","R","M","?","R","BOSS"],"build_version":"2019-01-23","purchased_purges":2,"victory":false,"max_hp_per_floor":[63,63,63,63,63,63,63,63,63,63,63,70,70,70,70,70,70,70,70,70,70,70,70,70,70,70,70,70,70,70,70,70,70,70,70,70,70,70,70,70,70,70,70,70,70,70,70,76,76,76],"card_choices":[{"not_picked":["Prepared","Dodge and Roll"],"picked":"Noxious Fumes","floor":1},{"not_picked":["Sucker Punch","Noxious Fumes"],"picked":"Escape Plan","floor":4},{"not_picked":["Calculated Gamble","Quick Slash"],"picked":"Catalyst","floor":8},{"not_picked":["Eviscerate","Sucker Punch"],"picked":"Catalyst","floor":10},{"not_picked":["Underhanded Strike","Calculated Gamble"],"picked":"Poisoned Stab","floor":14},{"not_picked":["Choke+1","Dagger Throw"],"picked":"Tactician+1","floor":18},{"not_picked":["Deflect+1","Tactician+1"],"picked":"Cloak And Dagger","floor":22},{"not_picked":["Predator","Dodge and Roll"],"picked":"Dagger Throw+1","floor":29},{"not_picked":["Caltrops+1","Reflex"],"picked":"Blur","floor":30},{"not_picked":["Tools of the Trade","Doppelganger"],"picked":"Venomology","floor":33},{"not_picked":["Flying Knee","Leg Sweep","Riddle With Holes+1"],"picked":"SKIP","floor":35},{"not_picked":["Deflect+1","Dash","Slice+1"],"picked":"Bane+1","floor":45},{"not_picked":["Dodge and Roll+1","All Out Attack","Dagger Spray"],"picked":"PiercingWail+1","floor":47}],"player_experience":94158,"relics_obtained":[{"floor":3,"key":"Tiny Chest"},{"floor":9,"key":"Darkstone Periapt"},{"floor":14,"key":"Peace Pipe"},{"floor":24,"key":"Juzu Bracelet"},{"floor":26,"key":"Boot"},{"floor":36,"key":"Question Card"},{"floor":43,"key":"The Specimen"}],"event_choices":[{"damage_healed":0,"gold_gain":175,"player_choice":"AGREE","damage_taken":0,"max_hp_gain":0,"max_hp_loss":0,"event_name":"Liars Game","floor":2,"gold_loss":0,"cards_obtained":["Doubt"]},{"cards_removed":["Strike_G"],"damage_healed":0,"gold_gain":0,"player_choice":"Card Removal","damage_taken":7,"max_hp_gain":0,"max_hp_loss":0,"event_name":"Golden Wing","floor":5,"gold_loss":0},{"damage_healed":12,"gold_gain":0,"player_choice":"Full Heal","damage_taken":0,"max_hp_gain":0,"max_hp_loss":0,"event_name":"Wheel of Change","floor":7,"gold_loss":0},{"damage_healed":0,"gold_gain":0,"player_choice":"Obtained Relic","damage_taken":0,"relics_obtained":["Pen Nib"],"max_hp_gain":0,"max_hp_loss":0,"event_name":"Addict","floor":20,"gold_loss":85},{"damage_healed":0,"gold_gain":0,"player_choice":"3 cards matched","damage_taken":0,"max_hp_gain":0,"max_hp_loss":0,"event_name":"Match and Keep!","floor":28,"gold_loss":0,"cards_obtained":["Flash of Steel","Slice","Burst"]},{"damage_healed":0,"gold_gain":0,"player_choice":"Gave Potion","damage_taken":0,"relics_obtained":["Potion Belt"],"max_hp_gain":0,"max_hp_loss":0,"event_name":"WeMeetAgain","floor":31,"gold_loss":0},{"cards_removed":["Tactician"],"damage_healed":0,"gold_gain":0,"player_choice":"Removed Skill","damage_taken":0,"max_hp_gain":0,"max_hp_loss":0,"event_name":"Falling","floor":38,"gold_loss":0},{"damage_healed":0,"gold_gain":0,"player_choice":"Ignored","damage_taken":0,"max_hp_gain":0,"max_hp_loss":0,"event_name":"Mysterious Sphere","floor":41,"gold_loss":0},{"damage_healed":0,"gold_gain":0,"player_choice":"Upgrade","damage_taken":0,"relics_obtained":["Mark of the Bloom"],"max_hp_gain":0,"max_hp_loss":0,"event_name":"MindBloom","floor":44,"gold_loss":0,"cards_upgraded":["Defend_G","Defend_G","Defend_G","Strike_G","Survivor","Neutralize","Escape Plan","Burst","Dodge and Roll","Bane","Poisoned Stab","Blur","Poisoned Stab","Cloak And Dagger","Flash of Steel","Slice","Burst","Blur","Venomology","Bandage Up","PiercingWail"]},{"damage_healed":18,"gold_gain":0,"player_choice":"Writhe","damage_taken":0,"max_hp_gain":0,"max_hp_loss":0,"event_name":"Winding Halls","floor":48,"gold_loss":0,"cards_obtained":["Writhe"]}],"is_beta":false,"boss_relics":[{"not_picked":["Lizard Tail","Ectoplasm"],"picked":"Empty Cage"},{"not_picked":["Runic Dome","Fusion Hammer"],"picked":"Eternal Feather"}],"items_purged_floors":[12,19],"is_endless":false,"potions_floor_spawned":[1,10,22,30,45],"killed_by":"Awakened One","ascension_level":3}