{"gold_per_floor":[118,128,128,147,21,48,48,67,137,137,150,178,178,188,188,262,262,247,297,307,319,334,365,365,392,438,471,471,491,506,32,32,109,109,128,0,12,12,31,62,62,77,77,102,102,102,130,147,147,147],"floor_reached":51,"playtime":2430,"items_purged":["Strike_R","Strike_R"],"score":1422,"play_id":"d79fabda-e3f5-43a0-bcc8-ba6da780e8df","local_time":"20190419153255","is_ascension_mode":true,"campfire_choices":[{"data":"Flame Barrier","floor":7.0,"key":"SMITH"},{"floor":10.0,"key":"REST"},{"data":"Bash","floor":15.0,"key":"SMITH"},{"data":"Heavy Blade","floor":24.0,"key":"SMITH"},{"data":"Uppercut","floor":32,"key":"SMITH"},{"data":"Dual Wield","floor":41,"key":"SMITH"},{"data":"Demon Form","floor":45,"key":"SMITH"},{"data":"True Grit","floor":49,"key":"SMITH"}],"neow_cost":"PERCENT_DAMAGE","seed_source_timestamp":207044734781639,"circlet_count":0,"master_deck":["AscendersBane","Strike_R","Defend_R","Defend_R","Defend_R","Defend_R","Bash+1","Flame Barrier+1","Clothesline","Headbutt","True Grit+1","Spot Weakness+1","Ghostly Armor","Shrug It Off","Metallicize","Dark Embrace","Demon Form+1","Heavy Blade+1","Heavy Blade+1","Reaper","True Grit+1","Uppercut+1","Reaper","Feel No Pain","Bludgeon","Heavy Blade+1","Dual Wield+1","True Grit+1"],"special_seed":0,"relics":["Burning Blood","FossilizedHelix","Mango","Shuriken","Vajra","War Paint","Snecko Eye","Ginger","Pantograph","Omamori","Pen Nib","Happy Flower","Oddly Smooth Stone","Philosopher\u0027s Stone","Red Mask","Turnip","Gremlin Horn","Self Forming Clay"],"potions_floor_usage":[33,50],"damage_taken":[{"damage":0.0,"enemies":"Jaw Worm","floor":1.0,"turns":3.0},{"damage":0.0,"enemies":"Cultist","floor":2.0,"turns":5.0},{"damage":0.0,"enemies":"2 Louse","floor":4.0,"turns":3.0},{"damage":38.0,"enemies":"3 Sentries","floor":6.0,"turns":15.0},{"damage":16.0,"enemies":"Gremlin Gang","floor":8.0,"turns":8.0},{"damage":4.0,"enemies":"Large Slime","floor":11.0,"turns":7.0},{"damage":15.0,"enemies":"Gremlin Nob","floor":12.0,"turns":5.0},{"damage":0.0,"enemies":"Red Slaver","floor":14.0,"turns":5.0},{"damage":34.0,"enemies":"Hexaghost","floor":16.0,"turns":13.0},{"damage":3.0,"enemies":"2 Thieves","floor":18.0,"turns":4.0},{"damage":7.0,"enemies":"Shell Parasite","floor":20.0,"turns":5.0},{"damage":9.0,"enemies":"Centurion and Healer","floor":21.0,"turns":6.0},{"damage":0.0,"enemies":"Cultist and Chosen","floor":22.0,"turns":5.0},{"damage":39.0,"enemies":"Book of Stabbing","floor":23.0,"turns":6.0},{"damage":28.0,"enemies":"Gremlin Leader","floor":25.0,"turns":6.0},{"damage":13.0,"enemies":"Book of Stabbing","floor":27.0,"turns":6.0},{"damage":9.0,"enemies":"Snake Plant","floor":29.0,"turns":3.0},{"damage":4.0,"enemies":"Snecko","floor":30.0,"turns":8.0},{"damage":20,"enemies":"Champ","floor":33,"turns":7},{"damage":8,"enemies":"3 Darklings","floor":35,"turns":5},{"damage":0,"enemies":"Orb Walker","floor":37,"turns":3},{"damage":0,"enemies":"Transient","floor":39,"turns":5},{"damage":36,"enemies":"Reptomancer","floor":40,"turns":5},{"damage":0,"enemies":"3 Darklings","floor":42,"turns":4},{"damage":68,"enemies":"Nemesis","floor":44,"turns":7},{"damage":5,"enemies":"Reptomancer","floor":47,"turns":4},{"damage":26,"enemies":"Writhing Mass","floor":48,"turns":3},{"damage":23,"enemies":"Donu and Deca","floor":50,"turns":7}],"seed_played":"-2143428904554582371","potions_obtained":[{"floor":4.0,"key":"Block Potion"},{"floor":11.0,"key":"Fire Potion"},{"floor":12.0,"key":"Block Potion"},{"floor":14.0,"key":"Dexterity Potion"},{"floor":16.0,"key":"Strength Potion"},{"floor":25.0,"key":"Strength Potion"},{"floor":30,"key":"Weak Potion"},{"floor":33,"key":"Swift Potion"}],"is_trial":false,"path_per_floor":["M","M","?","M","$","E","R","M","T","R","M","E","?","M","R","B",null,"M","?","M","M","M","E","R","E","T","E","?","M","M","$","R","B",null,"M","?","M","?","M","E","R","M","T","E","R","$","E","M","R","B",null],"character_chosen":"IRONCLAD","items_purchased":["True Grit","Feel No Pain","Happy Flower","Oddly Smooth Stone"],"campfire_rested":1,"item_purchase_floors":[5,31,31,31],"current_hp_per_floor":[56,62,62,68,68,50,50,40,40,66,68,59,59,65,65,37,76,79,79,78,75,81,48,48,26,26,24,24,21,42,42,42,78,86,89,89,89,89,89,63,63,89,89,35,35,35,71,75,75,89],"gold":147,"neow_bonus":"ONE_RARE_RELIC","is_prod":false,"is_daily":false,"chose_seed":false,"campfire_upgraded":7,"win_rate":0,"timestamp":1555713175,"path_taken":["M","M","?","?","$","E","R","M","T","R","M","E","?","?","R","BOSS","M","?","M","M","?","E","R","E","T","E","?","M","M","$","R","BOSS","M","?","M","?","M","E","R","M","T","E","R","$","E","M","R","BOSS"],"build_version":"2019-01-23","purchased_purges":2,"victory":true,"max_hp_per_floor":[75,75,75,75,75,89,89,89,89,89,89,89,89,89,89,89,89,89,89,89,89,89,89,89,89,89,89,89,89,89,89,89,89,89,89,89,89,89,89,89,89,89,89,89,89,89,89,89,89,89],"card_choices":[{"not_picked":["Heavy Blade","Thunderclap"],"picked":"Flame Barrier","floor":1.0},{"not_picked":["Wild Strike","Twin Strike"],"picked":"Clothesline","floor":2.0},{"not_picked":["Intimidate","Sentinel"],"picked":"Headbutt","floor":4.0},{"not_picked":["Fire Breathing","Twin Strike"],"picked":"Spot Weakness","floor":6.0},{"not_picked":["Entrench","Thunderclap"],"picked":"Ghostly Armor","floor":8.0},{"not_picked":["Intimidate","Dual Wield"],"picked":"Shrug It Off","floor":11.0},{"not_picked":["Iron Wave","Pommel Strike"],"picked":"Metallicize","floor":12.0},{"not_picked":["Burning Pact","Flex"],"picked":"Dark Embrace","floor":14.0},{"not_picked":["Feed","Berserk"],"picked":"Demon Form","floor":16.0},{"not_picked":["Anger","Sword Boomerang"],"picked":"Heavy Blade","floor":18.0},{"not_picked":["Pommel Strike","Uppercut"],"picked":"Heavy Blade+1","floor":20.0},{"not_picked":["Seeing Red","Sword Boomerang","Havoc"],"picked":"SKIP","floor":21.0},{"not_picked":["Anger","Heavy Blade","Dropkick"],"picked":"SKIP","floor":22.0},{"not_picked":["Bloodletting+1","Flex"],"picked":"Reaper","floor":23.0},{"not_picked":["Clothesline","Clash"],"picked":"True Grit","floor":25.0},{"not_picked":["Battle Trance","Havoc"],"picked":"Uppercut","floor":27.0},{"not_picked":["Pommel Strike","Sword Boomerang"],"picked":"Reaper","floor":29.0},{"not_picked":["Warcry+1","Wild Strike","Clothesline"],"picked":"SKIP","floor":30},{"not_picked":["Feed","Brutality"],"picked":"Bludgeon","floor":33},{"not_picked":["Pommel Strike","Dropkick+1","Reckless Charge"],"picked":"SKIP","floor":35},{"not_picked":["Shrug It Off","Headbutt"],"picked":"Heavy Blade+1","floor":37},{"not_picked":["Havoc","Headbutt+1","Twin Strike"],"picked":"SKIP","floor":39},{"not_picked":["Whirlwind","Body Slam+1"],"picked":"Dual Wield","floor":40},{"not_picked":["Anger","Searing Blow"],"picked":"True Grit+1","floor":42},{"not_picked":["Rampage","Offering","Whirlwind+1"],"picked":"SKIP","floor":44},{"not_picked":["Reckless Charge","Clothesline","Wild Strike"],"picked":"SKIP","floor":47},{"not_picked":["Seeing Red","Power Through","Heavy Blade"],"picked":"SKIP","floor":48}],"player_experience":212790,"relics_obtained":[{"floor":6.0,"key":"Mango"},{"floor":9.0,"key":"Shuriken"},{"floor":12.0,"key":"Vajra"},{"floor":23.0,"key":"Ginger"},{"floor":25.0,"key":"Pantograph"},{"floor":26.0,"key":"Omamori"},{"floor":27.0,"key":"Pen Nib"},{"floor":40,"key":"Turnip"},{"floor":44,"key":"Gremlin Horn"},{"floor":47,"key":"Self Forming Clay"}],"event_choices":[{"cards_removed":["Strike_R"],"damage_healed":0.0,"max_hp_gain":0.0,"max_hp_loss":0.0,"gold_gain":0.0,"event_name":"Purifier","player_choice":"Purged","floor":3.0,"gold_loss":0.0,"damage_taken":0.0},{"damage_healed":0.0,"max_hp_gain":0.0,"max_hp_loss":0.0,"gold_gain":0.0,"event_name":"WeMeetAgain","player_choice":"Gave Potion","floor":13.0,"gold_loss":0.0,"damage_taken":0.0,"relics_obtained":["War Paint"]},{"damage_healed":0.0,"max_hp_gain":0.0,"max_hp_loss":0.0,"gold_gain":50.0,"event_name":"Golden Shrine","player_choice":"Pray","floor":19.0,"gold_loss":0.0,"damage_taken":0.0},{"damage_healed":0.0,"max_hp_gain":0.0,"max_hp_loss":0.0,"gold_gain":0.0,"event_name":"Match and Keep!","player_choice":"0 cards matched","floor":28.0,"gold_loss":0.0,"damage_taken":0.0,"cards_obtained":[]},{"damage_healed":0,"gold_gain":0,"player_choice":"Paid","damage_taken":0,"relics_obtained":["Red Mask"],"max_hp_gain":0,"max_hp_loss":0,"event_name":"Tomb of Lord Red Mask","floor":36,"gold_loss":128},{"cards_removed":["Strike_R"],"damage_healed":0,"gold_gain":0,"player_choice":"Purged","damage_taken":0,"max_hp_gain":0,"max_hp_loss":0,"event_name":"Purifier","floor":38,"gold_loss":0}],"is_beta":false,"boss_relics":[{"not_picked":["Busted Crown","Runic Dome"],"picked":"Snecko Eye"},{"not_picked":["Runic Cube","Calling Bell"],"picked":"Philosopher\u0027s Stone"}],"items_purged_floors":[5,31],"is_endless":false,"potions_floor_spawned":[4,11,12,14,16,18,22,25,29,30,33,37,39,48],"ascension_level":15}