{"gold_per_floor":[119,132,132,196,211,211,211,227,227,227,252,270,304,323,323,421,421,361,361,361,361,5,5,5,5,5,5,5,5,5,5,5,5,5,5,5,5,5,5,5,0,0,0,0,0,0,0,0,0,0,0,0,0,0,0],"floor_reached":55,"playtime":2568,"items_purged":[],"score":745,"play_id":"1e8ad7da-d08b-4923-ad3b-60f3b3c5034c","local_time":"20190129151952","is_ascension_mode":false,"campfire_choices":[{"data":"Inflame","floor":6.0,"key":"SMITH"},{"floor":10.0,"key":"REST"},{"data":"Demon Form","floor":15.0,"key":"SMITH"},{"data":"Heavy Blade","floor":23.0,"key":"SMITH"},{"floor":27.0,"key":"RECALL"},{"data":"Entrench","floor":32.0,"key":"SMITH"},{"floor":40.0,"key":"REST"},{"floor":44.0,"key":"REST"},{"floor":47,"key":"REST"},{"floor":49,"key":"REST"},{"data":"Fire Breathing","floor":52,"key":"SMITH"}],"neow_cost":"PERCENT_DAMAGE","seed_source_timestamp":416466472295439,"circlet_count":0,"master_deck":["Strike_R+1","Strike_R+1","Strike_R+1","Strike_R+1","Strike_R+1","Defend_R+1","Defend_R+1","Defend_R+1","Defend_R+1","Bash","Heavy Blade+1","Headbutt+1","Inflame+1","Fire Breathing+1","Disarm","Demon Form+1","True Grit","Reaper","Pommel Strike+1","Twin Strike+1","Cleave+1","RitualDagger+1","Entrench+1","Demon Form","Ghostly Armor","Demon Form+1","Pommel Strike+1","Fiend Fire","Madness","Madness","Twin Strike+1","Heavy Blade+1","Spot Weakness+1"],"special_seed":0,"relics":["Burning Blood","Matryoshka","Blood Vial","Strawberry","Red Skull","Ectoplasm","Pen Nib","Centennial Puzzle","Regal Pillow","Omamori","Happy Flower","Mark of Pain","WingedGreaves","Red Mask","Whetstone","Ancient Tea Set","Art of War","Gremlin Horn"],"potions_floor_usage":[48,55],"damage_taken":[{"damage":6.0,"enemies":"2 Louse","floor":1.0,"turns":3.0},{"damage":7.0,"enemies":"Small Slimes","floor":2.0,"turns":3.0},{"damage":6.0,"enemies":"Jaw Worm","floor":5.0,"turns":2.0},{"damage":16.0,"enemies":"Large Slime","floor":8.0,"turns":4.0},{"damage":15.0,"enemies":"2 Fungi Beasts","floor":12.0,"turns":3.0},{"damage":40.0,"enemies":"3 Sentries","floor":13.0,"turns":6.0},{"damage":4.0,"enemies":"Gremlin Gang","floor":14.0,"turns":3.0},{"damage":24.0,"enemies":"Hexaghost","floor":16.0,"turns":7.0},{"damage":35.0,"enemies":"2 Thieves","floor":18.0,"turns":5.0},{"damage":24.0,"enemies":"Shell Parasite","floor":20.0,"turns":4.0},{"damage":14.0,"enemies":"Sentry and Sphere","floor":21.0,"turns":5.0},{"damage":31.0,"enemies":"Book of Stabbing","floor":24.0,"turns":5.0},{"damage":21.0,"enemies":"3 Cultists","floor":28.0,"turns":4.0},{"damage":26.0,"enemies":"Centurion and Healer","floor":31.0,"turns":5.0},{"damage":18.0,"enemies":"Champ","floor":33.0,"turns":8.0},{"damage":7.0,"enemies":"3 Shapes","floor":35.0,"turns":5.0},{"damage":11.0,"enemies":"Mind Bloom Boss Battle","floor":36.0,"turns":4.0},{"damage":40.0,"enemies":"3 Darklings","floor":38.0,"turns":3.0},{"damage":41.0,"enemies":"Jaw Worm Horde","floor":39.0,"turns":4.0},{"damage":80.0,"enemies":"Nemesis","floor":42.0,"turns":5.0},{"damage":54,"enemies":"Spire Growth","floor":46,"turns":4},{"damage":34,"enemies":"Giant Head","floor":48,"turns":6},{"damage":93,"enemies":"Awakened One","floor":50,"turns":8},{"damage":58,"enemies":"Shield and Spear","floor":54,"turns":4},{"damage":64,"enemies":"The Heart","floor":55,"turns":5}],"seed_played":"-6679791838867657493","potions_obtained":[{"floor":8.0,"key":"SpeedPotion"},{"floor":12.0,"key":"SteroidPotion"},{"floor":13.0,"key":"Explosive Potion"},{"floor":16.0,"key":"GamblersBrew"},{"floor":21.0,"key":"GamblersBrew"},{"floor":24.0,"key":"SpeedPotion"},{"floor":31.0,"key":"FearPotion"},{"floor":35.0,"key":"Poison Potion"},{"floor":46,"key":"GamblersBrew"},{"floor":48,"key":"Strength Potion"}],"is_trial":false,"path_per_floor":["M","M","?","?","M","R","?","M","T","R","T","M","E","M","R","B",null,"M","?","M","M","$","R","E","?","T","R","M","?","T","M","R","B",null,"M","?","?","M","M","R","?","E","T","R","?","M","R","E","R","B",null,"R","$","E","B"],"character_chosen":"IRONCLAD","items_purchased":["Pen Nib","Centennial Puzzle","Energy Potion"],"campfire_rested":5,"item_purchase_floors":[22,22,22],"current_hp_per_floor":[72,71,52,52,52,52,57,47,47,77,84,77,45,49,49,33,108,86,86,77,80,80,80,57,51,51,51,58,94,94,96,96,86,108,107,108,108,94,61,108,108,34,34,81,67,25,72,46,93,30,108,108,108,56,0],"gold":0,"neow_bonus":"TWENTY_PERCENT_HP_BONUS","is_prod":false,"is_daily":false,"chose_seed":false,"campfire_upgraded":5,"win_rate":0,"timestamp":1548793192,"path_taken":["M","M","?","?","M","R","?","M","T","R","?","M","E","M","R","BOSS","M","?","M","M","$","R","E","?","T","R","M","?","?","?","R","BOSS","M","?","?","?","M","R","?","E","T","R","?","M","R","E","R","BOSS","R","$","E","BOSS"],"build_version":"2019-01-23","purchased_purges":0,"victory":false,"max_hp_per_floor":[96,96,96,96,96,96,101,101,101,101,108,108,108,108,108,108,108,108,108,108,108,108,108,108,108,108,108,108,108,108,108,108,108,108,108,108,108,108,108,108,108,108,108,108,108,108,108,108,108,108,108,108,108,108,108],"card_choices":[{"not_picked":["Shrug It Off","Sever Soul"],"picked":"Heavy Blade","floor":1.0},{"not_picked":["Perfected Strike","Clothesline"],"picked":"Headbutt","floor":2.0},{"not_picked":["Burning Pact","Carnage"],"picked":"Inflame","floor":5.0},{"not_picked":["Exhume","Flex"],"picked":"Fire Breathing","floor":8.0},{"not_picked":["Corruption","Whirlwind"],"picked":"Disarm","floor":12.0},{"not_picked":["Blood for Blood","Ghostly Armor"],"picked":"Demon Form","floor":13.0},{"not_picked":["Sword Boomerang","Clash"],"picked":"True Grit","floor":14.0},{"not_picked":["Berserk","Immolate"],"picked":"Reaper","floor":16.0},{"not_picked":["Searing Blow+1","Clash"],"picked":"Pommel Strike+1","floor":18.0},{"not_picked":["Infernal Blade","Headbutt"],"picked":"Twin Strike+1","floor":20.0},{"not_picked":["Second Wind","Searing Blow"],"picked":"Cleave","floor":21.0},{"not_picked":["Corruption","Clash","Anger"],"picked":"SKIP","floor":24.0},{"not_picked":["Shrug It Off","Pommel Strike"],"picked":"Entrench","floor":28.0},{"not_picked":["Headbutt","Havoc","Anger+1"],"picked":"SKIP","floor":31.0},{"not_picked":["Reaper","Fiend Fire"],"picked":"Demon Form","floor":33.0},{"not_picked":["Clash+1","Cleave","Combust+1"],"picked":"SKIP","floor":35.0},{"not_picked":["Flex+1","True Grit"],"picked":"Ghostly Armor","floor":36.0},{"not_picked":["True Grit+1","Disarm"],"picked":"Pommel Strike+1","floor":38.0},{"not_picked":["Warcry","Wild Strike+1","True Grit"],"picked":"SKIP","floor":39.0},{"not_picked":["Pommel Strike","Anger+1"],"picked":"Fiend Fire","floor":42.0},{"not_picked":["Shrug It Off+1","True Grit+1"],"picked":"Twin Strike+1","floor":46},{"not_picked":["Cleave+1","Anger"],"picked":"Heavy Blade+1","floor":48},{"not_picked":["Clash+1","Shrug It Off"],"picked":"Spot Weakness+1","floor":54}],"player_experience":165375,"relics_obtained":[{"floor":9.0,"key":"Matryoshka"},{"floor":11.0,"key":"Blood Vial"},{"floor":11.0,"key":"Strawberry"},{"floor":13.0,"key":"Red Skull"},{"floor":24.0,"key":"Regal Pillow"},{"floor":26.0,"key":"Omamori"},{"floor":26.0,"key":"Happy Flower"},{"floor":36.0,"key":"WingedGreaves"},{"floor":42.0,"key":"Whetstone"},{"floor":43.0,"key":"Ancient Tea Set"},{"floor":48,"key":"Art of War"},{"floor":54,"key":"Gremlin Horn"}],"event_choices":[{"damage_healed":0.0,"max_hp_gain":0.0,"max_hp_loss":0.0,"gold_gain":0.0,"event_name":"Shining Light","player_choice":"Entered Light","floor":3.0,"gold_loss":0.0,"damage_taken":19.0,"cards_upgraded":["Strike_R","Headbutt"]},{"damage_healed":0.0,"max_hp_gain":0.0,"max_hp_loss":0.0,"gold_gain":64.0,"event_name":"Golden Wing","player_choice":"Gained Gold","floor":4.0,"gold_loss":0.0,"damage_taken":0.0},{"damage_healed":0.0,"max_hp_gain":5.0,"max_hp_loss":0.0,"gold_gain":0.0,"event_name":"Big Fish","player_choice":"Donut","floor":7.0,"gold_loss":0.0,"damage_taken":0.0},{"damage_healed":0.0,"max_hp_gain":0.0,"max_hp_loss":0.0,"gold_gain":0.0,"event_name":"Back to Basics","player_choice":"Simplicity","floor":19.0,"gold_loss":0.0,"damage_taken":0.0,"cards_upgraded":["Strike_R","Strike_R","Strike_R","Strike_R","Defend_R","Defend_R","Defend_R","Defend_R"]},{"damage_healed":0.0,"max_hp_gain":0.0,"max_hp_loss":0.0,"gold_gain":0.0,"event_name":"Nest","player_choice":"Joined the Cult","floor":25.0,"gold_loss":0.0,"damage_taken":6.0,"cards_obtained":["RitualDagger"]},{"damage_healed":36.0,"max_hp_gain":0.0,"max_hp_loss":0.0,"gold_gain":0.0,"event_name":"The Library","player_choice":"Heal","floor":29.0,"gold_loss":0.0,"damage_taken":0.0},{"damage_healed":0.0,"max_hp_gain":0.0,"max_hp_loss":0.0,"gold_gain":0.0,"event_name":"MindBloom","player_choice":"Fight","floor":36.0,"gold_loss":0.0,"damage_taken":0.0},{"damage_healed":0.0,"max_hp_gain":0.0,"max_hp_loss":0.0,"gold_gain":0.0,"event_name":"Duplicator","player_choice":"Copied","floor":37.0,"gold_loss":0.0,"damage_taken":0.0,"cards_obtained":["Demon Form"]},{"damage_healed":0.0,"max_hp_gain":0.0,"max_hp_loss":0.0,"gold_gain":0.0,"event_name":"Tomb of Lord Red Mask","player_choice":"Paid","floor":41.0,"gold_loss":5.0,"damage_taken":0.0,"relics_obtained":["Red Mask"]},{"damage_healed":0.0,"max_hp_gain":0.0,"max_hp_loss":0.0,"gold_gain":0.0,"event_name":"Winding Halls","player_choice":"Embrace Madness","floor":45.0,"gold_loss":0.0,"damage_taken":14.0,"cards_obtained":["Madness","Madness"]}],"is_beta":false,"boss_relics":[{"not_picked":["Empty Cage","Eternal Feather"],"picked":"Ectoplasm"},{"not_picked":["Philosopher\u0027s Stone","White Beast Statue"],"picked":"Mark of Pain"}],"items_purged_floors":[],"is_endless":false,"potions_floor_spawned":[8,12,13,16,18,21,24,31,35,46,48],"killed_by":"The Heart","ascension_level":0}