{"path_per_floor":["M","M","M","M","M","R","M","M","T","R","E","M","M","M","R","B",null,"M","M","M"],"character_chosen":"IRONCLAD","items_purchased":[],"gold_per_floor":[218,235,254,274,289,289,299,310,310,310,342,357,374,392,392,492,492,508,525,539],"floor_reached":21,"campfire_rested":1,"playtime":759,"current_hp_per_floor":[77,72,69,53,59,59,50,40,40,64,59,64,69,65,65,53,80,50,32,20],"items_purged":[],"gold":539,"score":191,"play_id":"e358d519-cc67-446b-8216-e5e5a3af2db1","is_prod":false,"is_daily":false,"is_ascension_mode":false,"campfire_upgraded":2,"path_taken":["M","M","M","?","M","R","M","M","T","R","E","M","M","M","R","BOSS","M","M","M","M"],"build_version":"2018-02-15-PROD1","purchased_purges":0,"victory":false,"master_deck":["Strike_R","Strike_R","Strike_R","Strike_R","Strike_R","Defend_R","Defend_R","Defend_R","Defend_R","Bash","Flex","Spot Weakness+1","Whirlwind","Flex","Iron Wave","Shrug It Off","Seeing Red","Headbutt","Pommel Strike","Heavy Blade+1","Barricade","Warcry"],"max_hp_per_floor":[80,80,80,80,80,80,80,80,80,80,80,80,80,80,80,80,80,80,80,80],"relics":["Burning Blood","Unceasing Top","Dodecahedron","Velvet Choker"],"card_choices":[{"not_picked":["Combust","Metallicize"],"picked":"Flex"},{"not_picked":["Burning Pact","Uppercut"],"picked":"Spot Weakness"},{"not_picked":["Clash","Clothesline"],"picked":"Whirlwind"},{"not_picked":["Whirlwind","Rage"],"picked":"Flex"},{"not_picked":["Juggernaut","Body Slam"],"picked":"Iron Wave"},{"not_picked":["Blood for Blood","Clash"],"picked":"Shrug It Off"},{"not_picked":["Disarm","Clash"],"picked":"Seeing Red"},{"not_picked":["Dark Embrace","True Grit"],"picked":"Headbutt"},{"not_picked":["Sword Boomerang","Iron Wave"],"picked":"Pommel Strike"},{"not_picked":["Evolve","Sword Boomerang"],"picked":"Heavy Blade"},{"not_picked":["Offering","Berserk"],"picked":"Barricade"},{"not_picked":["True Grit","Shockwave"],"picked":"Warcry"}],"player_experience":133192,"potions_floor_usage":[14,16,16],"damage_taken":[{"damage":9,"enemies":"Cultist","floor":1,"turns":4},{"damage":11,"enemies":"Jaw Worm","floor":2,"turns":2},{"damage":9,"enemies":"2 Louse","floor":3,"turns":3},{"damage":22,"enemies":"Exordium Thugs","floor":4,"turns":5},{"damage":0,"enemies":"3 Louse","floor":5,"turns":1},{"damage":15,"enemies":"Looter","floor":7,"turns":3},{"damage":16,"enemies":"Red Slaver","floor":8,"turns":3},{"damage":11,"enemies":"3 Sentries","floor":11,"turns":4},{"damage":1,"enemies":"Exordium Wildlife","floor":12,"turns":3},{"damage":1,"enemies":"2 Fungi Beasts","floor":13,"turns":4},{"damage":10,"enemies":"Looter","floor":14,"turns":2},{"damage":18,"enemies":"The Guardian","floor":16,"turns":9},{"damage":36,"enemies":"2 Thieves","floor":18,"turns":4},{"damage":24,"enemies":"Shell Parasite","floor":19,"turns":5},{"damage":18,"enemies":"Centurion and Healer","floor":20,"turns":6},{"damage":24,"enemies":"Cultist and Chosen","floor":21,"turns":4}],"event_choices":[],"boss_relics":[{"not_picked":["Tiny House","Philosopher\u0027s Stone"],"picked":"Velvet Choker"}],"potions_floor_spawned":[1,3,8,11,12],"seed_played":"3600939885528414864","killed_by":"Cultist and Chosen","ascension_level":0,"is_trial":false}