{"gold_per_floor":[114,114,131,131,131,166,166,196,250,250,260,260,290,308,308,407,407,418,343,83,83,83,112,112,143,222,234,245,257,257,267,267,363,363,383,431,178,178,178,207,220,240,240,253,282,282,282,295,295,295,295,295,15,45,45],"floor_reached":55,"playtime":10652,"items_purged":[],"score":1387,"play_id":"d49b4cb7-d68e-4695-bf40-d90f2cd30c09","local_time":"20190419005347","is_ascension_mode":true,"campfire_choices":[{"data":"Sunder","floor":10.0,"key":"SMITH"},{"data":"Coolheaded","floor":12.0,"key":"SMITH"},{"floor":15.0,"key":"REST"},{"data":"Ghostly","floor":24.0,"key":"SMITH"},{"data":"Ghostly","floor":30.0,"key":"SMITH"},{"data":"Ghostly","floor":32.0,"key":"SMITH"},{"floor":49,"key":"RECALL"},{"data":"Secret Technique","floor":52,"key":"SMITH"}],"neow_cost":"NONE","seed_source_timestamp":299001926379900,"circlet_count":0,"master_deck":["AscendersBane","Strike_B","Strike_B","Defend_B","Defend_B","Defend_B","Defend_B","Zap+1","Dualcast","Sunder+1","Sweeping Beam","Coolheaded+1","Leap","Capacitor+1","Electrodynamics+1","Cold Snap","Capacitor+1","Ghostly","Ghostly","Ghostly+1","Ghostly+1","Ghostly+1","Shame","All For One","Blizzard","Meteor Strike","Darkness+1","Panache+1","Buffer+1","Secret Technique+1","Ghostly+1","Darkness+1","Defragment+1","Parasite","Parasite","Thunder Strike","Regret","Capacitor+1","All For One"],"special_seed":0,"relics":["Cracked Core","NeowsBlessing","Frozen Egg 2","Pantograph","Kunai","Art of War","Tiny Chest","Snecko Eye","Medical Kit","Question Card","The Courier","Gambling Chip","Bottled Flame","Cursed Key","Ice Cream","Mummified Hand","Strawberry","Bag of Marbles","Anchor","Bag of Preparation"],"potions_floor_usage":[54,55],"damage_taken":[{"damage":0.0,"enemies":"2 Louse","floor":1.0,"turns":1.0},{"damage":0.0,"enemies":"Cultist","floor":3.0,"turns":1.0},{"damage":0.0,"enemies":"Gremlin Nob","floor":6.0,"turns":1.0},{"damage":30.0,"enemies":"3 Sentries","floor":8.0,"turns":6.0},{"damage":0.0,"enemies":"Jaw Worm","floor":11.0,"turns":2.0},{"damage":2.0,"enemies":"3 Louse","floor":14.0,"turns":3.0},{"damage":22.0,"enemies":"The Guardian","floor":16.0,"turns":14.0},{"damage":16.0,"enemies":"Shell Parasite","floor":18.0,"turns":3.0},{"damage":2.0,"enemies":"Gremlin Leader","floor":23.0,"turns":6.0},{"damage":1.0,"enemies":"Slavers","floor":25.0,"turns":7.0},{"damage":10.0,"enemies":"Chosen","floor":27.0,"turns":7.0},{"damage":0.0,"enemies":"Centurion and Healer","floor":28.0,"turns":6.0},{"damage":0.0,"enemies":"Snecko","floor":29.0,"turns":4.0},{"damage":0.0,"enemies":"Sentry and Sphere","floor":31.0,"turns":4.0},{"damage":28.0,"enemies":"Collector","floor":33.0,"turns":11.0},{"damage":0.0,"enemies":"Orb Walker","floor":35.0,"turns":4.0},{"damage":0.0,"enemies":"2 Orb Walkers","floor":36.0,"turns":6.0},{"damage":0,"enemies":"Reptomancer","floor":40,"turns":4},{"damage":1,"enemies":"3 Darklings","floor":41,"turns":3},{"damage":1,"enemies":"Jaw Worm Horde","floor":42,"turns":3},{"damage":0,"enemies":"Writhing Mass","floor":44,"turns":6},{"damage":0,"enemies":"Giant Head","floor":45,"turns":9},{"damage":2,"enemies":"4 Shapes","floor":48,"turns":3},{"damage":39,"enemies":"Time Eater","floor":50,"turns":10},{"damage":2,"enemies":"Shield and Spear","floor":54,"turns":5},{"damage":53,"enemies":"The Heart","floor":55,"turns":5}],"seed_played":"-2009134626114969157","potions_obtained":[{"floor":3.0,"key":"PowerPotion"},{"floor":6.0,"key":"Regen Potion"},{"floor":8.0,"key":"Energy Potion"},{"floor":16.0,"key":"PowerPotion"},{"floor":27.0,"key":"LiquidBronze"},{"floor":41,"key":"SpeedPotion"}],"is_trial":false,"path_per_floor":["M","?","M","?","$","E","T","E","T","R","M","R","?","M","R","B",null,"M","?","$","?","?","E","R","E","T","M","M","M","R","M","R","B",null,"M","?","$","?","?","E","M","M","T","M","E","?","T","M","R","B",null,"R","$","E","B"],"character_chosen":"DEFECT","items_purchased":["Medical Kit","Capacitor+1","Panache+1","Buffer+1","All For One","Anchor","Swift Potion"],"campfire_rested":1,"item_purchase_floors":[20,20,37,37,53,53,53],"current_hp_per_floor":[68,68,68,68,68,68,68,38,38,38,38,38,13,11,33,36,65,49,49,49,37,37,35,35,34,34,24,24,24,24,24,24,9,30,30,30,30,30,30,30,29,28,28,28,35,35,35,33,33,3,32,32,32,30,0],"gold":45,"neow_bonus":"THREE_ENEMY_KILL","is_prod":false,"is_daily":false,"chose_seed":false,"campfire_upgraded":6,"win_rate":0,"timestamp":1555649627,"path_taken":["M","?","?","?","$","E","?","E","T","R","M","R","?","M","R","BOSS","M","?","$","?","?","E","R","E","T","M","M","M","R","M","R","BOSS","M","?","$","?","?","E","?","M","T","M","E","?","?","M","R","BOSS","R","$","E","BOSS"],"build_version":"2019-01-23","purchased_purges":0,"victory":false,"max_hp_per_floor":[75,75,75,75,75,75,75,75,75,75,75,75,75,75,75,75,75,75,75,75,37,37,37,37,37,37,37,37,37,37,37,37,37,37,37,37,37,37,37,37,37,37,37,37,44,42,42,42,42,42,42,42,42,42,42],"card_choices":[{"not_picked":["Steam","Redo"],"picked":"Sunder","floor":1.0},{"not_picked":["Beam Cell","Leap","BootSequence"],"picked":"SKIP","floor":3.0},{"not_picked":["Blizzard","Steam"],"picked":"Sweeping Beam","floor":6.0},{"not_picked":["Melter","Hologram"],"picked":"Coolheaded","floor":8.0},{"not_picked":["Redo","Force Field"],"picked":"Leap","floor":11.0},{"not_picked":["Leap","Turbo"],"picked":"Capacitor+1","floor":14.0},{"not_picked":["Machine Learning+1","Thunder Strike"],"picked":"Electrodynamics+1","floor":16.0},{"not_picked":["Conserve Battery","Rebound"],"picked":"Cold Snap","floor":18.0},{"not_picked":["Compile Driver","Redo+1","Reinforced Body+1"],"picked":"All For One","floor":23.0},{"not_picked":["Redo","Hello World+1","Coolheaded","Steam"],"picked":"SKIP","floor":25.0},{"not_picked":["Beam Cell","Cold Snap+1","Stack","Seek"],"picked":"SKIP","floor":27.0},{"not_picked":["Chaos","Reprogram+1","Storm+1"],"picked":"Blizzard","floor":28.0},{"not_picked":["Reinforced Body","Streamline","Redo","Chaos+1"],"picked":"SKIP","floor":29.0},{"not_picked":["Compile Driver","Turbo","Rebound+1","Go for the Eyes"],"picked":"SKIP","floor":31.0},{"not_picked":["Seek","Electrodynamics+1","Rainbow"],"picked":"Meteor Strike","floor":33.0},{"not_picked":["Leap","Ball Lightning","Force Field","Streamline+1"],"picked":"SKIP","floor":35.0},{"not_picked":["Hologram","Conserve Battery","Reinforced Body+1"],"picked":"Darkness+1","floor":36.0},{"not_picked":["HandOfGreed","Finesse","Flash of Steel"],"picked":"Secret Technique","floor":38},{"not_picked":["Gash","Reprogram","Capacitor+1"],"picked":"Darkness+1","floor":40},{"not_picked":["Streamline+1","Redo+1","Darkness+1","Stack+1"],"picked":"SKIP","floor":41},{"not_picked":["Redo+1","Hologram","Barrage"],"picked":"Defragment+1","floor":42},{"not_picked":["Turbo+1","Seek","Barrage","Conserve Battery+1"],"picked":"SKIP","floor":44},{"not_picked":["Chill","Steam+1","Reinforced Body+1"],"picked":"Thunder Strike","floor":45},{"not_picked":["Conserve Battery","Coolheaded","Cold Snap"],"picked":"Capacitor+1","floor":48},{"not_picked":["Beam Cell+1","Undo+1","Redo","Turbo+1"],"picked":"SKIP","floor":54}],"player_experience":582568,"relics_obtained":[{"floor":6.0,"key":"Frozen Egg 2"},{"floor":7.0,"key":"Pantograph"},{"floor":8.0,"key":"Kunai"},{"floor":9.0,"key":"Art of War"},{"floor":23.0,"key":"The Courier"},{"floor":25.0,"key":"Gambling Chip"},{"floor":26.0,"key":"Bottled Flame"},{"floor":36.0,"key":"Ice Cream"},{"floor":40,"key":"Mummified Hand"},{"floor":45,"key":"Strawberry"},{"floor":47,"key":"Bag of Marbles"},{"floor":54,"key":"Bag of Preparation"}],"event_choices":[{"cards_removed":["Strike_B"],"damage_healed":0.0,"max_hp_gain":0.0,"max_hp_loss":0.0,"gold_gain":0.0,"event_name":"Purifier","player_choice":"Purged","floor":2.0,"gold_loss":0.0,"damage_taken":0.0},{"damage_healed":0.0,"max_hp_gain":0.0,"max_hp_loss":0.0,"gold_gain":0.0,"event_name":"Living Wall","player_choice":"Grow","floor":4.0,"gold_loss":0.0,"damage_taken":0.0,"cards_upgraded":["Zap"]},{"damage_healed":0.0,"max_hp_gain":0.0,"max_hp_loss":0.0,"gold_gain":0.0,"event_name":"Scrap Ooze","player_choice":"Success","floor":13.0,"gold_loss":0.0,"damage_taken":25.0,"relics_obtained":["Tiny Chest"]},{"cards_removed":["Strike_B"],"damage_healed":0.0,"max_hp_gain":0.0,"max_hp_loss":0.0,"gold_gain":0.0,"event_name":"Beggar","player_choice":"Gave Gold","floor":19.0,"gold_loss":75.0,"damage_taken":0.0},{"damage_healed":0.0,"max_hp_gain":0.0,"max_hp_loss":38.0,"gold_gain":0.0,"event_name":"Ghosts","player_choice":"Became a Ghost","floor":21.0,"gold_loss":0.0,"damage_taken":0.0,"cards_obtained":["Ghostly","Ghostly","Ghostly","Ghostly","Ghostly"]},{"damage_healed":0.0,"max_hp_gain":0.0,"max_hp_loss":0.0,"gold_gain":0.0,"event_name":"Addict","player_choice":"Stole Relic","floor":22.0,"gold_loss":0.0,"damage_taken":0.0,"relics_obtained":["Question Card"],"cards_obtained":["Shame"]},{"damage_healed":0.0,"max_hp_gain":0.0,"max_hp_loss":0.0,"gold_gain":0.0,"event_name":"Mysterious Sphere","player_choice":"Fight","floor":36.0,"gold_loss":0.0,"damage_taken":0.0},{"damage_healed":0,"gold_gain":0,"player_choice":"Memory 1","damage_taken":0,"max_hp_gain":0,"max_hp_loss":0,"event_name":"SensoryStone","floor":38,"gold_loss":0},{"damage_healed":0,"gold_gain":0,"player_choice":"Copied","damage_taken":0,"max_hp_gain":0,"max_hp_loss":0,"event_name":"Duplicator","floor":39,"gold_loss":0,"cards_obtained":["Ghostly"]},{"damage_healed":0,"gold_gain":0,"player_choice":"Max HP","damage_taken":0,"max_hp_gain":0,"max_hp_loss":2,"event_name":"Winding Halls","floor":46,"gold_loss":0}],"is_beta":false,"boss_relics":[{"not_picked":["Runic Pyramid","Coffee Dripper"],"picked":"Snecko Eye"},{"not_picked":["Runic Dome","FrozenCore"],"picked":"Cursed Key"}],"items_purged_floors":[],"is_endless":false,"potions_floor_spawned":[3,6,8,16,18,27,28,31,41,44],"killed_by":"The Heart","ascension_level":11}