{"path_per_floor":["M","M","?","?","M","R","?","E","T","R","$","M","?","M","R","B",null,"M","?","$","?","M","E","M","R","T","R","E","M","T","M","R","B",null,"M","M","?","?","$","$","M","T","T","R","?","M","M","M","R"],"character_chosen":"THE_SILENT","items_purchased":["Skewer","Footwork","Vajra","Shuriken"],"gold_per_floor":[110,129,79,79,98,98,98,129,129,129,20,30,30,44,44,146,146,164,264,114,114,134,168,184,184,184,184,214,230,230,246,246,347,347,364,377,377,377,132,57,75,157,181,181,181,193,207,226,226],"floor_reached":50,"campfire_rested":1,"playtime":5650,"current_hp_per_floor":[68,68,68,68,68,68,54,49,59,59,59,59,59,56,56,51,80,80,80,80,65,65,74,74,74,74,74,74,55,55,55,84,84,99,87,87,87,87,87,87,87,87,87,87,87,87,87,75,75],"items_purged":["Strike_G"],"gold":226,"score":532,"play_id":"f78be6bf-8781-4b20-96a9-a0c9590045d0","is_prod":false,"is_daily":false,"is_ascension_mode":false,"campfire_upgraded":7,"path_taken":["M","M","?","?","M","R","?","E","T","R","$","M","?","M","R","BOSS","M","?","$","?","M","E","M","R","T","R","E","M","?","M","R","BOSS","M","M","?","?","?","$","M","?","T","R","?","M","M","M","R","BOSS"],"build_version":"2018-02-12-PROD1","purchased_purges":1,"victory":false,"master_deck":["Defend_G","Defend_G","Defend_G","Defend_G+1","Defend_G","Strike_G","Strike_G","Survivor","Neutralize+1","Tactician+1","Backflip+1","Dagger Throw+1","Flying Knee","Skewer+1","Footwork+1","Adrenaline+1","Backstab+1","Acrobatics+1","Dodge and Roll+1","Backstab+1","Prepared","Reflex","Adrenaline+1","Prepared","Dash","Burst+1","Flying Knee","Die Die Die"],"max_hp_per_floor":[70,70,70,70,70,70,70,70,80,80,80,80,80,80,80,80,80,80,80,80,85,85,99,99,99,99,99,99,99,99,99,99,99,99,99,99,99,99,99,99,99,99,99,99,99,99,99,99,99],"relics":["Ring of the Snake","Ice Cream","Pear","Runic Pyramid","Vajra","Mango","Toolbox","Prayer Wheel","Tingsha","Sozu","Shuriken","Bottled Flame","Juzu Bracelet"],"card_choices":[{"not_picked":["Quick Slash","Dagger Throw"],"picked":"Backflip"},{"not_picked":["Bane","Dodge and Roll"],"picked":"Dagger Throw"},{"not_picked":["Acrobatics","Well Laid Plans"],"picked":"Flying Knee"},{"not_picked":["Unload","Corpse Explosion"],"picked":"Adrenaline"},{"not_picked":["Bane","Riddle With Holes"],"picked":"Backstab"},{"not_picked":["Riddle With Holes","Leg Sweep"],"picked":"Acrobatics"},{"not_picked":["PiercingWail","Bane"],"picked":"Dodge and Roll"},{"not_picked":["Quick Slash","Flying Knee"],"picked":"Backstab"},{"not_picked":["Catalyst","PiercingWail"],"picked":"Prepared"},{"not_picked":["Flying Knee","Blur"],"picked":"Reflex"},{"not_picked":["Wraith Form","Venomology"],"picked":"Adrenaline"},{"not_picked":["Slice","Dodge and Roll"],"picked":"Prepared"},{"not_picked":["Acrobatics","Reflex"],"picked":"Dash"},{"not_picked":["Catalyst","Malaise"],"picked":"Burst"},{"not_picked":["Bane","Quick Slash"],"picked":"Flying Knee"},{"not_picked":["Flying Knee","Prepared"],"picked":"Die Die Die"}],"player_experience":75968,"potions_floor_usage":[29,33,33],"damage_taken":[{"damage":2.0,"enemies":"Small Slimes","floor":1.0,"turns":3.0},{"damage":0.0,"enemies":"Cultist","floor":2.0,"turns":6.0},{"damage":0.0,"enemies":"2 Louse","floor":5.0,"turns":3.0},{"damage":5.0,"enemies":"Lagavulin","floor":8.0,"turns":8.0},{"damage":0.0,"enemies":"Large Slime","floor":12.0,"turns":4.0},{"damage":3.0,"enemies":"Lots of Slimes","floor":14.0,"turns":5.0},{"damage":5.0,"enemies":"The Guardian","floor":16.0,"turns":9.0},{"damage":0.0,"enemies":"Chosen","floor":18.0,"turns":3.0},{"damage":0.0,"enemies":"Shell Parasite","floor":22.0,"turns":3.0},{"damage":5.0,"enemies":"Slavers","floor":23.0,"turns":7.0},{"damage":0.0,"enemies":"Centurion and Healer","floor":24.0,"turns":5.0},{"damage":0,"enemies":"Book of Stabbing","floor":28,"turns":7},{"damage":19,"enemies":"Cultist and Chosen","floor":29,"turns":6},{"damage":0,"enemies":"Sentry and Sphere","floor":31,"turns":3},{"damage":0,"enemies":"Champ","floor":33,"turns":19},{"damage":12,"enemies":"3 Shapes","floor":35,"turns":4},{"damage":0,"enemies":"3 Darklings","floor":36,"turns":7},{"damage":0,"enemies":"Maw","floor":41,"turns":5},{"damage":0,"enemies":"4 Shapes","floor":46,"turns":5},{"damage":0,"enemies":"3 Darklings","floor":47,"turns":4},{"damage":12,"enemies":"Sphere and 2 Shapes","floor":48,"turns":4},{"damage":98,"enemies":"Donu and Deca","floor":50,"turns":9}],"event_choices":[{"event_name":"The Cleric","player_choice":"Card Removal","floor":3.0,"damage_taken":0.0},{"event_name":"Upgrade Shrine","player_choice":"Upgraded","floor":4.0,"damage_taken":0.0},{"event_name":"Shining Light","player_choice":"Entered Light","floor":7.0,"damage_taken":0.0},{"event_name":"Bonfire Elementals","player_choice":"BASIC","floor":13.0,"damage_taken":0.0},{"event_name":"Golden Shrine","player_choice":"Pray","floor":19.0,"damage_taken":0.0},{"event_name":"Forgotten Altar","player_choice":"Shed Blood","floor":21.0,"damage_taken":0.0},{"event_name":"Tomb of Lord Red Mask","player_choice":"Ignored","floor":37,"damage_taken":0},{"event_name":"Match and Keep!","player_choice":"0 cards matched","floor":38,"damage_taken":0},{"event_name":"The Woman in Blue","player_choice":"Bought 0 Potions","floor":45,"damage_taken":0}],"boss_relics":[{"not_picked":["Snecko Eye","Lizard Tail"],"picked":"Sozu"}],"potions_floor_spawned":[5,8,12,16,18,29,31,33,35,48],"seed_played":"-7392283122820028246","killed_by":"Donu and Deca","ascension_level":0,"is_trial":false}