{"gold_per_floor":[116,134,151,161,126,126,161,161,161,177,193,248,258,258,258,359,359,359,314,118,118,118,118,44,44,44,44,44,6,6,6,6,6,6,6,6,6],"floor_reached":37,"playtime":1497,"items_purged":[],"score":389,"play_id":"f5613512-68c1-45f7-90ee-d594ddaad73a","local_time":"20181029194331","is_ascension_mode":false,"campfire_choices":[{"data":"Combust","floor":6,"key":"SMITH"},{"data":"Armaments","floor":8,"key":"SMITH"},{"data":"Armaments","floor":15,"key":"SMITH"},{"data":"Apotheosis","floor":23,"key":"SMITH"},{"floor":28,"key":"REST"},{"data":"Searing Blow+1","floor":30,"key":"SMITH"},{"floor":32,"key":"REST"}],"neow_cost":"NONE","seed_source_timestamp":95529945771500,"circlet_count":0,"master_deck":["Strike_R","Strike_R","Strike_R","Strike_R","Defend_R+1","Defend_R","Defend_R","Defend_R","Bash","Cleave","Headbutt","Twin Strike","Combust+1","Armaments+1","Flex+1","Armaments+1","Headbutt+1","Regret","Barricade+1","Shrug It Off","Body Slam+1","Apotheosis+1","Disarm+1","Searing Blow+2","Rage","Carnage+1","Rupture+1","Limit Break","Inflame+1","Spot Weakness","Hemokinesis+1","Spot Weakness"],"relics":["Burning Blood","Frozen Egg 2","Molten Egg 2","Matryoshka","Incense Burner","Ectoplasm","Juzu Bracelet","MawBank","War Paint","Orrery"],"potions_floor_usage":[7,12,12,13,21,27,27,37],"damage_taken":[{"damage":6,"enemies":"Jaw Worm","floor":1,"turns":3},{"damage":6,"enemies":"Cultist","floor":2,"turns":3},{"damage":0,"enemies":"Small Slimes","floor":3,"turns":3},{"damage":9,"enemies":"Blue Slaver","floor":4,"turns":3},{"damage":19,"enemies":"Lagavulin","floor":7,"turns":6},{"damage":9,"enemies":"Lots of Slimes","floor":10,"turns":2},{"damage":3,"enemies":"2 Fungi Beasts","floor":11,"turns":3},{"damage":31,"enemies":"Lagavulin Event","floor":12,"turns":6},{"damage":3,"enemies":"Red Slaver","floor":13,"turns":4},{"damage":31,"enemies":"Slime Boss","floor":16,"turns":9},{"damage":14,"enemies":"Shell Parasite","floor":18,"turns":7},{"damage":20,"enemies":"2 Thieves","floor":19,"turns":4},{"damage":20,"enemies":"3 Cultists","floor":21,"turns":6},{"damage":25,"enemies":"Centurion and Healer","floor":25,"turns":6},{"damage":23,"enemies":"Book of Stabbing","floor":27,"turns":9},{"damage":28,"enemies":"Colosseum Slavers","floor":31,"turns":5},{"damage":30,"enemies":"Champ","floor":33,"turns":10},{"damage":47,"enemies":"3 Darklings","floor":35,"turns":6},{"damage":50,"enemies":"2 Orb Walkers","floor":37,"turns":2}],"seed_played":"2389021926765715605","potions_obtained":[{"floor":1,"key":"GamblersBrew"},{"floor":4,"key":"SkillPotion"},{"floor":10,"key":"Block Potion"},{"floor":11,"key":"Strength Potion"},{"floor":12,"key":"Strength Potion"},{"floor":18,"key":"Block Potion"},{"floor":25,"key":"BloodPotion"},{"floor":33,"key":"FearPotion"},{"floor":35,"key":"GamblersBrew"}],"is_trial":false,"path_per_floor":["M","M","M","M","?","R","E","R","T","M","M","?","M","?","R","B",null,"M","M","$","M","?","R","$","M","T","E","R","$","R","?","R","B",null,"M","?"],"character_chosen":"IRONCLAD","items_purchased":["Apotheosis","Searing Blow+1","Rupture+1"],"campfire_rested":2,"item_purchase_floors":[20,24,29],"current_hp_per_floor":[88,88,88,85,88,88,75,75,75,72,75,50,53,53,53,28,88,80,66,66,52,52,52,52,33,33,24,50,50,50,28,54,30,88,47,47,0],"gold":6,"neow_bonus":"TEN_PERCENT_HP_BONUS","is_prod":false,"is_daily":false,"chose_seed":false,"campfire_upgraded":5,"win_rate":0,"timestamp":1540856611,"path_taken":["M","M","M","M","?","R","E","R","T","M","M","?","M","?","R","BOSS","M","M","$","M","?","R","$","M","T","E","R","?","R","?","R","BOSS","M","?","?"],"build_version":"2018-10-29","purchased_purges":0,"victory":false,"max_hp_per_floor":[88,88,88,88,88,88,88,88,88,88,88,88,88,88,88,88,88,88,88,88,88,88,88,88,88,88,88,88,88,88,88,88,88,88,88,88,88],"card_choices":[{"not_picked":["Blood for Blood","Fire Breathing"],"picked":"Cleave","floor":1},{"not_picked":["Shockwave","Second Wind"],"picked":"Headbutt","floor":2},{"not_picked":["Sword Boomerang","Fire Breathing"],"picked":"Twin Strike","floor":3},{"not_picked":["Entrench","Havoc"],"picked":"Combust","floor":4},{"not_picked":["Hemokinesis","Twin Strike"],"picked":"Armaments","floor":7},{"not_picked":["Warcry","Infernal Blade"],"picked":"Flex","floor":10},{"not_picked":["Entrench","Flex"],"picked":"Armaments","floor":11},{"not_picked":["Flex","Thunderclap+1"],"picked":"Headbutt+1","floor":13},{"not_picked":["Offering","Fiend Fire+1"],"picked":"Barricade+1","floor":16},{"not_picked":["Headbutt+1","Thunderclap+1"],"picked":"Shrug It Off","floor":18},{"not_picked":["Anger+1","Sword Boomerang+1"],"picked":"Body Slam+1","floor":19},{"not_picked":["Clothesline+1","Havoc+1"],"picked":"Disarm+1","floor":21},{"not_picked":["Sword Boomerang+1","Twin Strike+1"],"picked":"Rage","floor":25},{"not_picked":["Intimidate","Wild Strike+1"],"picked":"Carnage+1","floor":27},{"not_picked":["Fiend Fire+1","Berserk+1"],"picked":"Limit Break","floor":33},{"not_picked":["Perfected Strike+1","Searing Blow+1"],"picked":"Inflame+1","floor":34},{"not_picked":["Anger+1","Infernal Blade"],"picked":"Spot Weakness","floor":34},{"not_picked":["Armaments","Twin Strike+1"],"picked":"Hemokinesis+1","floor":34},{"not_picked":["Carnage+1","Cleave+1"],"picked":"Spot Weakness","floor":35}],"player_experience":264592,"relics_obtained":[{"floor":7,"key":"Frozen Egg 2"},{"floor":9,"key":"Molten Egg 2"},{"floor":26,"key":"Juzu Bracelet"},{"floor":26,"key":"MawBank"},{"floor":27,"key":"War Paint"}],"event_choices":[{"damage_healed":22,"gold_gain":0,"player_choice":"Healed","damage_taken":0,"max_hp_gain":0,"max_hp_loss":0,"event_name":"The Cleric","floor":5,"gold_loss":35},{"damage_healed":0,"gold_gain":0,"player_choice":"Searched \u00272\u0027 times","damage_taken":0,"relics_obtained":["Matryoshka"],"max_hp_gain":0,"max_hp_loss":0,"event_name":"Dead Adventurer","floor":12,"gold_loss":0},{"damage_healed":0,"gold_gain":0,"player_choice":"Box","damage_taken":0,"relics_obtained":["Incense Burner"],"max_hp_gain":0,"max_hp_loss":0,"event_name":"Big Fish","floor":14,"gold_loss":0,"cards_obtained":["Regret"]},{"damage_healed":0,"gold_gain":0,"player_choice":"Ignored","damage_taken":0,"max_hp_gain":0,"max_hp_loss":0,"event_name":"Ghosts","floor":22,"gold_loss":0},{"damage_healed":0,"gold_gain":0,"player_choice":"Fight","damage_taken":0,"max_hp_gain":0,"max_hp_loss":0,"event_name":"Colosseum","floor":31,"gold_loss":0},{"damage_healed":0,"gold_gain":0,"player_choice":"Fled From Nobs","damage_taken":0,"max_hp_gain":0,"max_hp_loss":0,"event_name":"Colosseum","floor":31,"gold_loss":0},{"cards_removed":["Strike_R"],"damage_healed":0,"gold_gain":0,"player_choice":"Removed Attack","damage_taken":0,"max_hp_gain":0,"max_hp_loss":0,"event_name":"Falling","floor":36,"gold_loss":0},{"damage_healed":0,"gold_gain":0,"player_choice":"Fight","damage_taken":0,"max_hp_gain":0,"max_hp_loss":0,"event_name":"Mysterious Sphere","floor":37,"gold_loss":0}],"is_beta":true,"boss_relics":[{"not_picked":["Runic Pyramid","Mark of Pain"],"picked":"Ectoplasm"},{"not_picked":["Coffee Dripper","Empty Cage"],"picked":"Orrery"}],"items_purged_floors":[],"is_endless":false,"potions_floor_spawned":[1,4,10,11,12,18,25,31,33,35],"killed_by":"2 Orb Walkers","ascension_level":0}