{"gold_per_floor":[20,32,32,32,46,71,82,82,108,124,137,137,171,45,45,45],"floor_reached":16,"playtime":816,"items_purged":["Zap"],"score":118,"play_id":"f94e0789-6d42-4646-aa89-7cec2f4e758e","local_time":"20190203155123","is_ascension_mode":true,"campfire_choices":[{"floor":8,"key":"REST"},{"data":"Defragment","floor":15,"key":"SMITH"}],"neow_cost":"NO_GOLD","seed_source_timestamp":699574996669990,"circlet_count":0,"master_deck":["Strike_B","Strike_B","Defend_B","Defend_B","Defend_B","Defend_B","Dualcast","Conserve Battery","Genetic Algorithm","Blizzard","Fusion+1","Coolheaded+1","Double Energy+1","Defragment+1","Stack+1","Chill+1","Hologram+1"],"relics":["Cracked Core","Toxic Egg 2","Dream Catcher","Happy Flower","Juzu Bracelet"],"potions_floor_usage":[13,13,13],"damage_taken":[{"damage":1,"enemies":"Jaw Worm","floor":1,"turns":3},{"damage":0,"enemies":"2 Louse","floor":2,"turns":2},{"damage":5,"enemies":"Small Slimes","floor":5,"turns":3},{"damage":29,"enemies":"Lagavulin","floor":6,"turns":10},{"damage":14,"enemies":"Exordium Wildlife","floor":7,"turns":6},{"damage":16,"enemies":"3 Louse","floor":10,"turns":5},{"damage":7,"enemies":"Large Slime","floor":11,"turns":8},{"damage":15,"enemies":"3 Sentries","floor":13,"turns":9},{"damage":37,"enemies":"Hexaghost","floor":16,"turns":16}],"seed_played":"-2784494525334818738","potions_obtained":[{"floor":1,"key":"EssenceOfSteel"},{"floor":5,"key":"Fire Potion"},{"floor":6,"key":"Energy Potion"},{"floor":11,"key":"Swift Potion"}],"is_trial":false,"path_per_floor":["?","T","?","$"],"character_chosen":"DEFECT","items_purchased":["Hologram+1"],"campfire_rested":1,"item_purchase_floors":[14],"current_hp_per_floor":[74,74,74,74,69,40,26,48,48,32,25,50,35,35,35,0],"gold":45,"neow_bonus":"REMOVE_TWO","is_prod":false,"is_daily":false,"chose_seed":false,"campfire_upgraded":1,"win_rate":0,"timestamp":1549237883,"path_taken":["M","M","?","?","M","E","M","R","T","M","M","?","E","?","R","BOSS"],"build_version":"2019-01-23","purchased_purges":1,"victory":false,"max_hp_per_floor":[75,75,75,75,75,75,75,75,75,75,75,75,75,75,75,75],"card_choices":[{"not_picked":["Skim","Compile Driver"],"picked":"Conserve Battery","floor":1},{"not_picked":["Hologram","Beam Cell"],"picked":"Genetic Algorithm","floor":2},{"not_picked":["Barrage","Leap+1"],"picked":"Blizzard","floor":5},{"not_picked":["Genetic Algorithm+1","Go for the Eyes"],"picked":"Fusion+1","floor":6},{"not_picked":["Meteor Strike","Beam Cell"],"picked":"Coolheaded+1","floor":7},{"not_picked":["Beam Cell","Go for the Eyes"],"picked":"Double Energy+1","floor":8},{"not_picked":["Conserve Battery+1","Turbo+1"],"picked":"Defragment","floor":10},{"not_picked":["Rebound","Streamline"],"picked":"Stack+1","floor":11},{"not_picked":["Aggregate+1","Consume+1"],"picked":"Chill+1","floor":13}],"player_experience":38759,"relics_obtained":[{"floor":4,"key":"Toxic Egg 2"},{"floor":6,"key":"Dream Catcher"},{"floor":9,"key":"Happy Flower"},{"floor":13,"key":"Juzu Bracelet"}],"event_choices":[{"damage_healed":0,"gold_gain":0,"player_choice":"Ignored","damage_taken":0,"max_hp_gain":0,"max_hp_loss":0,"event_name":"Liars Game","floor":3,"gold_loss":0},{"damage_healed":25,"gold_gain":0,"player_choice":"Banana","damage_taken":0,"max_hp_gain":0,"max_hp_loss":0,"event_name":"Big Fish","floor":12,"gold_loss":0}],"is_beta":false,"boss_relics":[],"items_purged_floors":[14],"is_endless":false,"potions_floor_spawned":[1,5,6,11],"killed_by":"Hexaghost","ascension_level":1}