{"gold_per_floor":[110,110,124,37,50,83,83,111,138,166,179,35,35,35,35,140,140,153,163,189,189,51,51,81,100,100,100,117,151,161,177,177,279,279,291,291,35,54,71,100,100,100,123,137,137,65,75,94,94,94,94,94,43,74,74],"floor_reached":55,"playtime":5233,"items_purged":["Strike_R","Strike_R"],"score":792,"play_id":"e854af9c-5adf-442e-bb46-d486dc61bea3","local_time":"20190412164046","is_ascension_mode":true,"campfire_choices":[{"data":"Reckless Charge","floor":7,"key":"SMITH"},{"data":"Flame Barrier","floor":15,"key":"SMITH"},{"data":"Uppercut","floor":23,"key":"SMITH"},{"data":"1","floor":32,"key":"LIFT"},{"floor":42,"key":"REST"},{"floor":49,"key":"RECALL"},{"data":"2","floor":52,"key":"LIFT"}],"neow_cost":"NONE","seed_source_timestamp":126257310518285,"circlet_count":0,"master_deck":["Strike_R+1","Defend_R","Defend_R","Defend_R","Bash+1","Combust","Hemokinesis+1","Reckless Charge+1","True Grit","Shrug It Off","Flame Barrier+1","Corruption+1","Feed+1","Metallicize","Uppercut+1","Feed+1","Disarm+1","Dark Embrace","Fiend Fire+1","Thunderclap+1","Spot Weakness","Dual Wield","Entrench+1","Sentinel","Seeing Red","Demon Form","Inflame","Ghostly Armor+1"],"relics":["Burning Blood","Strawberry","Boot","Bag of Marbles","Meat on the Bone","Snecko Eye","Red Mask","Singing Bowl","Dream Catcher","Girya","Astrolabe","Ornamental Fan","Bronze Scales","Whetstone","Self Forming Clay","Kunai"],"potions_floor_usage":[8,16,18,25,33,39,40,50,54,55,55],"damage_taken":[{"damage":3,"enemies":"Jaw Worm","floor":1,"turns":4},{"damage":3,"enemies":"Cultist","floor":3,"turns":3},{"damage":0,"enemies":"2 Louse","floor":5,"turns":2},{"damage":18,"enemies":"Gremlin Nob","floor":6,"turns":3},{"damage":21,"enemies":"Lagavulin","floor":8,"turns":7},{"damage":18,"enemies":"3 Sentries","floor":10,"turns":6},{"damage":3,"enemies":"Red Slaver","floor":11,"turns":3},{"damage":54,"enemies":"Hexaghost","floor":16,"turns":9},{"damage":3,"enemies":"Spheric Guardian","floor":18,"turns":3},{"damage":10,"enemies":"2 Thieves","floor":19,"turns":3},{"damage":9,"enemies":"Masked Bandits","floor":20,"turns":5},{"damage":8,"enemies":"Book of Stabbing","floor":24,"turns":5},{"damage":4,"enemies":"Snecko","floor":25,"turns":3},{"damage":6,"enemies":"Sentry and Sphere","floor":28,"turns":4},{"damage":11,"enemies":"Slavers","floor":29,"turns":5},{"damage":0,"enemies":"3 Cultists","floor":30,"turns":5},{"damage":10,"enemies":"Centurion and Healer","floor":31,"turns":4},{"damage":40,"enemies":"Champ","floor":33,"turns":12},{"damage":8,"enemies":"3 Shapes","floor":35,"turns":4},{"damage":24,"enemies":"3 Darklings","floor":38,"turns":4},{"damage":24,"enemies":"Jaw Worm Horde","floor":39,"turns":4},{"damage":75,"enemies":"Nemesis","floor":40,"turns":7},{"damage":17,"enemies":"4 Shapes","floor":44,"turns":5},{"damage":21,"enemies":"3 Darklings","floor":47,"turns":3},{"damage":0,"enemies":"Maw","floor":48,"turns":6},{"damage":61,"enemies":"Donu and Deca","floor":50,"turns":6},{"damage":67,"enemies":"Shield and Spear","floor":54,"turns":6},{"damage":105,"enemies":"The Heart","floor":55,"turns":6}],"seed_played":"-1331521613114714564","potions_obtained":[{"floor":1,"key":"EssenceOfSteel"},{"floor":6,"key":"AttackPotion"},{"floor":8,"key":"Ancient Potion"},{"floor":10,"key":"Explosive Potion"},{"floor":18,"key":"Block Potion"},{"floor":19,"key":"LiquidBronze"},{"floor":28,"key":"AttackPotion"},{"floor":29,"key":"SmokeBomb"},{"floor":35,"key":"Fire Potion"},{"floor":38,"key":"Strength Potion"},{"floor":47,"key":"Strength Potion"},{"floor":48,"key":"Energy Potion"}],"is_trial":false,"path_per_floor":["?","?","$","?","?","M","?","?","?","T","M"],"character_chosen":"IRONCLAD","items_purchased":["Reckless Charge","Fire Potion","Corruption","Uppercut","Ornamental Fan","Inflame","PowerPotion"],"campfire_rested":1,"item_purchase_floors":[4,4,12,22,37,46,53],"current_hp_per_floor":[80,64,67,67,73,68,68,53,53,41,56,56,56,56,56,20,87,90,86,86,86,86,86,86,94,94,94,100,101,111,114,114,80,124,125,121,121,106,95,38,38,80,80,89,89,89,90,98,98,59,161,161,161,102,0],"gold":74,"neow_bonus":"UPGRADE_CARD","is_prod":false,"is_daily":false,"chose_seed":false,"campfire_upgraded":3,"win_rate":0,"timestamp":1555083646,"path_taken":["M","?","M","$","M","E","R","E","T","E","M","$","?","?","R","BOSS","M","M","?","?","$","R","E","?","T","?","M","E","M","M","R","BOSS","M","?","$","M","M","E","?","R","T","M","?","$","?","M","R","BOSS","R","$","E","BOSS"],"build_version":"2019-01-23","purchased_purges":2,"victory":false,"max_hp_per_floor":[80,80,80,80,80,87,87,87,87,87,87,87,87,87,87,87,87,90,90,93,93,93,93,95,101,101,101,107,113,117,124,124,124,124,127,133,133,136,143,143,143,143,143,151,151,151,155,157,157,161,161,161,161,163,163],"card_choices":[{"not_picked":["Corruption","Clash"],"picked":"Combust","floor":1},{"not_picked":["Power Through","True Grit"],"picked":"Hemokinesis","floor":3},{"not_picked":["Fire Breathing","Feel No Pain"],"picked":"True Grit","floor":5},{"not_picked":["Clash","Rampage"],"picked":"Shrug It Off","floor":6},{"not_picked":["Exhume","Body Slam"],"picked":"Flame Barrier","floor":8},{"not_picked":["Fire Breathing","Dropkick","Pummel"],"picked":"SKIP","floor":10},{"not_picked":["Power Through","Searing Blow","Flex"],"picked":"SKIP","floor":11},{"not_picked":["Impervious","Barricade"],"picked":"Feed","floor":16},{"not_picked":["Cleave","Iron Wave","Body Slam"],"picked":"SKIP","floor":18},{"not_picked":["Pommel Strike","Warcry"],"picked":"Metallicize","floor":19},{"not_picked":["Second Wind","Flex","Clothesline"],"picked":"Singing Bowl","floor":24},{"not_picked":["Metallicize","Rampage","True Grit+1"],"picked":"Singing Bowl","floor":25},{"not_picked":["Twin Strike","Cleave+1","Heavy Blade"],"picked":"Singing Bowl","floor":28},{"not_picked":["True Grit","Clash","Pommel Strike+1"],"picked":"Singing Bowl","floor":29},{"not_picked":["Havoc+1","Perfected Strike"],"picked":"Feed","floor":30},{"not_picked":["Iron Wave","Warcry"],"picked":"Disarm+1","floor":31},{"not_picked":["Berserk","Bludgeon"],"picked":"Dark Embrace","floor":33},{"not_picked":["Headbutt","Seeing Red"],"picked":"Spot Weakness","floor":35},{"not_picked":["Thinking Ahead","Jack Of All Trades","Panache"],"picked":"Singing Bowl","floor":36},{"not_picked":["Bandage Up","Master of Strategy","Purity"],"picked":"Singing Bowl","floor":36},{"not_picked":["Forethought","Transmutation","Thinking Ahead"],"picked":"Singing Bowl","floor":36},{"not_picked":["Twin Strike+1","Heavy Blade"],"picked":"Dual Wield","floor":38},{"not_picked":["Heavy Blade+1","Dropkick+1"],"picked":"Entrench+1","floor":39},{"not_picked":["Clash","Rampage+1"],"picked":"Sentinel","floor":40},{"not_picked":["Heavy Blade","Clothesline+1"],"picked":"Seeing Red","floor":42},{"not_picked":["Power Through","Seeing Red"],"picked":"Demon Form","floor":44},{"not_picked":["Sword Boomerang","Disarm+1"],"picked":"Ghostly Armor+1","floor":47},{"not_picked":["Cleave","Headbutt+1","Sentinel"],"picked":"Singing Bowl","floor":48},{"not_picked":["Warcry","Blood for Blood","Sever Soul"],"picked":"Singing Bowl","floor":54}],"player_experience":554643,"relics_obtained":[{"floor":6,"key":"Strawberry"},{"floor":8,"key":"Boot"},{"floor":9,"key":"Bag of Marbles"},{"floor":10,"key":"Meat on the Bone"},{"floor":20,"key":"Red Mask"},{"floor":24,"key":"Singing Bowl"},{"floor":29,"key":"Girya"},{"floor":40,"key":"Bronze Scales"},{"floor":43,"key":"Whetstone"},{"floor":45,"key":"Self Forming Clay"},{"floor":54,"key":"Kunai"}],"event_choices":[{"damage_healed":0,"gold_gain":0,"player_choice":"Entered Light","damage_taken":16,"max_hp_gain":0,"max_hp_loss":0,"event_name":"Shining Light","floor":2,"gold_loss":0,"cards_upgraded":["Strike_R","Strike_R"]},{"damage_healed":0,"gold_gain":0,"player_choice":"Grow","damage_taken":0,"max_hp_gain":0,"max_hp_loss":0,"event_name":"Living Wall","floor":13,"gold_loss":0,"cards_upgraded":["Corruption"]},{"damage_healed":0,"gold_gain":0,"player_choice":"Fought Bandits","damage_taken":0,"max_hp_gain":0,"max_hp_loss":0,"event_name":"Masked Bandits","floor":20,"gold_loss":0},{"damage_healed":0,"gold_gain":0,"player_choice":"Forge","damage_taken":0,"max_hp_gain":0,"max_hp_loss":0,"event_name":"Accursed Blacksmith","floor":21,"gold_loss":0,"cards_upgraded":["Feed"]},{"damage_healed":0,"gold_gain":0,"player_choice":"Opened","damage_taken":0,"relics_obtained":["Dream Catcher"],"max_hp_gain":0,"max_hp_loss":0,"event_name":"The Mausoleum","floor":27,"gold_loss":0},{"damage_healed":0,"gold_gain":0,"player_choice":"Memory 3","damage_taken":10,"max_hp_gain":0,"max_hp_loss":0,"event_name":"SensoryStone","floor":36,"gold_loss":0},{"cards_removed":["Dropkick"],"damage_healed":0,"gold_gain":0,"player_choice":"Removed Attack","damage_taken":0,"max_hp_gain":0,"max_hp_loss":0,"event_name":"Falling","floor":41,"gold_loss":0}],"is_beta":false,"boss_relics":[{"not_picked":["Runic Dome","White Beast Statue"],"picked":"Snecko Eye"},{"not_picked":["Lizard Tail","Calling Bell"],"picked":"Astrolabe"}],"items_purged_floors":[12,22],"is_endless":false,"potions_floor_spawned":[1,6,8,10,18,19,28,29,35,38,47,48],"killed_by":"The Heart","ascension_level":1}