{"gold_per_floor":[109,121,133,147,147,147,172,186,186,186,196,196],"floor_reached":12,"playtime":529,"items_purged":[],"score":164,"play_id":"fc88c68e-fe0c-4dba-bd3b-fad80677c3ba","local_time":"20190420184559","is_ascension_mode":true,"campfire_choices":[{"data":"Neutralize","floor":6,"key":"SMITH"},{"floor":10,"key":"REST"}],"neow_cost":"NONE","seed_source_timestamp":198705932403434,"circlet_count":0,"master_deck":["AscendersBane","Defend_G","Defend_G","Defend_G","Defend_G","Defend_G","Strike_G","Strike_G","Strike_G","Strike_G","Survivor","Neutralize+1","Well Laid Plans","Footwork","Dagger Throw","Infinite Blades","Deadly Poison","Backstab"],"relics":["Ring of the Snake","Snake Skull","Juzu Bracelet"],"potions_floor_usage":[4,7],"damage_taken":[{"damage":8,"enemies":"Cultist","floor":1,"turns":6},{"damage":2,"enemies":"Jaw Worm","floor":2,"turns":5},{"damage":4,"enemies":"2 Louse","floor":3,"turns":4},{"damage":4,"enemies":"Large Slime","floor":4,"turns":10},{"damage":23,"enemies":"Lagavulin","floor":7,"turns":10},{"damage":9,"enemies":"Exordium Wildlife","floor":8,"turns":5},{"damage":5,"enemies":"Looter","floor":11,"turns":4},{"damage":20,"enemies":"Gremlin Nob","floor":12,"turns":3}],"seed_played":"-258535341614553730","potions_obtained":[{"floor":2,"key":"PowerPotion"},{"floor":3,"key":"PowerPotion"}],"is_trial":false,"path_per_floor":["M","?"],"character_chosen":"THE_SILENT","items_purchased":[],"campfire_rested":1,"item_purchase_floors":[],"current_hp_per_floor":[51,49,45,41,34,34,11,2,2,21,16,0],"gold":196,"neow_bonus":"RANDOM_COMMON_RELIC","is_prod":false,"is_daily":false,"chose_seed":false,"campfire_upgraded":1,"win_rate":0,"timestamp":1555775159,"path_taken":["M","M","?","M","?","R","E","M","T","R","M","E"],"build_version":"2019-01-23","purchased_purges":0,"victory":false,"max_hp_per_floor":[66,66,66,66,66,66,66,66,66,66,66,66],"card_choices":[{"not_picked":["PiercingWail","Prepared"],"picked":"Well Laid Plans","floor":1},{"not_picked":["Prepared","Deflect","Slice"],"picked":"SKIP","floor":2},{"not_picked":["Riddle With Holes","Dagger Throw"],"picked":"Footwork","floor":3},{"not_picked":["Slice","Reflex"],"picked":"Dagger Throw","floor":4},{"not_picked":["PiercingWail","Choke"],"picked":"Infinite Blades","floor":7},{"not_picked":["Underhanded Strike","Eviscerate"],"picked":"Deadly Poison","floor":8},{"not_picked":["Bane","Tactician"],"picked":"Backstab","floor":11}],"player_experience":1771061,"relics_obtained":[{"floor":7,"key":"Juzu Bracelet"}],"event_choices":[{"cards_removed":["Strike_G"],"damage_healed":0,"gold_gain":0,"player_choice":"Card Removal","damage_taken":7,"max_hp_gain":0,"max_hp_loss":0,"event_name":"Golden Wing","floor":5,"gold_loss":0}],"is_beta":false,"boss_relics":[],"items_purged_floors":[],"is_endless":false,"potions_floor_spawned":[2,3],"killed_by":"Gremlin Nob","ascension_level":20}