{"gold_per_floor":[114,39,121,138,98,98,116,142,165,165,193,208,223,223],"floor_reached":14,"playtime":534,"items_purged":["Strike_G"],"score":160,"play_id":"d6192e0a-c8c1-468d-ae39-093e093ab6d7","local_time":"20190424192243","is_ascension_mode":true,"campfire_choices":[{"data":"Catalyst","floor":6.0,"key":"SMITH"},{"data":"Predator","floor":10.0,"key":"SMITH"}],"neow_cost":"NONE","seed_source_timestamp":34372318500015,"circlet_count":0,"master_deck":["AscendersBane","Defend_G","Defend_G","Defend_G","Defend_G","Defend_G","Strike_G","Strike_G","Strike_G","Strike_G","Survivor","Neutralize","Distraction","Catalyst+1","Predator+1","Underhanded Strike","Footwork","Predator","After Image"],"special_seed":0,"relics":["Snecko Eye","Tiny Chest","Girya","Regal Pillow","Happy Flower"],"potions_floor_usage":[11,11,14],"damage_taken":[{"damage":9.0,"enemies":"Cultist","floor":1.0,"turns":6.0},{"damage":2.0,"enemies":"Small Slimes","floor":4.0,"turns":6.0},{"damage":10.0,"enemies":"2 Louse","floor":7.0,"turns":3.0},{"damage":5.0,"enemies":"Lagavulin","floor":8.0,"turns":8.0},{"damage":31,"enemies":"Gremlin Nob","floor":11,"turns":5},{"damage":1,"enemies":"Red Slaver","floor":12,"turns":2},{"damage":0,"enemies":"2 Fungi Beasts","floor":13,"turns":3},{"damage":0,"enemies":"Blue Slaver","floor":14,"turns":1}],"seed_played":"1765717961663678961","potions_obtained":[{"floor":5.0,"key":"Energy Potion"},{"floor":5.0,"key":"Block Potion"},{"floor":12,"key":"Swift Potion"}],"is_trial":false,"path_per_floor":["M","$","T","M","?","R","M","E","T","R","E","M","M","M"],"character_chosen":"THE_SILENT","items_purchased":[],"campfire_rested":0,"item_purchase_floors":[],"current_hp_per_floor":[54,54,54,52,52,52,42,37,37,37,6,5,5,5],"gold":223,"neow_bonus":"BOSS_RELIC","is_prod":false,"is_daily":false,"chose_seed":false,"campfire_upgraded":2,"win_rate":0,"timestamp":1556101363,"path_taken":["M","$","?","M","?","R","M","E","T","R","E","M","?","M"],"build_version":"2019-01-23","purchased_purges":1,"victory":false,"max_hp_per_floor":[70,70,70,70,70,70,70,70,70,70,70,70,70,70],"card_choices":[{"not_picked":["Sucker Punch","Heel Hook"],"picked":"Distraction","floor":1.0},{"not_picked":["Outmaneuver","Prepared"],"picked":"Catalyst","floor":4.0},{"not_picked":["Catalyst","Deflect"],"picked":"Predator","floor":7.0},{"not_picked":["Endless Agony","Caltrops"],"picked":"Underhanded Strike","floor":8.0},{"not_picked":["Terror","Cloak And Dagger"],"picked":"Footwork","floor":11},{"not_picked":["Underhanded Strike","Poisoned Stab"],"picked":"Predator","floor":12},{"not_picked":["Prepared","Cloak And Dagger"],"picked":"After Image","floor":13}],"player_experience":688423,"relics_obtained":[{"floor":3.0,"key":"Tiny Chest"},{"floor":8.0,"key":"Girya"},{"floor":9.0,"key":"Regal Pillow"},{"floor":11,"key":"Happy Flower"}],"event_choices":[{"damage_healed":0.0,"max_hp_gain":0.0,"max_hp_loss":0.0,"gold_gain":0.0,"event_name":"The Woman in Blue","player_choice":"Bought 3 Potions","floor":5.0,"gold_loss":0.0,"damage_taken":0.0}],"is_beta":false,"boss_relics":[],"items_purged_floors":[2],"is_endless":false,"potions_floor_spawned":[7,12],"killed_by":"Blue Slaver","ascension_level":12}