{"gold_per_floor":[10,26,43,58,333,360,370,384,429,429,442,459,479,64,64,165,165,175,100,100,110,130,155,155,184,252,267,277,277,59,77,77,77],"floor_reached":33,"playtime":1319,"items_purged":["Regret"],"score":431,"play_id":"a843dc44-4114-41a0-b254-f9c2b2404d8c","local_time":"20190206011529","is_ascension_mode":true,"campfire_choices":[{"floor":15.0,"key":"REST"},{"floor":24.0,"key":"REST"},{"data":"Defragment","floor":32,"key":"SMITH"}],"neow_cost":"NO_GOLD","seed_source_timestamp":25970395685000,"circlet_count":0,"master_deck":["Strike_B","Strike_B","Strike_B","Defend_B","Defend_B","Defend_B","Defend_B","Zap","Dualcast","Ball Lightning","Conserve Battery","Auto Shields","Turbo","Double Energy","FTL","Self Repair","Defragment+1","Conserve Battery","Panache","Electrodynamics","Self Repair"],"special_seed":0,"relics":["Cracked Core","Unceasing Top","Du-Vu Doll","Oddly Smooth Stone","PreservedInsect","Sozu","Nilry\u0027s Codex","DataDisk","Blue Candle","Gremlin Horn","Anchor"],"potions_floor_usage":[],"damage_taken":[{"damage":0.0,"enemies":"Cultist","floor":1.0,"turns":4.0},{"damage":0.0,"enemies":"Small Slimes","floor":2.0,"turns":3.0},{"damage":1.0,"enemies":"2 Louse","floor":3.0,"turns":3.0},{"damage":1.0,"enemies":"2 Fungi Beasts","floor":4.0,"turns":3.0},{"damage":42.0,"enemies":"Gremlin Nob","floor":6.0,"turns":4.0},{"damage":7.0,"enemies":"Blue Slaver","floor":7.0,"turns":3.0},{"damage":11.0,"enemies":"Looter","floor":8.0,"turns":3.0},{"damage":17.0,"enemies":"Gremlin Gang","floor":11.0,"turns":5.0},{"damage":9.0,"enemies":"2 Fungi Beasts","floor":12.0,"turns":3.0},{"damage":16.0,"enemies":"Lots of Slimes","floor":13.0,"turns":3.0},{"damage":16.0,"enemies":"Hexaghost","floor":16.0,"turns":8.0},{"damage":0.0,"enemies":"Shell Parasite","floor":18.0,"turns":3.0},{"damage":0.0,"enemies":"Chosen","floor":21.0,"turns":4.0},{"damage":6.0,"enemies":"3 Cultists","floor":22.0,"turns":3.0},{"damage":37.0,"enemies":"Slavers","floor":23.0,"turns":5.0},{"damage":0.0,"enemies":"Gremlin Leader","floor":25.0,"turns":3.0},{"damage":18.0,"enemies":"Snake Plant","floor":27.0,"turns":3.0},{"damage":33,"enemies":"Shelled Parasite and Fungi","floor":28,"turns":4},{"damage":0,"enemies":"Centurion and Healer","floor":31,"turns":2},{"damage":66,"enemies":"Collector","floor":33,"turns":8}],"seed_played":"-6283882715769991285","potions_obtained":[{"floor":1.0,"key":"EssenceOfSteel"},{"floor":3.0,"key":"PowerPotion"},{"floor":6.0,"key":"FocusPotion"},{"floor":8.0,"key":"PowerPotion"},{"floor":13.0,"key":"Explosive Potion"}],"is_trial":false,"path_per_floor":["M","M","M","M","?","E","M","M","T","?","M","M","M","$","R","B",null,"M","?","?","M","M","E","R","E","T","M","M","?","$","M","R","B"],"character_chosen":"DEFECT","items_purchased":["Panache","PreservedInsect","Anchor","Self Repair"],"campfire_rested":2,"item_purchase_floors":[14,14,30,30],"current_hp_per_floor":[75,75,74,73,73,31,24,13,13,38,28,26,17,17,39,30,64,71,71,55,62,63,33,55,62,62,51,25,50,50,64,64,0],"gold":77,"neow_bonus":"ONE_RARE_RELIC","is_prod":false,"is_daily":false,"chose_seed":false,"campfire_upgraded":1,"win_rate":0,"timestamp":1549433729,"path_taken":["M","M","?","M","?","E","?","M","T","?","M","M","M","$","R","BOSS","M","?","?","M","M","E","R","E","T","M","M","?","$","M","R","BOSS"],"build_version":"2019-01-23","purchased_purges":1,"victory":false,"max_hp_per_floor":[75,75,75,75,75,75,75,75,75,75,75,75,75,75,75,75,75,75,75,75,75,75,75,75,75,75,75,75,75,75,75,75,75],"card_choices":[{"not_picked":["Consume","Defragment"],"picked":"Ball Lightning","floor":1.0},{"not_picked":["Consume","Melter"],"picked":"Conserve Battery","floor":2.0},{"not_picked":["Barrage","White Noise"],"picked":"Auto Shields","floor":3.0},{"not_picked":["Barrage","Turbo","Stack"],"picked":"SKIP","floor":4.0},{"not_picked":["Barrage","Stack"],"picked":"Turbo","floor":4.0},{"not_picked":["Aggregate","Reinforced Body"],"picked":"Double Energy","floor":6.0},{"not_picked":["Machine Learning","Go for the Eyes"],"picked":"FTL","floor":7.0},{"not_picked":["Steam","Cold Snap"],"picked":"Self Repair","floor":8.0},{"not_picked":["Sunder","Scrape","Compile Driver"],"picked":"SKIP","floor":11.0},{"not_picked":["Cold Snap","Compile Driver"],"picked":"Defragment","floor":12.0},{"not_picked":["Machine Learning","Reprogram"],"picked":"Conserve Battery","floor":13.0},{"not_picked":["Amplify","Multi-Cast"],"picked":"Electrodynamics","floor":16.0},{"not_picked":["Beam Cell","Auto Shields","Cold Snap"],"picked":"SKIP","floor":18.0},{"not_picked":["Leap","Steam+1","Sweeping Beam"],"picked":"SKIP","floor":21.0},{"not_picked":["Leap","Rip and Tear","Chaos"],"picked":"SKIP","floor":22.0},{"not_picked":["Recycle","Blizzard+1","Redo"],"picked":"SKIP","floor":23.0},{"not_picked":["Storm","Gash","Scrape"],"picked":"SKIP","floor":25.0},{"not_picked":["FTL+1","Blizzard","Coolheaded"],"picked":"SKIP","floor":27.0},{"not_picked":["Chaos","Coolheaded","Reboot"],"picked":"SKIP","floor":28},{"not_picked":["Coolheaded","Compile Driver","Hologram"],"picked":"SKIP","floor":31}],"player_experience":380081,"relics_obtained":[{"floor":6.0,"key":"Du-Vu Doll"},{"floor":9.0,"key":"Oddly Smooth Stone"},{"floor":20.0,"key":"Nilry\u0027s Codex"},{"floor":23.0,"key":"DataDisk"},{"floor":25.0,"key":"Blue Candle"},{"floor":26.0,"key":"Gremlin Horn"}],"event_choices":[{"damage_healed":0.0,"max_hp_gain":0.0,"max_hp_loss":0.0,"gold_gain":275.0,"event_name":"Golden Shrine","player_choice":"Desecrate","floor":5.0,"gold_loss":0.0,"damage_taken":0.0,"cards_obtained":["Regret"]},{"damage_healed":25.0,"max_hp_gain":0.0,"max_hp_loss":0.0,"gold_gain":0.0,"event_name":"Big Fish","player_choice":"Banana","floor":10.0,"gold_loss":0.0,"damage_taken":0.0},{"cards_removed":["Strike_B"],"damage_healed":0.0,"max_hp_gain":0.0,"max_hp_loss":0.0,"gold_gain":0.0,"event_name":"Beggar","player_choice":"Gave Gold","floor":19.0,"gold_loss":75.0,"damage_taken":0.0},{"damage_healed":0.0,"max_hp_gain":0.0,"max_hp_loss":0.0,"gold_gain":0.0,"event_name":"Cursed Tome","player_choice":"Obtained Book","floor":20.0,"gold_loss":0.0,"damage_taken":16.0},{"damage_healed":25,"gold_gain":0,"player_choice":"Heal","damage_taken":0,"max_hp_gain":0,"max_hp_loss":0,"event_name":"The Library","floor":29,"gold_loss":0}],"is_beta":false,"boss_relics":[{"not_picked":["FrozenCore","Black Star"],"picked":"Sozu"}],"items_purged_floors":[14],"is_endless":false,"potions_floor_spawned":[1,3,6,8,13,22,23,31],"killed_by":"Collector","ascension_level":5}