{"gold_per_floor":[117,117,117,66,83,117,117,150,177,100,126,126,126,146,146,251,251,269,282,89,105,24,24,24,124,124,143,143,157,157,171,171,171],"floor_reached":33,"playtime":1601,"items_purged":[],"score":354,"play_id":"1161589a-1d37-47bf-9662-91d2784b9826","local_time":"20190416204316","is_ascension_mode":true,"campfire_choices":[{"floor":7,"key":"REST"},{"data":"Armaments","floor":13,"key":"SMITH"},{"data":"Infernal Blade","floor":15,"key":"SMITH"},{"floor":24,"key":"REST"},{"floor":28,"key":"REST"},{"data":"Barricade","floor":32,"key":"SMITH"}],"neow_cost":"NONE","seed_source_timestamp":37087207627672,"circlet_count":0,"master_deck":["Strike_R","Strike_R","Defend_R","Defend_R","Defend_R","Defend_R","Bash","Feed","Infernal Blade+1","Thunderclap","Seeing Red","Iron Wave","Inflame","Armaments+1","Pommel Strike","Evolve","Barricade+1","Anger+1","Flex+1","Burning Pact+1","Iron Wave+1","Inflame","Flex+1","Disarm","Feed","Armaments+1","Dropkick","Decay","Shrug It Off+1"],"relics":["Burning Blood","Dream Catcher","Centennial Puzzle","Magic Flower","Art of War","Question Card","Astrolabe","ClockworkSouvenir","Toxic Egg 2"],"potions_floor_usage":[6,8,8,11,16,31,33],"damage_taken":[{"damage":6,"enemies":"2 Louse","floor":1,"turns":3},{"damage":4,"enemies":"Cultist","floor":5,"turns":3},{"damage":35,"enemies":"3 Sentries","floor":6,"turns":8},{"damage":28,"enemies":"Lagavulin","floor":8,"turns":6},{"damage":5,"enemies":"3 Sentries","floor":11,"turns":3},{"damage":0,"enemies":"Small Slimes","floor":14,"turns":2},{"damage":53,"enemies":"The Guardian","floor":16,"turns":12},{"damage":60,"enemies":"3 Byrds","floor":18,"turns":7},{"damage":7,"enemies":"Chosen","floor":19,"turns":4},{"damage":17,"enemies":"Centurion and Healer","floor":21,"turns":5},{"damage":41,"enemies":"Sentry and Sphere","floor":27,"turns":5},{"damage":13,"enemies":"Snecko","floor":29,"turns":3},{"damage":9,"enemies":"3 Cultists","floor":31,"turns":5},{"damage":58,"enemies":"Collector","floor":33,"turns":7}],"seed_played":"-5913930014341092938","potions_obtained":[{"floor":1,"key":"Block Potion"},{"floor":3,"key":"Block Potion"},{"floor":3,"key":"Energy Potion"},{"floor":11,"key":"Energy Potion"},{"floor":27,"key":"Fire Potion"},{"floor":29,"key":"PowerPotion"},{"floor":31,"key":"PowerPotion"}],"is_trial":false,"path_per_floor":["M","?","?","$","M","E","R","E","T","$","E","?","R","M","R","B",null,"M","M","$","M","$","?","R","?","T","M","R","M","?","M","R","B"],"character_chosen":"IRONCLAD","items_purchased":["Thunderclap","Block Potion","Armaments","ClockworkSouvenir","Disarm"],"campfire_rested":3,"item_purchase_floors":[4,10,10,20,22],"current_hp_per_floor":[83,58,58,58,60,34,59,37,37,37,41,41,41,55,55,11,70,25,27,27,25,25,25,54,54,54,22,51,52,52,58,58,0],"gold":171,"neow_bonus":"ONE_RANDOM_RARE_CARD","is_prod":false,"is_daily":false,"chose_seed":false,"campfire_upgraded":3,"win_rate":0,"timestamp":1555461796,"path_taken":["M","?","?","$","?","E","R","E","T","?","E","?","R","M","R","BOSS","M","M","$","M","?","?","R","?","T","?","R","M","?","M","R","BOSS"],"build_version":"2019-01-23","purchased_purges":0,"victory":false,"max_hp_per_floor":[83,83,83,83,83,86,86,86,86,86,86,86,86,89,89,89,89,93,93,93,97,97,97,97,97,97,97,97,100,100,104,104,104],"card_choices":[{"not_picked":["Sword Boomerang","Ghostly Armor"],"picked":"Infernal Blade","floor":1},{"not_picked":["Corruption","True Grit"],"picked":"Seeing Red","floor":5},{"not_picked":["Pommel Strike","Sword Boomerang"],"picked":"Iron Wave","floor":6},{"not_picked":["Sword Boomerang","Pummel"],"picked":"Inflame","floor":8},{"not_picked":["Headbutt","Sentinel"],"picked":"Pommel Strike","floor":11},{"not_picked":["Twin Strike","Cleave","Rage"],"picked":"Evolve","floor":14},{"not_picked":["Immolate","Demon Form","Offering"],"picked":"Barricade","floor":16},{"not_picked":["Anger","Corruption","Feel No Pain+1"],"picked":"Iron Wave+1","floor":18},{"not_picked":["Havoc+1","Sword Boomerang","Warcry"],"picked":"Inflame","floor":19},{"not_picked":["Body Slam","Sword Boomerang","Rupture+1"],"picked":"Flex+1","floor":21},{"not_picked":["Infernal Blade+1","Pommel Strike","Shrug It Off+1"],"picked":"Feed","floor":27},{"not_picked":["Bloodletting+1","Rampage","Infernal Blade+1"],"picked":"Armaments+1","floor":28},{"not_picked":["Thunderclap","Flex+1","Carnage"],"picked":"Dropkick","floor":29},{"not_picked":["Infernal Blade+1","True Grit+1","Pummel"],"picked":"Shrug It Off+1","floor":31}],"player_experience":306990,"relics_obtained":[{"floor":6,"key":"Centennial Puzzle"},{"floor":8,"key":"Magic Flower"},{"floor":9,"key":"Art of War"},{"floor":11,"key":"Question Card"},{"floor":26,"key":"Toxic Egg 2"}],"event_choices":[{"damage_healed":0,"gold_gain":0,"player_choice":"Success","damage_taken":25,"relics_obtained":["Dream Catcher"],"max_hp_gain":0,"max_hp_loss":0,"event_name":"Scrap Ooze","floor":2,"gold_loss":0},{"damage_healed":0,"gold_gain":0,"player_choice":"Got Potions","damage_taken":0,"max_hp_gain":0,"max_hp_loss":0,"event_name":"Lab","floor":3,"gold_loss":0},{"damage_healed":0,"gold_gain":0,"cards_transformed":["Strike_R"],"player_choice":"Transformed","damage_taken":0,"max_hp_gain":0,"max_hp_loss":0,"event_name":"Transmorgrifier","floor":12,"gold_loss":0,"cards_obtained":["Bloodletting"]},{"damage_healed":0,"gold_gain":0,"player_choice":"Ignored","damage_taken":0,"max_hp_gain":0,"max_hp_loss":0,"event_name":"Ghosts","floor":23,"gold_loss":0},{"damage_healed":0,"gold_gain":100,"player_choice":"Pray","damage_taken":0,"max_hp_gain":0,"max_hp_loss":0,"event_name":"Golden Shrine","floor":25,"gold_loss":0},{"damage_healed":0,"gold_gain":0,"player_choice":"Cursed","damage_taken":0,"max_hp_gain":0,"max_hp_loss":0,"event_name":"Wheel of Change","floor":30,"gold_loss":0,"cards_obtained":["Decay"]}],"is_beta":false,"boss_relics":[{"not_picked":["Pandora\u0027s Box","Snecko Eye"],"picked":"Astrolabe"}],"items_purged_floors":[],"is_endless":false,"potions_floor_spawned":[1,11,27,29,31],"killed_by":"Collector","ascension_level":5}