{"gold_per_floor":[112,132,149,164,176,176,211,229,229,254,266,266,266,282,282,282],"floor_reached":16,"playtime":530,"items_purged":[],"score":128,"play_id":"1c795f41-476a-4ae2-acdc-861019291143","local_time":"20181219021347","is_ascension_mode":true,"campfire_choices":[{"data":"Searing Blow","floor":6,"key":"SMITH"},{"data":"Searing Blow+2","floor":15,"key":"SMITH"}],"neow_cost":"NONE","seed_source_timestamp":0,"circlet_count":0,"master_deck":["Strike_R","Strike_R","Strike_R","Strike_R","Strike_R","Defend_R+1","Defend_R","Defend_R+1","Defend_R","Bash","Reaper","Searing Blow+3","Shockwave","Dropkick","Cleave","Spot Weakness","Whirlwind","Iron Wave"],"special_seed":0,"relics":["Burning Blood","Lantern","Letter Opener","Oddly Smooth Stone","War Paint"],"potions_floor_usage":[7,7,10,14,16],"damage_taken":[{"damage":3,"enemies":"Jaw Worm","floor":1,"turns":4},{"damage":7,"enemies":"Small Slimes","floor":2,"turns":4},{"damage":12,"enemies":"2 Louse","floor":3,"turns":3},{"damage":22,"enemies":"Exordium Wildlife","floor":4,"turns":4},{"damage":17,"enemies":"Blue Slaver","floor":5,"turns":5},{"damage":6,"enemies":"Gremlin Nob","floor":7,"turns":4},{"damage":9,"enemies":"2 Fungi Beasts","floor":8,"turns":2},{"damage":27,"enemies":"3 Sentries","floor":10,"turns":4},{"damage":14,"enemies":"3 Louse","floor":11,"turns":2},{"damage":0,"enemies":"Looter","floor":14,"turns":1},{"damage":59,"enemies":"Slime Boss","floor":16,"turns":5}],"seed_played":"1738936469873189212","potions_obtained":[{"floor":3,"key":"Block Potion"},{"floor":4,"key":"Strength Potion"},{"floor":5,"key":"Explosive Potion"},{"floor":8,"key":"Fire Potion"},{"floor":14,"key":"LiquidBronze"}],"is_trial":false,"path_per_floor":["M","M","M","M","M","R","E","M","T","E","M","?","?","M","R","B"],"character_chosen":"IRONCLAD","items_purchased":[],"campfire_rested":0,"item_purchase_floors":[],"current_hp_per_floor":[80,80,80,68,63,63,72,69,69,50,54,54,47,53,53,0],"gold":282,"neow_bonus":"ONE_RANDOM_RARE_CARD","is_prod":false,"is_daily":false,"chose_seed":false,"campfire_upgraded":2,"win_rate":0,"timestamp":1545203627,"path_taken":["M","M","M","M","M","R","E","M","T","E","M","?","?","M","R","BOSS"],"build_version":"2018-12-13","purchased_purges":0,"victory":false,"max_hp_per_floor":[80,80,80,80,80,80,80,80,80,80,80,80,80,80,80,80],"card_choices":[{"not_picked":["Iron Wave","Twin Strike"],"picked":"Searing Blow","floor":1},{"not_picked":["Uppercut","Iron Wave"],"picked":"Shockwave","floor":2},{"not_picked":["Perfected Strike","Heavy Blade"],"picked":"Dropkick","floor":3},{"not_picked":["Pummel","Thunderclap","Pommel Strike"],"picked":"SKIP","floor":4},{"not_picked":["Shockwave","Body Slam"],"picked":"Cleave","floor":5},{"not_picked":["Second Wind","Flex"],"picked":"Spot Weakness","floor":7},{"not_picked":["Pommel Strike","Iron Wave"],"picked":"Whirlwind","floor":8},{"not_picked":["Juggernaut","Body Slam"],"picked":"Iron Wave","floor":10},{"not_picked":["Body Slam","Havoc","Sword Boomerang"],"picked":"SKIP","floor":11},{"not_picked":["Combust","Anger","Headbutt"],"picked":"SKIP","floor":14}],"player_experience":161520,"relics_obtained":[{"floor":7,"key":"Lantern"},{"floor":9,"key":"Letter Opener"},{"floor":10,"key":"Oddly Smooth Stone"}],"event_choices":[{"damage_healed":0,"gold_gain":0,"player_choice":"Grow","damage_taken":0,"max_hp_gain":0,"max_hp_loss":0,"event_name":"Living Wall","floor":12,"gold_loss":0,"cards_upgraded":["Searing Blow"]},{"damage_healed":0,"gold_gain":0,"player_choice":"Success","damage_taken":7,"relics_obtained":["War Paint"],"max_hp_gain":0,"max_hp_loss":0,"event_name":"Scrap Ooze","floor":13,"gold_loss":0}],"is_beta":false,"boss_relics":[],"items_purged_floors":[],"is_endless":false,"potions_floor_spawned":[3,4,5,8,14],"killed_by":"Slime Boss","ascension_level":2}