{"gold_per_floor":[116,57,73,91,91,117,117,142,190,190],"floor_reached":10,"playtime":1631,"items_purged":[],"score":141,"play_id":"91cec208-662f-44e9-a7d7-31cbe9833a11","local_time":"20190419210149","is_ascension_mode":true,"campfire_choices":[{"data":"Inflame","floor":7,"key":"SMITH"}],"neow_cost":"NONE","seed_source_timestamp":167498161562800,"circlet_count":0,"master_deck":["AscendersBane","Strike_R","Strike_R","Strike_R","Strike_R","Strike_R","Defend_R","Defend_R","Defend_R","Defend_R","Bash","Wild Strike+1","Anger","True Grit","Sword Boomerang","Inflame+1","Seeing Red"],"relics":["Burning Blood","Letter Opener","Smiling Mask","Bag of Marbles"],"potions_floor_usage":[10,10,10],"damage_taken":[{"damage":12,"enemies":"Small Slimes","floor":1,"turns":4},{"damage":6,"enemies":"Jaw Worm","floor":3,"turns":4},{"damage":6,"enemies":"2 Louse","floor":4,"turns":2},{"damage":32,"enemies":"Gremlin Nob","floor":6,"turns":4},{"damage":30,"enemies":"3 Sentries","floor":8,"turns":7},{"damage":20,"enemies":"Gremlin Nob","floor":10,"turns":4}],"seed_played":"499500780172216376","potions_obtained":[{"floor":1,"key":"Ancient Potion"},{"floor":6,"key":"EntropicBrew"}],"is_trial":false,"path_per_floor":["?"],"character_chosen":"IRONCLAD","items_purchased":["Anger"],"campfire_rested":0,"item_purchase_floors":[2],"current_hp_per_floor":[69,69,69,69,69,43,43,19,19,0],"gold":190,"neow_bonus":"TEN_PERCENT_HP_BONUS","is_prod":false,"is_daily":false,"chose_seed":false,"campfire_upgraded":1,"win_rate":0,"timestamp":1555704109,"path_taken":["M","$","M","M","?","E","R","E","T","E"],"build_version":"2019-01-23","purchased_purges":0,"victory":false,"max_hp_per_floor":[82,82,82,82,82,82,82,82,82,82],"card_choices":[{"not_picked":["Rupture","Entrench"],"picked":"Wild Strike","floor":1},{"not_picked":["Headbutt","Whirlwind"],"picked":"True Grit","floor":3},{"not_picked":["Armaments","Shrug It Off"],"picked":"Sword Boomerang","floor":4},{"not_picked":["Carnage","Havoc"],"picked":"Inflame","floor":6},{"not_picked":["Double Tap","Power Through"],"picked":"Seeing Red","floor":8}],"player_experience":653811,"relics_obtained":[{"floor":6,"key":"Letter Opener"},{"floor":8,"key":"Smiling Mask"},{"floor":9,"key":"Bag of Marbles"}],"event_choices":[{"damage_healed":0,"gold_gain":0,"player_choice":"Grow","damage_taken":0,"max_hp_gain":0,"max_hp_loss":0,"event_name":"Living Wall","floor":5,"gold_loss":0,"cards_upgraded":["Wild Strike"]}],"is_beta":false,"boss_relics":[],"items_purged_floors":[],"is_endless":false,"potions_floor_spawned":[1,6],"killed_by":"Gremlin Nob","ascension_level":17}