{"path_per_floor":["M","M","?","M","M","R","E","M","T","R","M","E","R","M","R","B",null,"M","M","M","$"],"character_chosen":"IRONCLAD","items_purchased":["Frozen Egg 2","Kunai"],"gold_per_floor":[110,127,227,246,265,265,299,309,333,333,350,381,381,395,395,497,497,517,530,550,51],"floor_reached":22,"campfire_rested":0,"playtime":1034,"current_hp_per_floor":[80,80,80,83,85,85,77,83,83,83,76,52,52,52,52,64,94,70,51,20,20],"items_purged":[],"gold":51,"score":200,"play_id":"43ba6480-3fed-414f-8947-0f1efd5db0de","is_prod":false,"is_daily":false,"is_ascension_mode":false,"campfire_upgraded":4,"path_taken":["M","M","?","M","M","R","E","M","T","R","?","E","R","M","R","BOSS","M","M","?","$","?"],"build_version":"2018-02-12-PROD1","purchased_purges":0,"victory":false,"master_deck":["Strike_R","Strike_R","Strike_R","Strike_R","Strike_R","Defend_R","Defend_R","Defend_R","Defend_R","Bash","Feed+1","Whirlwind+1","Demon Form+1","Heavy Blade+1","Double Tap","Armaments+1","Heavy Blade"],"max_hp_per_floor":[80,80,80,83,86,86,86,86,86,86,90,90,90,90,90,94,94,94,94,94,94],"relics":["Burning Blood","Pantograph","Oddly Smooth Stone","Bag of Marbles","Black Star","Frozen Egg 2","Kunai"],"card_choices":[{"not_picked":["Armaments","Evolve"],"picked":"Feed"},{"not_picked":["Warcry","Pommel Strike"],"picked":"Whirlwind"},{"not_picked":["Sword Boomerang","Iron Wave"],"picked":"Demon Form"},{"not_picked":["Armaments","Uppercut"],"picked":"Heavy Blade"},{"not_picked":["Feed","Barricade"],"picked":"Double Tap"},{"not_picked":["Hemokinesis","Clothesline"],"picked":"Armaments"},{"not_picked":["Thunderclap","True Grit"],"picked":"Heavy Blade"}],"player_experience":87027,"potions_floor_usage":[20,20],"damage_taken":[{"damage":0.0,"enemies":"Small Slimes","floor":1.0,"turns":3.0},{"damage":6.0,"enemies":"Blue Slaver","floor":2.0,"turns":9.0},{"damage":1.0,"enemies":"Cultist","floor":4.0,"turns":4.0},{"damage":7.0,"enemies":"Gremlin Gang","floor":5.0,"turns":3.0},{"damage":14.0,"enemies":"3 Sentries","floor":7.0,"turns":4.0},{"damage":0.0,"enemies":"3 Louse","floor":8.0,"turns":2.0},{"damage":17.0,"enemies":"Exordium Wildlife","floor":11.0,"turns":6.0},{"damage":30.0,"enemies":"Gremlin Nob","floor":12.0,"turns":5.0},{"damage":6.0,"enemies":"2 Fungi Beasts","floor":14.0,"turns":2.0},{"damage":23.0,"enemies":"The Guardian","floor":16.0,"turns":9.0},{"damage":30.0,"enemies":"Shell Parasite","floor":18.0,"turns":8.0},{"damage":34.0,"enemies":"Spheric Guardian","floor":19.0,"turns":6.0},{"damage":37,"enemies":"Snake Plant","floor":20,"turns":8},{"damage":22,"enemies":"Chosen and Byrds","floor":22,"turns":4}],"event_choices":[{"event_name":"Golden Shrine","player_choice":"Pray","floor":3.0,"damage_taken":0.0}],"boss_relics":[],"potions_floor_spawned":[1,8,11,12,16,18,19],"seed_played":"6644380714991593640","killed_by":"Chosen and Byrds","ascension_level":0,"is_trial":false}