{"gold_per_floor":[115,115,129,149,169,197,213,213,239,258,272,297,297,328,328,424,424,436,454,454,138,138,138,148,480,480,480,510,510,536,186,186,289,289,309,309,309,309,319,349,237,252,252,285,27,27,57,67,67,67],"floor_reached":51,"playtime":2669,"items_purged":["Strike_R"],"score":1148,"play_id":"11f4c9c0-f21f-4ad0-a249-c14240050c07","local_time":"20190416225403","is_ascension_mode":true,"campfire_choices":[{"data":"Metallicize","floor":15.0,"key":"SMITH"},{"data":"Spot Weakness","floor":23.0,"key":"SMITH"},{"data":"Disarm","floor":27.0,"key":"SMITH"},{"data":"Spot Weakness","floor":32.0,"key":"SMITH"},{"data":"Limit Break","floor":46,"key":"SMITH"},{"floor":49,"key":"REST"}],"neow_cost":"NONE","seed_source_timestamp":43253629963218,"circlet_count":0,"master_deck":["Strike_R","Strike_R","Defend_R","Defend_R","Defend_R","Defend_R","Bash","Fire Breathing","Headbutt","Iron Wave","Double Tap","Sword Boomerang","Battle Trance","Uppercut","Thunderclap","Cleave","Metallicize+1","Flame Barrier","Spot Weakness+1","Clothesline","Disarm+1","Spot Weakness+1","Sentinel+1","Clothesline+1","Madness","Madness","Headbutt+1","Fire Breathing+1","Heavy Blade+1","Decay","Flame Barrier+1","Limit Break+1","Panache+1","Battle Trance","Heavy Blade+1"],"special_seed":0,"relics":["Black Blood","Anchor","Red Skull","Orichalcum","Bag of Marbles","Gremlin Horn","Dream Catcher","Pantograph","MutagenicStrength","Old Coin","Pear","Frozen Egg 2","PreservedInsect","Membership Card","Juzu Bracelet","Bag of Preparation","Cursed Key","Bottled Tornado","Vajra","Mercury Hourglass","Sundial","Happy Flower","Art of War"],"potions_floor_usage":[48],"damage_taken":[{"damage":6.0,"enemies":"Cultist","floor":1.0,"turns":4.0},{"damage":2.0,"enemies":"2 Louse","floor":3.0,"turns":3.0},{"damage":10.0,"enemies":"Small Slimes","floor":4.0,"turns":3.0},{"damage":1.0,"enemies":"Looter","floor":5.0,"turns":2.0},{"damage":13.0,"enemies":"Gremlin Nob","floor":6.0,"turns":4.0},{"damage":20.0,"enemies":"3 Louse","floor":7.0,"turns":3.0},{"damage":7.0,"enemies":"Blue Slaver","floor":10.0,"turns":3.0},{"damage":9.0,"enemies":"Exordium Thugs","floor":11.0,"turns":4.0},{"damage":14.0,"enemies":"Lagavulin","floor":12.0,"turns":4.0},{"damage":7.0,"enemies":"Gremlin Nob","floor":14.0,"turns":3.0},{"damage":24.0,"enemies":"Slime Boss","floor":16.0,"turns":6.0},{"damage":20.0,"enemies":"Shell Parasite","floor":18.0,"turns":6.0},{"damage":7.0,"enemies":"Spheric Guardian","floor":19.0,"turns":4.0},{"damage":6.0,"enemies":"Centurion and Healer","floor":24.0,"turns":6.0},{"damage":23.0,"enemies":"Book of Stabbing","floor":25.0,"turns":5.0},{"damage":29.0,"enemies":"Slavers","floor":28.0,"turns":3.0},{"damage":12.0,"enemies":"Colosseum Slavers","floor":29.0,"turns":2.0},{"damage":10.0,"enemies":"Book of Stabbing","floor":30.0,"turns":6.0},{"damage":70.0,"enemies":"Collector","floor":33.0,"turns":11.0},{"damage":2,"enemies":"3 Shapes","floor":35,"turns":6},{"damage":4,"enemies":"Orb Walker","floor":39,"turns":3},{"damage":0,"enemies":"Nemesis","floor":40,"turns":5},{"damage":25,"enemies":"Maw","floor":42,"turns":8},{"damage":0,"enemies":"Reptomancer","floor":44,"turns":3},{"damage":20,"enemies":"Giant Head","floor":47,"turns":6},{"damage":30,"enemies":"Spire Growth","floor":48,"turns":5},{"damage":62,"enemies":"Donu and Deca","floor":50,"turns":6}],"seed_played":"8350952205377296099","potions_obtained":[{"floor":1.0,"key":"Energy Potion"},{"floor":5.0,"key":"Block Potion"},{"floor":10.0,"key":"Strength Potion"},{"floor":11.0,"key":"Weak Potion"},{"floor":12.0,"key":"BloodPotion"},{"floor":25.0,"key":"BloodPotion"},{"floor":28.0,"key":"LiquidBronze"},{"floor":35,"key":"Ancient Potion"},{"floor":47,"key":"Block Potion"}],"is_trial":false,"path_per_floor":["M","?","M","M","M","E","M","?","T","M","M","E","T","E","R","B",null,"M","M","?","$","?","R","M","E","T","R","E","?","E","$","R","B",null,"M","?","?","?","M","E","$","M","T","E","$","R","E","M","R","B",null],"character_chosen":"IRONCLAD","items_purchased":["Pantograph","Spot Weakness","Membership Card","Juzu Bracelet","Bag of Preparation","Vajra","Happy Flower","Limit Break","Panache+1","Battle Trance"],"campfire_rested":1,"item_purchase_floors":[21,21,31,31,31,41,45,45,45,45],"current_hp_per_floor":[80,73,77,73,78,71,57,57,57,56,53,45,45,44,44,26,67,57,60,60,60,60,60,64,59,69,69,50,48,48,48,48,22,73,81,81,81,70,76,86,86,71,71,81,81,81,71,51,78,38],"gold":67,"neow_bonus":"RANDOM_COMMON_RELIC","is_prod":false,"is_daily":false,"chose_seed":false,"campfire_upgraded":5,"win_rate":0,"timestamp":1555469643,"path_taken":["M","?","M","M","M","E","M","?","T","M","?","E","?","E","R","BOSS","M","M","?","$","?","R","M","E","T","R","E","?","E","$","R","BOSS","M","?","?","?","M","E","$","M","T","E","$","R","E","M","R","BOSS"],"build_version":"2019-01-23","purchased_purges":1,"victory":true,"max_hp_per_floor":[80,80,80,80,80,80,80,80,80,80,80,80,80,80,80,80,80,80,80,80,80,80,80,80,80,90,90,90,90,90,90,90,90,90,90,90,90,90,90,90,90,90,90,90,90,90,90,90,90,90],"card_choices":[{"not_picked":["Flex","Cleave"],"picked":"Fire Breathing","floor":1.0},{"not_picked":["Wild Strike","Clash"],"picked":"Headbutt","floor":3.0},{"not_picked":["Clothesline","Pommel Strike"],"picked":"Iron Wave","floor":4.0},{"not_picked":["Clothesline","Combust"],"picked":"Double Tap","floor":5.0},{"not_picked":["Sever Soul","Reckless Charge"],"picked":"Sword Boomerang","floor":6.0},{"not_picked":["Dual Wield","Perfected Strike"],"picked":"Battle Trance","floor":7.0},{"not_picked":["Combust","Havoc"],"picked":"Uppercut","floor":10.0},{"not_picked":["Headbutt","Reaper"],"picked":"Thunderclap","floor":11.0},{"not_picked":["Wild Strike","Burning Pact"],"picked":"Cleave","floor":12.0},{"not_picked":["Burning Pact","Flex"],"picked":"Metallicize","floor":14.0},{"not_picked":["Feed","Double Tap"],"picked":"Barricade","floor":16.0},{"not_picked":["Wild Strike","Flex","Rage"],"picked":"SKIP","floor":18.0},{"not_picked":["Twin Strike","Clash+1"],"picked":"Flame Barrier","floor":19.0},{"not_picked":["Cleave","Heavy Blade"],"picked":"Clothesline","floor":24.0},{"not_picked":["Anger","Corruption"],"picked":"Disarm","floor":25.0},{"not_picked":["Heavy Blade","Flex"],"picked":"Spot Weakness","floor":28.0},{"not_picked":["Exhume","Flex"],"picked":"Sentinel+1","floor":30.0},{"not_picked":["Seeing Red","Havoc"],"picked":"Clothesline+1","floor":35},{"not_picked":["Clash","True Grit+1"],"picked":"Headbutt+1","floor":39},{"not_picked":["Shockwave+1","Flex"],"picked":"Fire Breathing+1","floor":40},{"not_picked":["Carnage+1","Pommel Strike"],"picked":"Heavy Blade+1","floor":42},{"not_picked":["Clash","Inflame+1"],"picked":"Flame Barrier+1","floor":44},{"not_picked":["Double Tap","Bloodletting"],"picked":"Heavy Blade+1","floor":47},{"not_picked":["Havoc+1","Warcry","Evolve+1"],"picked":"SKIP","floor":48}],"player_experience":309868,"relics_obtained":[{"floor":6.0,"key":"Red Skull"},{"floor":9.0,"key":"Orichalcum"},{"floor":12.0,"key":"Bag of Marbles"},{"floor":13.0,"key":"Gremlin Horn"},{"floor":14.0,"key":"Dream Catcher"},{"floor":25.0,"key":"Old Coin"},{"floor":26.0,"key":"Pear"},{"floor":28.0,"key":"Frozen Egg 2"},{"floor":30.0,"key":"PreservedInsect"},{"floor":40,"key":"Bottled Tornado"},{"floor":43,"key":"Mercury Hourglass"},{"floor":44,"key":"Sundial"},{"floor":47,"key":"Art of War"}],"event_choices":[{"cards_removed":["Strike_R"],"damage_healed":0.0,"max_hp_gain":0.0,"max_hp_loss":0.0,"gold_gain":0.0,"event_name":"Golden Wing","player_choice":"Card Removal","floor":2.0,"gold_loss":0.0,"damage_taken":7.0},{"cards_removed":["Strike_R"],"damage_healed":0.0,"max_hp_gain":0.0,"max_hp_loss":0.0,"gold_gain":0.0,"event_name":"Purifier","player_choice":"Purged","floor":8.0,"gold_loss":0.0,"damage_taken":0.0},{"damage_healed":0.0,"max_hp_gain":0.0,"max_hp_loss":0.0,"gold_gain":0.0,"event_name":"Vampires","player_choice":"Ignored","floor":20.0,"gold_loss":0.0,"damage_taken":0.0},{"damage_healed":0.0,"max_hp_gain":0.0,"max_hp_loss":0.0,"gold_gain":0.0,"event_name":"Drug Dealer","player_choice":"Inject Mutagens","floor":22.0,"gold_loss":0.0,"damage_taken":0.0,"relics_obtained":["MutagenicStrength"]},{"damage_healed":0.0,"max_hp_gain":0.0,"max_hp_loss":0.0,"gold_gain":0.0,"event_name":"Colosseum","player_choice":"Fight","floor":29.0,"gold_loss":0.0,"damage_taken":0.0},{"damage_healed":0.0,"max_hp_gain":0.0,"max_hp_loss":0.0,"gold_gain":0.0,"event_name":"Colosseum","player_choice":"Fled From Nobs","floor":29.0,"gold_loss":0.0,"damage_taken":0.0},{"damage_healed":0,"gold_gain":0,"player_choice":"Ignored","damage_taken":0,"max_hp_gain":0,"max_hp_loss":0,"event_name":"Tomb of Lord Red Mask","floor":36,"gold_loss":0},{"cards_removed":["Barricade"],"damage_healed":0,"gold_gain":0,"player_choice":"Removed Power","damage_taken":0,"max_hp_gain":0,"max_hp_loss":0,"event_name":"Falling","floor":37,"gold_loss":0},{"damage_healed":0,"gold_gain":0,"player_choice":"Embrace Madness","damage_taken":11,"max_hp_gain":0,"max_hp_loss":0,"event_name":"Winding Halls","floor":38,"gold_loss":0,"cards_obtained":["Madness","Madness"]}],"is_beta":false,"boss_relics":[{"not_picked":["Empty Cage","Ectoplasm"],"picked":"Black Blood"},{"not_picked":["Runic Dome","Pandora\u0027s Box"],"picked":"Cursed Key"}],"items_purged_floors":[41],"is_endless":false,"potions_floor_spawned":[1,5,10,11,12,25,28,35,47],"ascension_level":5}