{"gold_per_floor":[112,92,112,130,142,142,172,183,230,263,275,275,294,306,306,401,401,421,198,198,198,216,216,235,268,268,268,19,30,30,57,57,159,159,176,190,210,221,238,272,272,29,29,29,361,381,381,415,415,415],"floor_reached":51,"playtime":3355,"items_purged":["Strike_G","Regret"],"score":1453,"play_id":"2e0d1361-92df-4058-a74c-d90db6ee750a","local_time":"20190323133811","is_ascension_mode":true,"campfire_choices":[{"data":"Neutralize","floor":6.0,"key":"SMITH"},{"data":"Cloak And Dagger","floor":12.0,"key":"SMITH"},{"data":"Noxious Fumes","floor":15.0,"key":"SMITH"},{"floor":23.0,"key":"REST"},{"data":"A Thousand Cuts","floor":27.0,"key":"SMITH"},{"data":"Footwork","floor":32.0,"key":"SMITH"},{"floor":47,"key":"RECALL"},{"data":"Infinite Blades","floor":49,"key":"SMITH"}],"neow_cost":"NONE","seed_source_timestamp":384074875265799,"circlet_count":0,"master_deck":["Defend_G","Defend_G","Defend_G","Defend_G","Defend_G","Strike_G","Strike_G","Survivor","Neutralize+1","Backstab","Infinite Blades+1","Backflip","Cloak And Dagger+1","Dagger Spray","Backstab","PiercingWail+1","Outmaneuver+1","Deflect+1","Noxious Fumes+1","A Thousand Cuts+1","Quick Slash","Accuracy","Backstab","Cloak And Dagger+1","Footwork+1","Quick Slash","Deflect+1","Ghostly+1","Ghostly+1","Ghostly+1","Ghostly+1","Ghostly+1","Night Terror+1","Well Laid Plans+1","Parasite","Choke+1","Storm of Steel+1","Crippling Poison+1"],"special_seed":0,"relics":["Ring of the Snake","Blood Vial","PreservedInsect","Toxic Egg 2","Cursed Key","MutagenicStrength","Bag of Marbles","Ornamental Fan","Letter Opener","Calipers","Busted Crown","Happy Flower","Vajra","Old Coin","Sundial"],"potions_floor_usage":[40,40,40,40,50],"damage_taken":[{"damage":0.0,"enemies":"Jaw Worm","floor":1.0,"turns":7.0},{"damage":1.0,"enemies":"Cultist","floor":3.0,"turns":3.0},{"damage":0.0,"enemies":"2 Louse","floor":4.0,"turns":3.0},{"damage":4.0,"enemies":"Looter","floor":5.0,"turns":4.0},{"damage":22.0,"enemies":"Lagavulin","floor":7.0,"turns":10.0},{"damage":8.0,"enemies":"3 Louse","floor":8.0,"turns":2.0},{"damage":7.0,"enemies":"3 Sentries","floor":10.0,"turns":6.0},{"damage":2.0,"enemies":"Exordium Wildlife","floor":11.0,"turns":6.0},{"damage":0.0,"enemies":"2 Fungi Beasts","floor":13.0,"turns":2.0},{"damage":7.0,"enemies":"Exordium Thugs","floor":14.0,"turns":5.0},{"damage":6.0,"enemies":"Hexaghost","floor":16.0,"turns":9.0},{"damage":8.0,"enemies":"Spheric Guardian","floor":18.0,"turns":6.0},{"damage":5.0,"enemies":"Chosen","floor":22.0,"turns":5.0},{"damage":0.0,"enemies":"Sentry and Sphere","floor":24.0,"turns":3.0},{"damage":8.0,"enemies":"Gremlin Leader","floor":25.0,"turns":5.0},{"damage":0.0,"enemies":"Snake Plant","floor":29.0,"turns":1.0},{"damage":2.0,"enemies":"Book of Stabbing","floor":31.0,"turns":4.0},{"damage":2.0,"enemies":"Champ","floor":33.0,"turns":11.0},{"damage":0.0,"enemies":"3 Darklings","floor":35.0,"turns":2.0},{"damage":0.0,"enemies":"Orb Walker","floor":36.0,"turns":3.0},{"damage":12.0,"enemies":"Writhing Mass","floor":37.0,"turns":7.0},{"damage":9.0,"enemies":"3 Darklings","floor":38.0,"turns":3.0},{"damage":2.0,"enemies":"Maw","floor":39.0,"turns":9.0},{"damage":8,"enemies":"Nemesis","floor":40,"turns":2},{"damage":0,"enemies":"Giant Head","floor":45,"turns":7},{"damage":5,"enemies":"4 Shapes","floor":46,"turns":5},{"damage":0,"enemies":"Nemesis","floor":48,"turns":5},{"damage":4,"enemies":"Time Eater","floor":50,"turns":11}],"seed_played":"7267447184915833673","potions_obtained":[{"floor":1.0,"key":"GamblersBrew"},{"floor":2.0,"key":"EntropicBrew"},{"floor":3.0,"key":"SkillPotion"},{"floor":4.0,"key":"GhostInAJar"},{"floor":10.0,"key":"Strength Potion"},{"floor":16.0,"key":"Dexterity Potion"},{"floor":22.0,"key":"Fire Potion"},{"floor":25.0,"key":"EssenceOfSteel"},{"floor":33.0,"key":"Explosive Potion"},{"floor":35.0,"key":"Strength Potion"},{"floor":45,"key":"Swift Potion"},{"floor":46,"key":"Fire Potion"}],"is_trial":false,"path_per_floor":["?","M","?","?","?","?","?"],"character_chosen":"THE_SILENT","items_purchased":["Accuracy","Backstab","Letter Opener","Vajra"],"campfire_rested":1,"item_purchase_floors":[19,19,28,42],"current_hp_per_floor":[63,63,62,62,58,58,36,30,30,25,25,25,27,22,22,18,57,51,51,51,38,35,57,59,53,53,53,53,55,37,35,35,35,37,37,37,25,18,18,12,32,32,32,32,32,27,27,29,29,27],"gold":415,"neow_bonus":"TRANSFORM_CARD","is_prod":false,"is_daily":false,"chose_seed":false,"campfire_upgraded":6,"win_rate":0,"timestamp":1553373491,"path_taken":["M","?","M","M","M","R","E","M","T","E","M","R","M","?","R","BOSS","M","$","?","?","M","R","M","E","T","R","$","M","?","E","R","BOSS","M","M","M","M","M","E","?","$","T","?","E","M","R","E","R","BOSS"],"build_version":"2019-01-23","purchased_purges":2,"victory":true,"max_hp_per_floor":[70,70,70,70,70,70,70,70,70,70,70,70,70,70,70,70,70,70,70,70,75,75,75,75,75,75,75,75,75,37,37,37,37,37,37,37,37,37,37,37,32,32,32,32,32,32,32,32,32,32],"card_choices":[{"not_picked":["Eviscerate","Prepared"],"picked":"Backstab","floor":1.0},{"not_picked":["Bouncing Flask","Bane"],"picked":"Infinite Blades","floor":3.0},{"not_picked":["Dodge and Roll","Sucker Punch"],"picked":"Backflip","floor":4.0},{"not_picked":["Slice","Deflect"],"picked":"Cloak And Dagger","floor":5.0},{"not_picked":["Deadly Poison","Acrobatics"],"picked":"Dagger Spray","floor":7.0},{"not_picked":["Catalyst","Concentrate"],"picked":"Backstab","floor":8.0},{"not_picked":["Masterful Stab","Deflect"],"picked":"PiercingWail","floor":10.0},{"not_picked":["Endless Agony","Quick Slash"],"picked":"Outmaneuver+1","floor":11.0},{"not_picked":["Well Laid Plans","Deadly Poison+1"],"picked":"Deflect+1","floor":13.0},{"not_picked":["Corpse Explosion+1","Poisoned Stab"],"picked":"Noxious Fumes","floor":14.0},{"not_picked":["Die Die Die","Phantasmal Killer+1"],"picked":"A Thousand Cuts","floor":16.0},{"not_picked":["Crippling Poison+1","Prepared+1"],"picked":"Quick Slash","floor":18.0},{"not_picked":["Choke","Caltrops"],"picked":"Cloak And Dagger+1","floor":22.0},{"not_picked":["Heel Hook+1","PiercingWail+1"],"picked":"Footwork","floor":24.0},{"not_picked":["Prepared+1","PiercingWail+1"],"picked":"Quick Slash","floor":25.0},{"not_picked":["Choke","Finisher"],"picked":"Deflect+1","floor":29.0},{"not_picked":["Dagger Spray","Calculated Gamble+1","Outmaneuver+1"],"picked":"SKIP","floor":31.0},{"not_picked":["Wraith Form v2","Glass Knife"],"picked":"Night Terror+1","floor":33.0},{"not_picked":["Slice+1"],"picked":"SKIP","floor":35.0},{"not_picked":[],"picked":"Well Laid Plans+1","floor":36.0},{"not_picked":["Bane+1"],"picked":"SKIP","floor":37.0},{"not_picked":[],"picked":"Choke+1","floor":38.0},{"not_picked":["Deadly Poison+1"],"picked":"SKIP","floor":39.0},{"not_picked":["Masterful Stab+1"],"picked":"SKIP","floor":40},{"not_picked":[],"picked":"Storm of Steel+1","floor":45},{"not_picked":["Distraction+1"],"picked":"SKIP","floor":46},{"not_picked":[],"picked":"Crippling Poison+1","floor":48}],"player_experience":108025,"relics_obtained":[{"floor":7.0,"key":"Blood Vial"},{"floor":9.0,"key":"PreservedInsect"},{"floor":10.0,"key":"Toxic Egg 2"},{"floor":25.0,"key":"Bag of Marbles"},{"floor":26.0,"key":"Ornamental Fan"},{"floor":31.0,"key":"Calipers"},{"floor":40,"key":"Happy Flower"},{"floor":45,"key":"Old Coin"},{"floor":48,"key":"Sundial"}],"event_choices":[{"damage_healed":0.0,"max_hp_gain":0.0,"max_hp_loss":0.0,"gold_gain":0.0,"event_name":"The Woman in Blue","player_choice":"Bought 1 Potion","floor":2.0,"gold_loss":0.0,"damage_taken":0.0},{"damage_healed":0.0,"max_hp_gain":0.0,"max_hp_loss":0.0,"gold_gain":0.0,"event_name":"Drug Dealer","player_choice":"Inject Mutagens","floor":20.0,"gold_loss":0.0,"damage_taken":0.0,"relics_obtained":["MutagenicStrength"]},{"damage_healed":0.0,"max_hp_gain":5.0,"max_hp_loss":0.0,"gold_gain":0.0,"event_name":"Forgotten Altar","player_choice":"Shed Blood","floor":21.0,"gold_loss":0.0,"damage_taken":18.0},{"damage_healed":0.0,"max_hp_gain":0.0,"max_hp_loss":38.0,"gold_gain":0.0,"event_name":"Ghosts","player_choice":"Became a Ghost","floor":30.0,"gold_loss":0.0,"damage_taken":0.0,"cards_obtained":["Ghostly","Ghostly","Ghostly","Ghostly","Ghostly"]},{"damage_healed":32,"gold_gain":0,"player_choice":"Heal","damage_taken":0,"max_hp_gain":0,"max_hp_loss":5,"event_name":"The Moai Head","floor":41,"gold_loss":0},{"cards_removed":["Strike_G"],"damage_healed":0,"gold_gain":0,"player_choice":"Removed Attack","damage_taken":0,"max_hp_gain":0,"max_hp_loss":0,"event_name":"Falling","floor":44,"gold_loss":0}],"is_beta":false,"boss_relics":[{"not_picked":["Coffee Dripper","Sozu"],"picked":"Cursed Key"},{"not_picked":["White Beast Statue","Pandora\u0027s Box"],"picked":"Busted Crown"}],"items_purged_floors":[19,42],"is_endless":false,"potions_floor_spawned":[1,3,4,10,13,16,22,25,31,33,35,36,45,46],"ascension_level":6}