{"gold_per_floor":[113,125,135,150,170,202,202,229,229,229,239,257,288,268,268,268],"floor_reached":16,"playtime":1255,"items_purged":[],"score":161,"play_id":"c65de0c3-5b53-4737-8474-7874162ceadc","local_time":"20181110111415","is_ascension_mode":true,"campfire_choices":[{"floor":7,"key":"REST"},{"floor":15,"key":"REST"}],"neow_cost":"NONE","seed_source_timestamp":238366013922300,"circlet_count":0,"master_deck":["Defend_G","Defend_G","Defend_G","Defend_G","Defend_G","Strike_G","Strike_G","Strike_G","Strike_G","Strike_G","Survivor","Neutralize","Backflip","Noxious Fumes","Grand Finale","Backflip","Backflip","Prepared","Noxious Fumes","Regret","Quick Slash","Backflip","Expertise"],"relics":["Ring of the Snake","Letter Opener","Shovel","FossilizedHelix","Kunai","Torii"],"potions_floor_usage":[6,8,13],"damage_taken":[{"damage":0,"enemies":"Small Slimes","floor":1,"turns":4},{"damage":3,"enemies":"2 Louse","floor":2,"turns":4},{"damage":8,"enemies":"Cultist","floor":3,"turns":6},{"damage":12,"enemies":"Exordium Wildlife","floor":4,"turns":6},{"damage":12,"enemies":"Large Slime","floor":5,"turns":8},{"damage":24,"enemies":"3 Sentries","floor":6,"turns":9},{"damage":7,"enemies":"Lagavulin","floor":8,"turns":7},{"damage":3,"enemies":"Looter","floor":11,"turns":5},{"damage":10,"enemies":"Exordium Thugs","floor":12,"turns":4},{"damage":25,"enemies":"3 Sentries","floor":13,"turns":7},{"damage":26,"enemies":"Slime Boss","floor":16,"turns":7}],"seed_played":"-8168990845948043152","potions_obtained":[{"floor":5,"key":"LiquidBronze"},{"floor":6,"key":"Regen Potion"},{"floor":8,"key":"GhostInAJar"}],"is_trial":false,"path_per_floor":["M","M","M","M","M","E","R","E","T","?","M","M","E","?","R","B"],"character_chosen":"THE_SILENT","items_purchased":[],"campfire_rested":2,"item_purchase_floors":[],"current_hp_per_floor":[70,67,59,47,35,11,32,40,40,40,37,27,2,2,23,0],"gold":268,"neow_bonus":"THREE_CARDS","is_prod":false,"is_daily":false,"chose_seed":false,"campfire_upgraded":0,"win_rate":0,"timestamp":1541866455,"path_taken":["M","M","M","M","M","E","R","E","T","?","M","M","E","?","R","BOSS"],"build_version":"2018-11-08","purchased_purges":0,"victory":false,"max_hp_per_floor":[70,70,70,70,70,70,70,70,70,70,70,70,70,70,70,70],"card_choices":[{"not_picked":["Escape Plan","Distraction"],"picked":"Backflip","floor":0},{"not_picked":["Outmaneuver","Deadly Poison"],"picked":"Noxious Fumes","floor":1},{"not_picked":["Dagger Spray","Deadly Poison"],"picked":"Grand Finale","floor":2},{"not_picked":["Blade Dance","Heel Hook"],"picked":"Backflip","floor":3},{"not_picked":["Underhanded Strike","Acrobatics"],"picked":"Backflip","floor":4},{"not_picked":["Cloak And Dagger","Acrobatics"],"picked":"Prepared","floor":5},{"not_picked":["Night Terror","Finisher","Cloak And Dagger"],"picked":"SKIP","floor":6},{"not_picked":["Well Laid Plans","Terror"],"picked":"Noxious Fumes","floor":8},{"not_picked":["Crippling Poison","Dodge and Roll"],"picked":"Quick Slash","floor":11},{"not_picked":["Flying Knee","Bane"],"picked":"Backflip","floor":12},{"not_picked":["Well Laid Plans","Tactician"],"picked":"Expertise","floor":13}],"player_experience":283541,"relics_obtained":[{"floor":6,"key":"Letter Opener"},{"floor":8,"key":"Shovel"},{"floor":9,"key":"FossilizedHelix"},{"floor":13,"key":"Torii"}],"event_choices":[{"damage_healed":0,"gold_gain":0,"player_choice":"Box","damage_taken":0,"relics_obtained":["Kunai"],"max_hp_gain":0,"max_hp_loss":0,"event_name":"Big Fish","floor":10,"gold_loss":0,"cards_obtained":["Regret"]},{"damage_healed":0,"gold_gain":0,"player_choice":"Left Gold","damage_taken":0,"max_hp_gain":0,"max_hp_loss":0,"event_name":"World of Goop","floor":14,"gold_loss":20}],"is_beta":true,"boss_relics":[],"items_purged_floors":[],"is_endless":false,"potions_floor_spawned":[5,6,8],"killed_by":"Slime Boss","ascension_level":2}