{"gold_per_floor":[119,137,148,165,340,368,368,385,385,135,135,167,167,183,183,314,314,332,348,348,528,235,235,258,301,301,301,334,334,137,158,158,284,284,304,304,304,9,9,45,45,80,80,80,96,119,119,144,144,144],"floor_reached":51,"playtime":2535,"items_purged":["Doubt","Injury","Parasite"],"score":833,"play_id":"22e4f0bb-e9f7-4b92-9c29-31614be9372c","local_time":"20190408145833","is_ascension_mode":false,"campfire_choices":[{"data":"Zap","floor":7,"key":"SMITH"},{"data":"Redo","floor":15,"key":"SMITH"},{"floor":23,"key":"REST"},{"floor":27,"key":"REST"},{"data":"Barrage","floor":29,"key":"SMITH"},{"data":"Conserve Battery","floor":32,"key":"SMITH"},{"data":"Go for the Eyes","floor":41,"key":"SMITH"},{"data":"Hologram","floor":47,"key":"SMITH"},{"floor":49,"key":"REST"}],"neow_cost":"NONE","seed_source_timestamp":225028969070903,"circlet_count":0,"master_deck":["Strike_B","Strike_B+1","Strike_B","Strike_B","Defend_B","Defend_B","Defend_B","Defend_B","Zap+1","Dualcast","Barrage+1","Rebound","Rebound","Go for the Eyes+1","Stack","Cold Snap","Redo+1","Streamline","Cold Snap","Ball Lightning","Leap","Coolheaded","Leap","Conserve Battery+1","Go for the Eyes+1","Cold Snap","Cold Snap+1","Regret","Coolheaded+1","Coolheaded+1","Hologram+1","Hologram","Barrage+1","Stack"],"relics":["Cracked Core","Smiling Mask","Pen Nib","Whetstone","PreservedInsect","Bag of Preparation","Golden Idol","Cursed Key","MutagenicStrength","Runic Capacitor","Pantograph","Shuriken","Red Mask","Juzu Bracelet","Nuclear Battery","HandDrill","Centennial Puzzle","Dream Catcher","Molten Egg 2"],"potions_floor_usage":[6,6,19,33,33,40,42,50,50],"damage_taken":[{"damage":1,"enemies":"2 Louse","floor":1,"turns":2},{"damage":0,"enemies":"Small Slimes","floor":2,"turns":3},{"damage":6,"enemies":"Cultist","floor":3,"turns":3},{"damage":3,"enemies":"Exordium Wildlife","floor":4,"turns":4},{"damage":22,"enemies":"3 Sentries","floor":6,"turns":7},{"damage":7,"enemies":"2 Fungi Beasts","floor":8,"turns":3},{"damage":21,"enemies":"Lagavulin","floor":12,"turns":5},{"damage":5,"enemies":"Blue Slaver","floor":14,"turns":3},{"damage":7,"enemies":"Hexaghost","floor":16,"turns":9},{"damage":0,"enemies":"Chosen","floor":18,"turns":3},{"damage":12,"enemies":"Shell Parasite","floor":19,"turns":3},{"damage":7,"enemies":"Cultist and Chosen","floor":24,"turns":5},{"damage":26,"enemies":"Slavers","floor":25,"turns":4},{"damage":3,"enemies":"Masked Bandits","floor":28,"turns":4},{"damage":11,"enemies":"3 Cultists","floor":31,"turns":5},{"damage":41,"enemies":"Collector","floor":33,"turns":8},{"damage":0,"enemies":"Orb Walker","floor":35,"turns":2},{"damage":4,"enemies":"Giant Head","floor":40,"turns":7},{"damage":18,"enemies":"Nemesis","floor":42,"turns":3},{"damage":11,"enemies":"3 Darklings","floor":45,"turns":4},{"damage":1,"enemies":"Sphere and 2 Shapes","floor":46,"turns":4},{"damage":11,"enemies":"Writhing Mass","floor":48,"turns":4},{"damage":30,"enemies":"Awakened One","floor":50,"turns":14}],"seed_played":"-3872943764408159096","potions_obtained":[{"floor":3,"key":"Regen Potion"},{"floor":4,"key":"Fire Potion"},{"floor":6,"key":"Ancient Potion"},{"floor":8,"key":"Swift Potion"},{"floor":16,"key":"PowerPotion"},{"floor":18,"key":"LiquidBronze"},{"floor":25,"key":"SpeedPotion"},{"floor":45,"key":"Dexterity Potion"},{"floor":48,"key":"PowerPotion"}],"is_trial":false,"path_per_floor":["M","M","M","M","?","E","R","M","T","$","?","E","?","M","R","B",null,"M","M","?","?","$","R","M","E","T","R","?","R","$","M","R","B",null,"M","?","?","$","T","E","R","E","T","?","M","M","R","M","R","B",null],"character_chosen":"DEFECT","items_purchased":["PreservedInsect","Redo","Runic Capacitor","Coolheaded","Juzu Bracelet","HandDrill","AttackPotion","SteroidPotion"],"campfire_rested":3,"item_purchase_floors":[10,10,22,22,30,38,38,38],"current_hp_per_floor":[74,74,68,65,65,58,58,51,51,51,56,35,35,30,30,23,80,80,68,68,44,44,68,61,35,35,59,56,56,56,45,45,29,77,77,77,73,73,73,69,69,51,51,51,40,39,39,28,49,43],"gold":144,"neow_bonus":"RANDOM_COMMON_RELIC","is_prod":false,"is_daily":false,"chose_seed":false,"campfire_upgraded":6,"win_rate":0,"timestamp":1554749913,"path_taken":["M","M","M","M","?","E","R","M","T","$","?","E","?","M","R","BOSS","M","M","?","?","$","R","?","E","T","R","?","R","$","M","R","BOSS","M","?","?","$","?","E","R","E","T","?","M","M","R","M","R","BOSS"],"build_version":"2019-01-23","purchased_purges":3,"victory":true,"max_hp_per_floor":[75,75,75,75,75,75,75,75,75,75,80,80,80,80,80,80,80,80,80,80,80,80,80,80,80,80,80,80,80,77,77,77,77,77,77,77,73,73,73,73,73,73,73,73,73,73,73,73,73,73],"card_choices":[{"not_picked":["Stack","Double Energy"],"picked":"Barrage","floor":1},{"not_picked":["Steam","Go for the Eyes"],"picked":"Rebound","floor":2},{"not_picked":["Reinforced Body","Hello World"],"picked":"Rebound","floor":3},{"not_picked":["Conserve Battery","Self Repair"],"picked":"Go for the Eyes","floor":4},{"not_picked":["Chaos","Rip and Tear"],"picked":"Stack","floor":6},{"not_picked":["Go for the Eyes","Compile Driver"],"picked":"Cold Snap","floor":8},{"not_picked":["Hello World","FTL"],"picked":"Streamline","floor":12},{"not_picked":["Conserve Battery","Hyperbeam"],"picked":"Cold Snap","floor":14},{"not_picked":["Double Energy","Sweeping Beam"],"picked":"Ball Lightning","floor":18},{"not_picked":["Redo","Force Field"],"picked":"Leap","floor":19},{"not_picked":["Capacitor","Genetic Algorithm"],"picked":"Leap","floor":24},{"not_picked":["Leap","Buffer"],"picked":"Conserve Battery","floor":25},{"not_picked":["Loop+1","Undo"],"picked":"Go for the Eyes","floor":28},{"not_picked":["Turbo","Barrage"],"picked":"Cold Snap","floor":31},{"not_picked":["Force Field","Blizzard+1"],"picked":"Cold Snap+1","floor":35},{"not_picked":["Hello World","BootSequence"],"picked":"Coolheaded+1","floor":40},{"not_picked":["Sweeping Beam","Steam"],"picked":"Coolheaded+1","floor":42},{"not_picked":["FTL+1","Conserve Battery+1"],"picked":"Hologram","floor":45},{"not_picked":["Streamline+1","Lockon+1"],"picked":"Hologram","floor":46},{"not_picked":["Ball Lightning+1","Turbo"],"picked":"Barrage+1","floor":48},{"not_picked":["Gash+1","Reprogram"],"picked":"Stack","floor":49}],"player_experience":286361,"relics_obtained":[{"floor":6,"key":"Pen Nib"},{"floor":9,"key":"Whetstone"},{"floor":12,"key":"Bag of Preparation"},{"floor":25,"key":"Pantograph"},{"floor":26,"key":"Shuriken"},{"floor":28,"key":"Red Mask"},{"floor":39,"key":"Centennial Puzzle"},{"floor":40,"key":"Dream Catcher"},{"floor":42,"key":"Molten Egg 2"}],"event_choices":[{"damage_healed":0,"gold_gain":175,"player_choice":"AGREE","damage_taken":0,"max_hp_gain":0,"max_hp_loss":0,"event_name":"Liars Game","floor":5,"gold_loss":0,"cards_obtained":["Doubt"]},{"damage_healed":0,"gold_gain":0,"player_choice":"Donut","damage_taken":0,"max_hp_gain":5,"max_hp_loss":0,"event_name":"Big Fish","floor":11,"gold_loss":0},{"damage_healed":0,"gold_gain":0,"player_choice":"Take Wound","damage_taken":0,"relics_obtained":["Golden Idol"],"max_hp_gain":0,"max_hp_loss":0,"event_name":"Golden Idol","floor":13,"gold_loss":0,"cards_obtained":["Injury"]},{"damage_healed":0,"gold_gain":0,"player_choice":"Inject Mutagens","damage_taken":0,"relics_obtained":["MutagenicStrength"],"max_hp_gain":0,"max_hp_loss":0,"event_name":"Drug Dealer","floor":20,"gold_loss":0},{"damage_healed":0,"gold_gain":180,"player_choice":"GOLD GOLD ","damage_taken":24,"max_hp_gain":0,"max_hp_loss":0,"event_name":"Knowing Skull","floor":21,"potions_obtained":[],"gold_loss":0,"cards_obtained":[]},{"damage_healed":0,"gold_gain":0,"player_choice":"Fought Bandits","damage_taken":0,"max_hp_gain":0,"max_hp_loss":0,"event_name":"Masked Bandits","floor":28,"gold_loss":0},{"damage_healed":0,"gold_gain":0,"player_choice":"Memory 1","damage_taken":0,"max_hp_gain":0,"max_hp_loss":0,"event_name":"SensoryStone","floor":36,"gold_loss":0},{"damage_healed":0,"gold_gain":0,"player_choice":"Max HP","damage_taken":0,"max_hp_gain":0,"max_hp_loss":4,"event_name":"Winding Halls","floor":37,"gold_loss":0},{"damage_healed":0,"gold_gain":0,"player_choice":"Ignored","damage_taken":0,"max_hp_gain":0,"max_hp_loss":0,"event_name":"The Moai Head","floor":44,"gold_loss":0}],"is_beta":false,"boss_relics":[{"not_picked":["Fusion Hammer","Calling Bell"],"picked":"Cursed Key"},{"not_picked":["Pandora\u0027s Box","Tiny House"],"picked":"Nuclear Battery"}],"items_purged_floors":[10,22,30],"is_endless":false,"potions_floor_spawned":[3,4,6,8,16,18,25,45,48],"ascension_level":0}