{"gold_per_floor":[112,112,112,85,85,85,120,120,120,136,166,176,176],"floor_reached":13,"playtime":288,"items_purged":[],"score":137,"play_id":"b4f1bd19-226f-493a-b385-950aab1bc0b3","local_time":"20190406235004","is_ascension_mode":true,"campfire_choices":[{"data":"Zap","floor":6,"key":"SMITH"},{"floor":8,"key":"REST"}],"neow_cost":"NONE","seed_source_timestamp":123348982258500,"circlet_count":0,"master_deck":["AscendersBane","Strike_B","Strike_B","Strike_B","Strike_B","Defend_B","Defend_B","Defend_B","Defend_B","Zap+1","Dualcast","Reboot","Gash","Ball Lightning","Steam","Defragment","Hologram","Capacitor"],"special_seed":0,"relics":["Cracked Core","Kunai","Oddly Smooth Stone","Dodecahedron","Bag of Preparation"],"potions_floor_usage":[11],"damage_taken":[{"damage":9,"enemies":"Small Slimes","floor":1,"turns":3},{"damage":23,"enemies":"3 Sentries","floor":7,"turns":6},{"damage":0,"enemies":"2 Louse","floor":10,"turns":2},{"damage":36,"enemies":"Gremlin Nob","floor":11,"turns":4},{"damage":7,"enemies":"Jaw Worm","floor":12,"turns":3},{"damage":15,"enemies":"3 Sentries","floor":13,"turns":2}],"seed_played":"-4109839553925059390","potions_obtained":[{"floor":1,"key":"FearPotion"}],"is_trial":false,"path_per_floor":["M","?","?","$","?","R","E","R","T","M","E","M","E"],"character_chosen":"DEFECT","items_purchased":["Ball Lightning"],"campfire_rested":1,"item_purchase_floors":[4],"current_hp_per_floor":[59,59,64,64,52,52,29,53,53,53,17,10,0],"gold":176,"neow_bonus":"ONE_RANDOM_RARE_CARD","is_prod":false,"is_daily":false,"chose_seed":false,"campfire_upgraded":1,"win_rate":0,"timestamp":1554609004,"path_taken":["M","?","?","$","?","R","E","R","T","M","E","?","E"],"build_version":"2019-01-23","purchased_purges":0,"victory":false,"max_hp_per_floor":[75,75,80,80,80,80,80,80,80,80,80,80,80],"card_choices":[{"not_picked":["Tempest","White Noise"],"picked":"Gash","floor":1},{"not_picked":["BootSequence","Stack"],"picked":"Steam","floor":7},{"not_picked":["Coolheaded","Redo"],"picked":"Defragment","floor":10},{"not_picked":["Reinforced Body","Melter"],"picked":"Hologram","floor":11},{"not_picked":["Barrage","Static Discharge"],"picked":"Capacitor","floor":12}],"player_experience":565719,"relics_obtained":[{"floor":7,"key":"Oddly Smooth Stone"},{"floor":9,"key":"Dodecahedron"},{"floor":11,"key":"Bag of Preparation"}],"event_choices":[{"damage_healed":0,"gold_gain":0,"player_choice":"Ignored","damage_taken":0,"max_hp_gain":0,"max_hp_loss":0,"event_name":"Shining Light","floor":2,"gold_loss":0},{"damage_healed":0,"gold_gain":0,"player_choice":"Donut","damage_taken":0,"max_hp_gain":5,"max_hp_loss":0,"event_name":"Big Fish","floor":3,"gold_loss":0},{"damage_healed":0,"gold_gain":0,"player_choice":"Success","damage_taken":12,"relics_obtained":["Kunai"],"max_hp_gain":0,"max_hp_loss":0,"event_name":"Scrap Ooze","floor":5,"gold_loss":0}],"is_beta":false,"boss_relics":[],"items_purged_floors":[],"is_endless":false,"potions_floor_spawned":[1],"killed_by":"3 Sentries","ascension_level":10}