{"path_per_floor":["M","M","?","?","?","R","E","R","T","M","M","E","$","?","R"],"character_chosen":"THE_SILENT","items_purchased":["Pen Nib","Dash"],"gold_per_floor":[116,134,134,134,134,134,178,178,178,201,217,257,23,23,23],"floor_reached":16,"campfire_rested":3,"playtime":919,"current_hp_per_floor":[70,63,46,39,39,60,17,38,38,37,37,23,23,40,61],"items_purged":[],"gold":23,"score":108,"play_id":"5000c23e-27b0-4d16-8aae-fc54c65f1bdf","is_prod":false,"is_daily":false,"is_ascension_mode":false,"campfire_upgraded":0,"path_taken":["M","M","?","?","?","R","E","R","T","M","M","E","$","?","R","BOSS"],"build_version":"2018-02-15-PROD1","purchased_purges":1,"victory":false,"master_deck":["Defend_G","Defend_G","Defend_G","Defend_G","Defend_G","Strike_G","Strike_G","Strike_G","Strike_G","Survivor","Neutralize","Outmaneuver","Quick Slash","Flying Knee","Flying Knee","Dagger Throw","Underhanded Strike","Dash"],"max_hp_per_floor":[70,70,70,70,70,70,70,70,70,70,70,70,70,70,70],"relics":["Question Card","Golden Idol","Meat on the Bone","Omamori","Ninja Scroll","Pen Nib"],"card_choices":[{"not_picked":["Leg Sweep","Dodge and Roll","Prepared"],"picked":"Outmaneuver"},{"not_picked":["Accuracy","Sucker Punch","Underhanded Strike"],"picked":"Quick Slash"},{"not_picked":["Reflex","Slice","Deflect"],"picked":"Flying Knee"},{"not_picked":["Glass Knife","Slice","Deadly Poison"],"picked":"Flying Knee"},{"not_picked":["Deflect","Blade Dance","Poisoned Stab"],"picked":"Dagger Throw"},{"not_picked":["Wraith Form","Caltrops","Endless Agony"],"picked":"Underhanded Strike"}],"player_experience":97759,"potions_floor_usage":[7,16,16],"damage_taken":[{"damage":0,"enemies":"Small Slimes","floor":1,"turns":3},{"damage":7,"enemies":"2 Louse","floor":2,"turns":4},{"damage":43,"enemies":"Lagavulin","floor":7,"turns":10},{"damage":1,"enemies":"Jaw Worm","floor":10,"turns":6},{"damage":0,"enemies":"Blue Slaver","floor":11,"turns":6},{"damage":26,"enemies":"3 Sentries","floor":12,"turns":11},{"damage":65,"enemies":"Hexaghost","floor":16,"turns":10}],"event_choices":[{"event_name":"Golden Idol","player_choice":"Take Damage","floor":3,"damage_taken":0},{"event_name":"Golden Wing","player_choice":"Card Removal","floor":4,"damage_taken":0},{"event_name":"Liars Game","player_choice":"disagreed","floor":5,"damage_taken":0},{"event_name":"Mushrooms","player_choice":"Healed and dodged fight","floor":14,"damage_taken":0}],"boss_relics":[],"potions_floor_spawned":[1,10,12],"seed_played":"-8389983402628137232","killed_by":"Hexaghost","ascension_level":0,"is_trial":false}