{"gold_per_floor":[119,130,148,168,187,220,220,220,245,245,268,325,129,140,140,236,236,247,264,9,9],"floor_reached":21,"playtime":1188,"items_purged":["Parasite","Strike_G"],"score":201,"play_id":"89e0d224-3edd-4dd5-a114-7d1d72c7bb08","local_time":"20190127155737","is_ascension_mode":true,"campfire_choices":[{"data":"Bullet Time","floor":7,"key":"SMITH"},{"floor":15,"key":"REST"}],"neow_cost":"PERCENT_DAMAGE","seed_source_timestamp":94783822294969,"circlet_count":0,"master_deck":["Defend_G","Defend_G","Defend_G","Defend_G","Defend_G","Strike_G","Strike_G","Survivor","Neutralize","Flying Knee","Terror","Acrobatics","Prepared","Flying Knee","Bullet Time+1","Dodge and Roll","Prepared","Noxious Fumes","Flying Knee","A Thousand Cuts","Deflect+1"],"relics":["Ring of the Snake","Bag of Marbles","PreservedInsect","Tiny Chest","Black Star","Anchor"],"potions_floor_usage":[6,12,16],"damage_taken":[{"damage":1,"enemies":"Jaw Worm","floor":1,"turns":10},{"damage":0,"enemies":"2 Louse","floor":2,"turns":3},{"damage":0,"enemies":"Cultist","floor":3,"turns":3},{"damage":5,"enemies":"Exordium Wildlife","floor":4,"turns":6},{"damage":2,"enemies":"Blue Slaver","floor":5,"turns":4},{"damage":18,"enemies":"3 Sentries","floor":6,"turns":11},{"damage":12,"enemies":"Gremlin Nob","floor":12,"turns":4},{"damage":7,"enemies":"Red Slaver","floor":14,"turns":5},{"damage":12,"enemies":"Hexaghost","floor":16,"turns":12},{"damage":29,"enemies":"Spheric Guardian","floor":18,"turns":6},{"damage":19,"enemies":"Chosen","floor":19,"turns":5},{"damage":21,"enemies":"Snecko","floor":21,"turns":6}],"seed_played":"-1431071128494891021","potions_obtained":[{"floor":5,"key":"Fire Potion"},{"floor":6,"key":"Explosive Potion"},{"floor":12,"key":"Energy Potion"},{"floor":14,"key":"Dexterity Potion"}],"is_trial":false,"path_per_floor":["?","?","T","M"],"character_chosen":"THE_SILENT","items_purchased":["Prepared","Noxious Fumes","Anchor"],"campfire_rested":1,"item_purchase_floors":[13,13,20],"current_hp_per_floor":[48,48,48,43,41,23,23,40,40,40,40,28,28,21,41,29,67,38,19,19,0],"gold":9,"neow_bonus":"REMOVE_TWO","is_prod":false,"is_daily":false,"chose_seed":false,"campfire_upgraded":1,"win_rate":0,"timestamp":1548633457,"path_taken":["M","M","M","M","M","E","R","?","T","?","?","E","$","M","R","BOSS","M","M","$","?"],"build_version":"2019-01-23","purchased_purges":2,"victory":false,"max_hp_per_floor":[70,70,70,70,70,70,70,70,70,70,70,70,67,67,67,67,67,67,67,67,67],"card_choices":[{"not_picked":["Outmaneuver","Quick Slash"],"picked":"Flying Knee","floor":1},{"not_picked":["Backflip","Reflex"],"picked":"Terror","floor":2},{"not_picked":["Deflect","Flechettes"],"picked":"Acrobatics","floor":3},{"not_picked":["Slice","Riddle With Holes"],"picked":"Prepared","floor":4},{"not_picked":["Well Laid Plans","Bane"],"picked":"Flying Knee","floor":5},{"not_picked":["Flying Knee","Noxious Fumes"],"picked":"Bullet Time","floor":6},{"not_picked":["PiercingWail","Acrobatics"],"picked":"Dodge and Roll","floor":12},{"not_picked":["Deadly Poison","Catalyst"],"picked":"Flying Knee","floor":14},{"not_picked":["Doppelganger","Venomology"],"picked":"A Thousand Cuts","floor":16},{"not_picked":["Blade Dance","Catalyst"],"picked":"Deflect+1","floor":18},{"not_picked":["Sucker Punch+1","Blade Dance+1","Flechettes+1"],"picked":"SKIP","floor":19}],"player_experience":11986,"relics_obtained":[{"floor":6,"key":"Bag of Marbles"},{"floor":11,"key":"PreservedInsect"},{"floor":12,"key":"Tiny Chest"}],"event_choices":[{"damage_healed":17,"gold_gain":0,"player_choice":"Healed and dodged fight","damage_taken":0,"max_hp_gain":0,"max_hp_loss":0,"event_name":"Mushrooms","floor":8,"gold_loss":0,"cards_obtained":["Parasite"]},{"damage_healed":0,"gold_gain":0,"player_choice":"Ignored","damage_taken":0,"max_hp_gain":0,"max_hp_loss":0,"event_name":"Liars Game","floor":10,"gold_loss":0}],"is_beta":false,"boss_relics":[{"not_picked":["WristBlade","Orrery"],"picked":"Black Star"}],"items_purged_floors":[13,20],"is_endless":false,"potions_floor_spawned":[5,6,12,14],"killed_by":"Snecko","ascension_level":1}