{"gold_per_floor":[114,126,49,49,23,53,53,65,137,167,187,187,220,236,236,311,311,311,236,236,236,236,236,236,236,236,236,236,236,236,236,236,236,236,236,236,236,236,236,236,236,236,236,236,236,236,236,236],"floor_reached":48,"playtime":3641,"items_purged":["Beam Cell"],"score":1415,"play_id":"f036be3f-6ead-467f-908f-7e00fd7e9bea","local_time":"20190415033348","is_ascension_mode":true,"campfire_choices":[{"data":"Consume","floor":7.0,"key":"SMITH"},{"data":"Fission","floor":15.0,"key":"SMITH"},{"data":"Creative AI","floor":24.0,"key":"SMITH"},{"data":"Zap","floor":32.0,"key":"SMITH"},{"floor":47,"key":"RECALL"}],"neow_cost":"NONE","seed_source_timestamp":36929464823452,"circlet_count":0,"master_deck":["AscendersBane","Zap+1","Dualcast+1","Undo","Fission+1","Rainbow","Electrodynamics","Steam Power","Rebound","Lockon","Double Energy+1","Consume+1","Leap","Self Repair","Chill+1","Creative AI+1","Echo Form","Genetic Algorithm","Chill","Leap+1","Skim+1","Biased Cognition","BootSequence+1","Hologram+1","Seek+1","Fission+1","Skim+1"],"special_seed":0,"relics":["Pandora\u0027s Box","Pen Nib","PreservedInsect","Girya","Strawberry","Ectoplasm","FossilizedHelix","War Paint","Toxic Egg 2","Mango","Black Star","Torii","Oddly Smooth Stone","Bag of Marbles","Regal Pillow","Bronze Scales","Mercury Hourglass","Vajra","Bird Faced Urn","Letter Opener"],"potions_floor_usage":[],"damage_taken":[{"damage":2.0,"enemies":"Small Slimes","floor":1.0,"turns":3.0},{"damage":12.0,"enemies":"Jaw Worm","floor":2.0,"turns":3.0},{"damage":3.0,"enemies":"3 Sentries","floor":6.0,"turns":4.0},{"damage":0.0,"enemies":"Cultist","floor":8.0,"turns":3.0},{"damage":0.0,"enemies":"Lagavulin","floor":10.0,"turns":5.0},{"damage":0.0,"enemies":"3 Louse","floor":11.0,"turns":3.0},{"damage":0.0,"enemies":"3 Sentries","floor":13.0,"turns":4.0},{"damage":0.0,"enemies":"Gremlin Gang","floor":14.0,"turns":1.0},{"damage":70.0,"enemies":"Hexaghost","floor":16.0,"turns":11.0},{"damage":1.0,"enemies":"Spheric Guardian","floor":18.0,"turns":5.0},{"damage":12.0,"enemies":"3 Byrds","floor":22.0,"turns":2.0},{"damage":25.0,"enemies":"Book of Stabbing","floor":23.0,"turns":5.0},{"damage":4.0,"enemies":"Snecko","floor":25.0,"turns":8.0},{"damage":9.0,"enemies":"Centurion and Healer","floor":27.0,"turns":8.0},{"damage":0.0,"enemies":"Gremlin Leader","floor":28.0,"turns":7.0},{"damage":11.0,"enemies":"3 Cultists","floor":29.0,"turns":5.0},{"damage":0.0,"enemies":"Book of Stabbing","floor":30.0,"turns":5.0},{"damage":0.0,"enemies":"Snake Plant","floor":31.0,"turns":4.0},{"damage":22.0,"enemies":"Automaton","floor":33.0,"turns":14.0},{"damage":0.0,"enemies":"Orb Walker","floor":35.0,"turns":4.0},{"damage":3.0,"enemies":"3 Darklings","floor":37.0,"turns":3.0},{"damage":0.0,"enemies":"Mind Bloom Boss Battle","floor":38.0,"turns":9.0},{"damage":47.0,"enemies":"Transient","floor":39.0,"turns":6.0},{"damage":27.0,"enemies":"Nemesis","floor":40.0,"turns":9.0},{"damage":10.0,"enemies":"Spire Growth","floor":41.0,"turns":5.0},{"damage":0.0,"enemies":"Reptomancer","floor":42.0,"turns":8.0},{"damage":1.0,"enemies":"2 Orb Walkers","floor":45.0,"turns":5.0},{"damage":130,"enemies":"Giant Head","floor":48,"turns":8}],"seed_played":"3852629830206804955","potions_obtained":[{"floor":6.0,"key":"FocusPotion"},{"floor":8.0,"key":"Block Potion"},{"floor":11.0,"key":"AttackPotion"},{"floor":16.0,"key":"FocusPotion"},{"floor":23.0,"key":"Block Potion"},{"floor":28.0,"key":"Block Potion"},{"floor":33.0,"key":"Fire Potion"},{"floor":37.0,"key":"SpeedPotion"},{"floor":41.0,"key":"LiquidBronze"},{"floor":45.0,"key":"Block Potion"}],"is_trial":false,"path_per_floor":["M","M","$","?","$","E","R","M","T","E","M","T","E","M","R","B",null,"M","$","?","?","M","E","R","M","T","M","E","M","E","M","R","B",null,"M","?","M","?","M","E","M","E","T","T","?","?","R","E"],"character_chosen":"DEFECT","items_purchased":["Leap","Conserve Battery","Cold Snap"],"campfire_rested":0,"item_purchase_floors":[3,3,5],"current_hp_per_floor":[62,50,50,50,50,47,47,54,54,61,68,68,78,78,78,15,62,75,75,75,75,70,45,45,48,48,53,67,63,91,92,92,77,88,92,92,92,92,59,39,43,57,57,57,63,63,63,0],"gold":236,"neow_bonus":"BOSS_RELIC","is_prod":false,"is_daily":false,"chose_seed":false,"campfire_upgraded":4,"win_rate":0,"timestamp":1555292028,"path_taken":["M","M","$","?","$","E","R","M","T","E","M","?","E","?","R","BOSS","M","$","?","?","M","E","R","M","T","M","E","?","E","M","R","BOSS","M","?","M","?","M","E","M","E","T","?","?","?","R","E"],"build_version":"2019-04-04","purchased_purges":1,"victory":false,"max_hp_per_floor":[71,71,71,71,71,71,71,71,71,71,71,71,78,78,78,78,78,78,78,78,78,78,78,78,78,78,78,78,78,92,92,92,92,92,92,92,92,92,92,92,92,92,92,92,92,92,92,92],"card_choices":[{"not_picked":["Gash","Redo"],"picked":"Double Energy","floor":1.0},{"not_picked":["Beam Cell","Hologram"],"picked":"Consume","floor":2.0},{"not_picked":["Meteor Strike","Go for the Eyes"],"picked":"Self Repair","floor":6.0},{"not_picked":["Blizzard","Steam"],"picked":"Chill","floor":8.0},{"not_picked":["Aggregate","Static Discharge","Steam"],"picked":"SKIP","floor":10.0},{"not_picked":["Force Field","Reprogram","Heatsinks"],"picked":"SKIP","floor":11.0},{"not_picked":["Chaos","Lockon"],"picked":"Creative AI","floor":13.0},{"not_picked":["Ball Lightning","Gash","White Noise"],"picked":"SKIP","floor":14.0},{"not_picked":["Creative AI","Multi-Cast"],"picked":"Echo Form","floor":16.0},{"not_picked":["Barrage","Conserve Battery"],"picked":"Genetic Algorithm","floor":18.0},{"not_picked":["Conserve Battery+1","Sweeping Beam"],"picked":"Chill","floor":22.0},{"not_picked":["Doom and Gloom","Reinforced Body"],"picked":"Leap+1","floor":23.0},{"not_picked":["Chaos","Chill","Tempest"],"picked":"SKIP","floor":25.0},{"not_picked":["Cold Snap+1","Steam","Loop+1"],"picked":"SKIP","floor":27.0},{"not_picked":["Leap","Streamline","Meteor Strike"],"picked":"SKIP","floor":28.0},{"not_picked":["Chill+1","Stack+1","Compile Driver"],"picked":"SKIP","floor":29.0},{"not_picked":["Chill+1","Scrape"],"picked":"Skim+1","floor":30.0},{"not_picked":["Melter+1","Steam+1","Streamline"],"picked":"SKIP","floor":31.0},{"not_picked":["Reboot+1","Buffer"],"picked":"Biased Cognition","floor":33.0},{"not_picked":["Steam+1","Rip and Tear","Self Repair"],"picked":"SKIP","floor":35.0},{"not_picked":["Barrage","Turbo+1","Streamline+1"],"picked":"SKIP","floor":37.0},{"not_picked":["Self Repair+1","Conserve Battery+1"],"picked":"BootSequence+1","floor":39.0},{"not_picked":["Beam Cell","White Noise+1"],"picked":"Hologram+1","floor":40.0},{"not_picked":["Ball Lightning","Lockon"],"picked":"Seek+1","floor":41.0},{"not_picked":["Barrage","Aggregate+1"],"picked":"Fission+1","floor":42.0},{"not_picked":["Self Repair","Compile Driver"],"picked":"Skim+1","floor":45.0}],"player_experience":1136322,"relics_obtained":[{"floor":6.0,"key":"Pen Nib"},{"floor":10.0,"key":"PreservedInsect"},{"floor":12.0,"key":"Girya"},{"floor":13.0,"key":"Strawberry"},{"floor":23.0,"key":"FossilizedHelix"},{"floor":26.0,"key":"War Paint"},{"floor":28.0,"key":"Toxic Egg 2"},{"floor":30.0,"key":"Mango"},{"floor":38.0,"key":"Torii"},{"floor":40.0,"key":"Oddly Smooth Stone"},{"floor":40.0,"key":"Bag of Marbles"},{"floor":42.0,"key":"Regal Pillow"},{"floor":42.0,"key":"Bronze Scales"},{"floor":43.0,"key":"Mercury Hourglass"},{"floor":44.0,"key":"Vajra"},{"floor":45.0,"key":"Bird Faced Urn"}],"event_choices":[{"damage_healed":0.0,"max_hp_gain":0.0,"max_hp_loss":0.0,"gold_gain":0.0,"event_name":"Living Wall","player_choice":"Grow","floor":4.0,"gold_loss":0.0,"damage_taken":0.0,"cards_upgraded":["Double Energy"]},{"damage_healed":0.0,"max_hp_gain":0.0,"max_hp_loss":0.0,"gold_gain":0.0,"event_name":"The Mausoleum","player_choice":"Ignored","floor":20.0,"gold_loss":0.0,"damage_taken":0.0},{"damage_healed":0.0,"max_hp_gain":0.0,"max_hp_loss":0.0,"gold_gain":50.0,"event_name":"Golden Shrine","player_choice":"Pray","floor":21.0,"gold_loss":0.0,"damage_taken":0.0},{"cards_removed":["Cold Snap"],"damage_healed":0.0,"max_hp_gain":0.0,"max_hp_loss":0.0,"gold_gain":0.0,"event_name":"Falling","player_choice":"Removed Attack","floor":36.0,"gold_loss":0.0,"damage_taken":0.0},{"damage_healed":0.0,"max_hp_gain":0.0,"max_hp_loss":0.0,"gold_gain":0.0,"event_name":"MindBloom","player_choice":"Fight","floor":38.0,"gold_loss":0.0,"damage_taken":0.0},{"damage_healed":0.0,"max_hp_gain":0.0,"max_hp_loss":0.0,"gold_gain":0.0,"event_name":"Mysterious Sphere","player_choice":"Fight","floor":45.0,"gold_loss":0.0,"damage_taken":0.0},{"cards_removed":["Conserve Battery"],"damage_healed":0,"gold_gain":0,"player_choice":"Gave Card","damage_taken":0,"relics_obtained":["Letter Opener"],"max_hp_gain":0,"max_hp_loss":0,"event_name":"WeMeetAgain","floor":46,"gold_loss":0}],"is_beta":true,"boss_relics":[{"not_picked":["Tiny House","Runic Pyramid"],"picked":"Ectoplasm"},{"not_picked":["Empty Cage","Sozu"],"picked":"Black Star"}],"items_purged_floors":[19],"is_endless":false,"potions_floor_spawned":[6,8,11,16,23,25,27,28,29,33,37,41,45],"killed_by":"Giant Head","ascension_level":20}