{"gold_per_floor":[115,132,151,1,14,39,39,39,39,39,55,65,17,17,17,114,114,125,125,48,67,67,67,102,122,122,122,49,65,0,31,31,136,136,152,170,185,35,47,47,75,45,69,101,113,44,55,55,55,55],"floor_reached":51,"playtime":8371,"items_purged":["Doubt"],"score":834,"play_id":"a9d56c48-0b9f-4539-8316-b8691c4ad8d4","local_time":"20190316023739","is_ascension_mode":true,"campfire_choices":[{"data":"Neutralize","floor":7,"key":"SMITH"},{"floor":15,"key":"REST"},{"data":"Well Laid Plans","floor":23,"key":"SMITH"},{"floor":32,"key":"REST"},{"floor":40,"key":"REST"},{"floor":45,"key":"REST"},{"data":"Noxious Fumes","floor":49,"key":"SMITH"}],"neow_cost":"CURSE","seed_source_timestamp":0,"circlet_count":0,"master_deck":["Defend_G","Defend_G","Defend_G","Defend_G","Strike_G","Strike_G","Survivor","Neutralize+1","Catalyst","Well Laid Plans+1","Skewer","Deadly Poison","A Thousand Cuts","Poisoned Stab","Quick Slash","Deflect+1","Flying Knee","PiercingWail+1","Malaise+1","Calculated Gamble+1","PiercingWail+1","Crippling Poison+1","Finisher","Dodge and Roll+1","Noxious Fumes+1","Heel Hook","Dagger Throw","Glass Knife","Dash","Deflect+1","Leg Sweep+1","Blur+1","Terror+1"],"special_seed":0,"relics":["Ring of the Snake","Singing Bowl","Meat on the Bone","Toxic Egg 2","Velvet Choker","Tough Bandages","Girya","Enchiridion","Dream Catcher","HoveringKite","Bronze Scales","Pantograph","MawBank"],"potions_floor_usage":[6,24,29,33,33,37,41,41,50,50,50],"damage_taken":[{"damage":5.0,"enemies":"Cultist","floor":1.0,"turns":4.0},{"damage":0.0,"enemies":"Small Slimes","floor":2.0,"turns":4.0},{"damage":5.0,"enemies":"Jaw Worm","floor":3.0,"turns":4.0},{"damage":9.0,"enemies":"Red Slaver","floor":5.0,"turns":3.0},{"damage":12,"enemies":"3 Sentries","floor":6,"turns":8},{"damage":9,"enemies":"Blue Slaver","floor":11,"turns":3},{"damage":3,"enemies":"Looter","floor":12,"turns":3},{"damage":27,"enemies":"The Guardian","floor":16,"turns":11},{"damage":14,"enemies":"3 Byrds","floor":18,"turns":4},{"damage":15,"enemies":"2 Thieves","floor":21,"turns":5},{"damage":23,"enemies":"Gremlin Leader","floor":24,"turns":8},{"damage":20,"enemies":"Shelled Parasite and Fungi","floor":25,"turns":6},{"damage":16,"enemies":"Sentry and Sphere","floor":29,"turns":6},{"damage":3,"enemies":"Book of Stabbing","floor":31,"turns":5},{"damage":12,"enemies":"Automaton","floor":33,"turns":9},{"damage":3,"enemies":"Orb Walker","floor":35,"turns":4},{"damage":16,"enemies":"3 Darklings","floor":36,"turns":6},{"damage":11,"enemies":"Sphere and 2 Shapes","floor":37,"turns":7},{"damage":5,"enemies":"Jaw Worm Horde","floor":39,"turns":7},{"damage":43,"enemies":"Reptomancer","floor":41,"turns":7},{"damage":10,"enemies":"Maw","floor":44,"turns":9},{"damage":3,"enemies":"Sphere and 2 Shapes","floor":47,"turns":7},{"damage":10,"enemies":"Awakened One","floor":50,"turns":22}],"seed_played":"5165125069351101767","potions_obtained":[{"floor":2.0,"key":"SteroidPotion"},{"floor":12,"key":"Poison Potion"},{"floor":24,"key":"EssenceOfSteel"},{"floor":29,"key":"Weak Potion"},{"floor":31,"key":"GhostInAJar"},{"floor":35,"key":"Swift Potion"},{"floor":37,"key":"Energy Potion"},{"floor":41,"key":"Weak Potion"},{"floor":42,"key":"Swift Potion"},{"floor":42,"key":"Dexterity Potion"}],"is_trial":false,"path_per_floor":["?","?","M","?","?","$","?","M","?","?","?","M","?"],"character_chosen":"THE_SILENT","items_purchased":["Poisoned Stab","Fire Potion","PiercingWail+1","Crippling Poison+1","Noxious Fumes","Bronze Scales","Terror+1"],"campfire_rested":4,"item_purchase_floors":[4,4,13,20,28,38,46],"current_hp_per_floor":[65,65,60,60,51,39,39,27,27,27,30,39,39,39,60,45,64,50,50,50,47,52,52,43,35,35,19,19,17,17,26,48,48,68,65,51,42,42,51,75,44,44,44,46,72,72,71,71,71,74],"gold":55,"neow_bonus":"TRANSFORM_TWO_CARDS","is_prod":false,"is_daily":false,"chose_seed":false,"campfire_upgraded":3,"win_rate":0,"timestamp":1552703859,"path_taken":["M","M","M","$","M","E","R","?","T","?","M","?","$","?","R","BOSS","M","?","?","M","?","R","E","?","T","?","$","M","?","E","R","BOSS","M","M","M","$","M","R","E","?","T","?","R","$","M","?","R","BOSS"],"build_version":"2019-01-23","purchased_purges":1,"victory":true,"max_hp_per_floor":[70,70,70,70,70,70,70,70,70,70,70,70,70,70,70,70,70,70,70,70,70,70,70,72,72,72,72,72,74,74,74,74,74,74,74,76,78,78,80,80,80,80,80,80,82,82,84,84,84,84],"card_choices":[{"not_picked":["Outmaneuver","Poisoned Stab"],"picked":"Skewer","floor":1.0},{"not_picked":["Riddle With Holes","Flying Knee"],"picked":"Deadly Poison","floor":2.0},{"not_picked":["Dagger Spray","Catalyst"],"picked":"A Thousand Cuts","floor":3.0},{"not_picked":["Calculated Gamble","Setup"],"picked":"Poisoned Stab","floor":5.0},{"not_picked":["Predator","Deflect"],"picked":"Quick Slash","floor":6},{"not_picked":["Unload","Deadly Poison+1"],"picked":"Deflect+1","floor":11},{"not_picked":["Slice","Infinite Blades"],"picked":"Flying Knee","floor":12},{"not_picked":["Doppelganger+1","Storm of Steel+1"],"picked":"Malaise+1","floor":16},{"not_picked":["Well Laid Plans","Eviscerate"],"picked":"Calculated Gamble+1","floor":18},{"not_picked":["Poisoned Stab","Infinite Blades"],"picked":"Finisher","floor":21},{"not_picked":["Blade Dance+1","Slice+1","Quick Slash"],"picked":"Singing Bowl","floor":24},{"not_picked":["Dagger Throw+1","Prepared+1"],"picked":"Dodge and Roll+1","floor":25},{"not_picked":["All Out Attack","Underhanded Strike+1","Expertise+1"],"picked":"Singing Bowl","floor":29},{"not_picked":["Bane+1","Skewer"],"picked":"Heel Hook","floor":31},{"not_picked":["Blade Dance+1","Sucker Punch"],"picked":"Dagger Throw","floor":32},{"not_picked":["Adrenaline+1","Bullet Time+1"],"picked":"Glass Knife","floor":33},{"not_picked":["Masterful Stab+1","Dagger Spray+1"],"picked":"Dash","floor":35},{"not_picked":["Acrobatics+1","Flying Knee","Poisoned Stab"],"picked":"Singing Bowl","floor":36},{"not_picked":["Skewer+1","Dagger Spray","Poisoned Stab+1"],"picked":"Singing Bowl","floor":37},{"not_picked":["Underhanded Strike+1","Bane","Setup+1"],"picked":"Singing Bowl","floor":39},{"not_picked":["Backstab+1","Die Die Die"],"picked":"Deflect+1","floor":40},{"not_picked":["Caltrops+1","Flying Knee+1"],"picked":"Leg Sweep+1","floor":41},{"not_picked":["Caltrops+1","Sucker Punch"],"picked":"Blur+1","floor":44},{"not_picked":["Dagger Spray","Dagger Throw","Bane"],"picked":"Singing Bowl","floor":45},{"not_picked":["Glass Knife","Sucker Punch","Predator+1"],"picked":"Singing Bowl","floor":47}],"player_experience":206620,"relics_obtained":[{"floor":6,"key":"Singing Bowl"},{"floor":9,"key":"Toxic Egg 2"},{"floor":24,"key":"Tough Bandages"},{"floor":26,"key":"Girya"},{"floor":27,"key":"Enchiridion"},{"floor":31,"key":"Dream Catcher"},{"floor":41,"key":"Pantograph"},{"floor":43,"key":"MawBank"}],"event_choices":[{"damage_healed":0,"gold_gain":0,"player_choice":"Success","damage_taken":12,"relics_obtained":["Meat on the Bone"],"max_hp_gain":0,"max_hp_loss":0,"event_name":"Scrap Ooze","floor":8,"gold_loss":0},{"cards_removed":["Strike_G"],"damage_healed":0,"gold_gain":0,"player_choice":"Purged","damage_taken":0,"max_hp_gain":0,"max_hp_loss":0,"event_name":"Purifier","floor":10,"gold_loss":0},{"damage_healed":0,"gold_gain":0,"player_choice":"Leave","damage_taken":0,"max_hp_gain":0,"max_hp_loss":0,"event_name":"The Cleric","floor":14,"gold_loss":0},{"damage_healed":0,"gold_gain":0,"player_choice":"Copied","damage_taken":0,"max_hp_gain":0,"max_hp_loss":0,"event_name":"Duplicator","floor":19,"gold_loss":0,"cards_obtained":["PiercingWail"]},{"cards_removed":["Poisoned Stab"],"damage_healed":5,"gold_gain":0,"player_choice":"Offered Common","damage_taken":0,"max_hp_gain":0,"max_hp_loss":0,"event_name":"Bonfire Elementals","floor":22,"gold_loss":0},{"cards_removed":["Poisoned Stab"],"damage_healed":5,"gold_gain":0,"player_choice":"Offered Special","damage_taken":0,"max_hp_gain":0,"max_hp_loss":0,"event_name":"Bonfire Elementals","floor":22,"gold_loss":0},{"damage_healed":0,"gold_gain":0,"player_choice":"Obtained Book","damage_taken":16,"max_hp_gain":0,"max_hp_loss":0,"event_name":"Cursed Tome","floor":27,"gold_loss":0},{"damage_healed":0,"gold_gain":0,"player_choice":"Paid Fearfully","damage_taken":0,"max_hp_gain":0,"max_hp_loss":0,"event_name":"Masked Bandits","floor":30,"gold_loss":65},{"damage_healed":0,"gold_gain":0,"player_choice":"Bought 2 Potions","damage_taken":0,"max_hp_gain":0,"max_hp_loss":0,"event_name":"The Woman in Blue","floor":42,"gold_loss":0},{"cards_removed":["Strike_G"],"damage_healed":0,"gold_gain":0,"player_choice":"Removed Attack","damage_taken":0,"max_hp_gain":0,"max_hp_loss":0,"event_name":"Falling","floor":48,"gold_loss":0}],"is_beta":false,"boss_relics":[{"not_picked":["Busted Crown","Coffee Dripper"],"picked":"Velvet Choker"},{"not_picked":["Snecko Eye","Astrolabe"],"picked":"HoveringKite"}],"items_purged_floors":[4],"is_endless":false,"potions_floor_spawned":[2,12,24,29,31,35,37,41],"ascension_level":5}