{"gold_per_floor":[112,130,144,161,161,161,172,172,248,265,265,303,353,366,366,460,460,445,66,66,89,112,112,150,150,150,150],"floor_reached":27,"playtime":1581,"items_purged":["Strike_R"],"score":411,"play_id":"807fe1a5-9fb3-446c-affd-504be2c87a7d","local_time":"20190418191703","is_ascension_mode":true,"campfire_choices":[{"data":"Flame Barrier","floor":6,"key":"SMITH"},{"data":"Clothesline","floor":8,"key":"SMITH"},{"data":"Uppercut","floor":15,"key":"SMITH"},{"floor":23,"key":"REST"},{"data":"Shrug It Off","floor":25,"key":"SMITH"}],"neow_cost":"NONE","seed_source_timestamp":135067556564402,"circlet_count":0,"master_deck":["AscendersBane","Strike_R","Strike_R","Defend_R","Defend_R","Defend_R","Defend_R","Bash+1","Clothesline+1","Flame Barrier+1","Inflame","Wild Strike","Anger","Ghostly Armor","Uppercut+1","Spot Weakness","Double Tap","Flame Barrier+1","Feel No Pain","Intimidate","Disarm","Shrug It Off+1"],"relics":["Burning Blood","Gremlin Horn","Golden Idol","Magic Flower","Empty Cage","DollysMirror","Pen Nib"],"potions_floor_usage":[22,27,27],"damage_taken":[{"damage":7,"enemies":"Jaw Worm","floor":1,"turns":3},{"damage":3,"enemies":"2 Louse","floor":2,"turns":4},{"damage":0,"enemies":"Small Slimes","floor":3,"turns":3},{"damage":14,"enemies":"Exordium Thugs","floor":4,"turns":6},{"damage":13,"enemies":"Red Slaver","floor":7,"turns":4},{"damage":1,"enemies":"Looter","floor":10,"turns":3},{"damage":12,"enemies":"Gremlin Nob","floor":12,"turns":5},{"damage":1,"enemies":"Exordium Wildlife","floor":14,"turns":4},{"damage":36,"enemies":"The Guardian","floor":16,"turns":10},{"damage":20,"enemies":"2 Thieves","floor":18,"turns":4},{"damage":24,"enemies":"Shell Parasite","floor":21,"turns":6},{"damage":24,"enemies":"Snake Plant","floor":22,"turns":6},{"damage":20,"enemies":"Gremlin Leader","floor":24,"turns":10},{"damage":31,"enemies":"Snecko","floor":27,"turns":8}],"seed_played":"2404566081168375384","potions_obtained":[{"floor":1,"key":"Block Potion"},{"floor":7,"key":"Ancient Potion"},{"floor":10,"key":"Fire Potion"},{"floor":22,"key":"EssenceOfSteel"}],"is_trial":false,"path_per_floor":["M","M","M","M","?","R","M","R","T","M","?","E","?","M","R","B",null,"M","$","?","M","M","R","E","R","T","M"],"character_chosen":"IRONCLAD","items_purchased":["DollysMirror","Feel No Pain","Intimidate"],"campfire_rested":1,"item_purchase_floors":[19,19,19],"current_hp_per_floor":[67,70,75,67,67,67,60,60,60,65,39,33,33,41,41,14,60,49,49,49,34,19,41,30,30,30,0],"gold":150,"neow_bonus":"UPGRADE_CARD","is_prod":false,"is_daily":false,"chose_seed":false,"campfire_upgraded":4,"win_rate":0,"timestamp":1555640223,"path_taken":["M","M","M","M","?","R","M","R","T","M","?","E","?","M","R","BOSS","M","$","?","M","M","R","E","R","T","M"],"build_version":"2019-01-23","purchased_purges":1,"victory":false,"max_hp_per_floor":[75,75,75,75,75,75,75,75,75,75,75,75,75,75,75,75,75,75,75,75,75,75,75,75,75,75,75],"card_choices":[{"not_picked":["Feel No Pain","Armaments"],"picked":"Clothesline","floor":1},{"not_picked":["Battle Trance","Second Wind"],"picked":"Flame Barrier","floor":2},{"not_picked":["True Grit","Flame Barrier"],"picked":"Inflame","floor":3},{"not_picked":["Clothesline","Anger"],"picked":"Wild Strike","floor":4},{"not_picked":["Flex","Clothesline"],"picked":"Anger","floor":7},{"not_picked":["Armaments","Pummel"],"picked":"Ghostly Armor","floor":10},{"not_picked":["Combust","Clash"],"picked":"Uppercut","floor":12},{"not_picked":["Pommel Strike","Wild Strike"],"picked":"Spot Weakness","floor":14},{"not_picked":["Dark Embrace","Brutality"],"picked":"Double Tap","floor":16},{"not_picked":["Anger","Sword Boomerang","Twin Strike+1"],"picked":"SKIP","floor":18},{"not_picked":["Heavy Blade","Clothesline+1"],"picked":"Disarm","floor":21},{"not_picked":["Warcry","Combust+1"],"picked":"Shrug It Off","floor":22},{"not_picked":["Combust","Cleave","Demon Form"],"picked":"SKIP","floor":24}],"player_experience":208595,"relics_obtained":[{"floor":9,"key":"Gremlin Horn"},{"floor":12,"key":"Magic Flower"},{"floor":24,"key":"Pen Nib"}],"event_choices":[{"damage_healed":0,"gold_gain":0,"player_choice":"Ignored","damage_taken":0,"max_hp_gain":0,"max_hp_loss":0,"event_name":"Liars Game","floor":5,"gold_loss":0},{"damage_healed":0,"gold_gain":0,"player_choice":"Take Damage","damage_taken":26,"relics_obtained":["Golden Idol"],"max_hp_gain":0,"max_hp_loss":0,"event_name":"Golden Idol","floor":11,"gold_loss":0},{"damage_healed":0,"gold_gain":50,"player_choice":"Pray","damage_taken":0,"max_hp_gain":0,"max_hp_loss":0,"event_name":"Golden Shrine","floor":13,"gold_loss":0},{"damage_healed":0,"gold_gain":0,"player_choice":"Ignored","damage_taken":0,"max_hp_gain":0,"max_hp_loss":0,"event_name":"N\u0027loth","floor":20,"gold_loss":0}],"is_beta":false,"boss_relics":[{"not_picked":["Lizard Tail","Eternal Feather"],"picked":"Empty Cage"}],"items_purged_floors":[19],"is_endless":false,"potions_floor_spawned":[1,7,10,14,22,24],"killed_by":"Snecko","ascension_level":15}