{"gold_per_floor":[13,13,24,43,62,62,76,93,93,93,121,147,147,176,176,277,277,293,313,313,327,342,342,362,362],"floor_reached":25,"playtime":2435,"items_purged":[],"score":239,"play_id":"be96311f-5c90-46b7-b9a0-f1fd47f54003","local_time":"20181221230044","is_ascension_mode":true,"campfire_choices":[{"data":"Noxious Fumes","floor":6,"key":"SMITH"},{"data":"Crippling Poison","floor":10,"key":"SMITH"},{"data":"Infinite Blades","floor":13,"key":"SMITH"},{"data":"Adrenaline","floor":15,"key":"SMITH"},{"data":"Setup","floor":23,"key":"PURGE"}],"neow_cost":"NO_GOLD","seed_source_timestamp":3993424108800,"circlet_count":0,"master_deck":["Defend_G","Defend_G","Defend_G","Defend_G","Defend_G","Strike_G","Strike_G","Survivor","Neutralize","Cloak And Dagger","Noxious Fumes+1","Dagger Throw","Deadly Poison","Deadly Poison","Crippling Poison+1","Heel Hook","Infinite Blades+1","Adrenaline+1","A Thousand Cuts","Underhanded Strike","Caltrops","Accuracy+1","Cloak And Dagger","All Out Attack"],"relics":["Ring of the Snake","Peace Pipe","Bottled Tornado","Oddly Smooth Stone","Ice Cream","Runic Pyramid","Pear"],"potions_floor_usage":[11,14,22,24,24,25],"damage_taken":[{"damage":0,"enemies":"2 Louse","floor":1,"turns":3},{"damage":3,"enemies":"Jaw Worm","floor":3,"turns":7},{"damage":4,"enemies":"Small Slimes","floor":4,"turns":4},{"damage":4,"enemies":"Red Slaver","floor":5,"turns":5},{"damage":1,"enemies":"2 Fungi Beasts","floor":7,"turns":5},{"damage":2,"enemies":"Looter","floor":8,"turns":4},{"damage":13,"enemies":"3 Sentries","floor":11,"turns":5},{"damage":7,"enemies":"Lagavulin","floor":14,"turns":6},{"damage":47,"enemies":"Slime Boss","floor":16,"turns":9},{"damage":1,"enemies":"Spheric Guardian","floor":18,"turns":3},{"damage":6,"enemies":"Shell Parasite","floor":19,"turns":5},{"damage":25,"enemies":"Shelled Parasite and Fungi","floor":21,"turns":5},{"damage":10,"enemies":"Centurion and Healer","floor":22,"turns":5},{"damage":12,"enemies":"Snecko","floor":24,"turns":4},{"damage":35,"enemies":"Slavers","floor":25,"turns":2}],"seed_played":"-8576844169694469680","potions_obtained":[{"floor":4,"key":"Regen Potion"},{"floor":7,"key":"Swift Potion"},{"floor":8,"key":"Regen Potion"},{"floor":16,"key":"Regen Potion"},{"floor":21,"key":"Fire Potion"},{"floor":22,"key":"PowerPotion"}],"is_trial":false,"path_per_floor":["M","?","M","M","M","R","M","M","T","R","E","T","R","E","R","B",null,"M","M","?","M","M","R","M","E"],"character_chosen":"THE_SILENT","items_purchased":[],"campfire_rested":0,"item_purchase_floors":[],"current_hp_per_floor":[70,63,60,56,52,52,51,49,49,49,51,51,51,58,58,11,70,69,63,73,48,38,38,26,0],"gold":362,"neow_bonus":"TRANSFORM_TWO_CARDS","is_prod":false,"is_daily":false,"chose_seed":false,"campfire_upgraded":4,"win_rate":0,"timestamp":1545451244,"path_taken":["M","?","M","M","M","R","M","M","T","R","E","?","R","E","R","BOSS","M","M","?","M","M","R","M","E"],"build_version":"2018-12-20","purchased_purges":0,"victory":false,"max_hp_per_floor":[70,70,70,70,70,70,70,70,70,70,70,70,70,70,70,70,70,70,70,80,80,80,80,80,80],"card_choices":[{"not_picked":["Outmaneuver","All Out Attack"],"picked":"Noxious Fumes","floor":1},{"not_picked":["Setup","Predator"],"picked":"Dagger Throw","floor":3},{"not_picked":["Quick Slash","Dagger Throw"],"picked":"Deadly Poison","floor":4},{"not_picked":["Outmaneuver","Cloak And Dagger"],"picked":"Deadly Poison","floor":5},{"not_picked":["Tactician","Distraction"],"picked":"Crippling Poison","floor":7},{"not_picked":["Cloak And Dagger","Choke"],"picked":"Heel Hook","floor":8},{"not_picked":["Sucker Punch","Reflex"],"picked":"Infinite Blades","floor":11},{"not_picked":["Malaise","Dagger Throw"],"picked":"Adrenaline","floor":14},{"not_picked":["Venomology","Die Die Die"],"picked":"A Thousand Cuts","floor":16},{"not_picked":["Dodge and Roll","Slice"],"picked":"Underhanded Strike","floor":18},{"not_picked":["Dodge and Roll+1","Poisoned Stab"],"picked":"Caltrops","floor":19},{"not_picked":["Terror","PiercingWail"],"picked":"Accuracy+1","floor":21},{"not_picked":["Backstab","Sucker Punch"],"picked":"Cloak And Dagger","floor":22},{"not_picked":["Sucker Punch","Well Laid Plans"],"picked":"All Out Attack","floor":24}],"player_experience":308334,"relics_obtained":[{"floor":9,"key":"Peace Pipe"},{"floor":11,"key":"Bottled Tornado"},{"floor":12,"key":"Oddly Smooth Stone"},{"floor":14,"key":"Ice Cream"}],"event_choices":[{"cards_removed":["Strike_G"],"damage_healed":0,"gold_gain":0,"player_choice":"Card Removal","damage_taken":7,"max_hp_gain":0,"max_hp_loss":0,"event_name":"Golden Wing","floor":2,"gold_loss":0},{"damage_healed":0,"gold_gain":0,"player_choice":"Opened","damage_taken":0,"relics_obtained":["Pear"],"max_hp_gain":0,"max_hp_loss":0,"event_name":"The Mausoleum","floor":20,"gold_loss":0}],"is_beta":false,"boss_relics":[{"not_picked":["Cursed Key","Ectoplasm"],"picked":"Runic Pyramid"}],"items_purged_floors":[],"is_endless":false,"potions_floor_spawned":[4,7,8,16,21,22],"killed_by":"Slavers","ascension_level":2}