{"gold_per_floor":[119,119,129,129,142,169,183,197,197,197,224,224,324,339,339,339],"floor_reached":16,"playtime":479,"items_purged":[],"score":162,"play_id":"0fc406a5-3594-43c3-8164-1ad1888c69b2","local_time":"20190227000526","is_ascension_mode":true,"campfire_choices":[{"floor":10,"key":"REST"},{"floor":12,"key":"REST"},{"floor":15,"key":"REST"}],"neow_cost":"NONE","seed_source_timestamp":383150583921500,"circlet_count":0,"master_deck":["Strike_B","Strike_B","Strike_B","Strike_B","Defend_B","Defend_B","Defend_B","Defend_B","Zap+1","Dualcast","Streamline+1","Steam","Rainbow","Rebound","Gash","Loop","Conserve Battery","Sweeping Beam","Conserve Battery","Loop"],"relics":["Cracked Core","GremlinMask","Orichalcum","Ancient Tea Set","Dream Catcher"],"potions_floor_usage":[11,16],"damage_taken":[{"damage":2,"enemies":"2 Louse","floor":1,"turns":3},{"damage":1,"enemies":"Cultist","floor":3,"turns":3},{"damage":0,"enemies":"Small Slimes","floor":5,"turns":3},{"damage":24,"enemies":"Gremlin Nob","floor":6,"turns":4},{"damage":15,"enemies":"Exordium Thugs","floor":7,"turns":4},{"damage":7,"enemies":"Large Slime","floor":8,"turns":4},{"damage":19,"enemies":"3 Sentries","floor":11,"turns":7},{"damage":10,"enemies":"Red Slaver","floor":14,"turns":4},{"damage":56,"enemies":"Slime Boss","floor":16,"turns":9}],"seed_played":"-7165845863491885649","potions_obtained":[{"floor":6,"key":"SpeedPotion"},{"floor":8,"key":"EssenceOfSteel"},{"floor":11,"key":"Strength Potion"}],"is_trial":false,"path_per_floor":["M","?","M","?","M","E","M","M","T","R","E","R","?","M","R","B"],"character_chosen":"DEFECT","items_purchased":[],"campfire_rested":3,"item_purchase_floors":[],"current_hp_per_floor":[66,66,65,65,65,41,26,19,19,41,22,44,44,34,56,0],"gold":339,"neow_bonus":"UPGRADE_CARD","is_prod":false,"is_daily":false,"chose_seed":false,"campfire_upgraded":0,"win_rate":0,"timestamp":1551243926,"path_taken":["M","?","?","?","M","E","M","?","T","R","E","R","?","?","R","BOSS"],"build_version":"2019-01-23","purchased_purges":0,"victory":false,"max_hp_per_floor":[75,75,75,75,75,75,75,75,75,75,75,75,75,75,75,75],"card_choices":[{"not_picked":["Rebound","Go for the Eyes"],"picked":"Streamline","floor":1},{"not_picked":["Go for the Eyes","Redo"],"picked":"Steam","floor":3},{"not_picked":["Go for the Eyes","Rebound"],"picked":"Rainbow","floor":5},{"not_picked":["Static Discharge","Ball Lightning"],"picked":"Rebound","floor":6},{"not_picked":["Compile Driver","Reprogram"],"picked":"Gash","floor":7},{"not_picked":["Barrage","Capacitor"],"picked":"Loop","floor":8},{"not_picked":["Go for the Eyes","Sunder"],"picked":"Conserve Battery","floor":11},{"not_picked":["Double Energy","Cold Snap"],"picked":"Sweeping Beam","floor":12},{"not_picked":["Reprogram","Stack"],"picked":"Conserve Battery","floor":14},{"not_picked":["Sweeping Beam","Reinforced Body"],"picked":"Loop","floor":15}],"player_experience":493803,"relics_obtained":[{"floor":6,"key":"Orichalcum"},{"floor":9,"key":"Ancient Tea Set"},{"floor":11,"key":"Dream Catcher"}],"event_choices":[{"damage_healed":0,"gold_gain":0,"player_choice":"Trade","damage_taken":0,"relics_obtained":["GremlinMask"],"max_hp_gain":0,"max_hp_loss":0,"event_name":"FaceTrader","floor":2,"gold_loss":0},{"damage_healed":0,"gold_gain":0,"player_choice":"Upgraded","damage_taken":0,"max_hp_gain":0,"max_hp_loss":0,"event_name":"Upgrade Shrine","floor":4,"gold_loss":0,"cards_upgraded":["Streamline"]},{"damage_healed":0,"gold_gain":100,"player_choice":"Pray","damage_taken":0,"max_hp_gain":0,"max_hp_loss":0,"event_name":"Golden Shrine","floor":13,"gold_loss":0}],"is_beta":false,"boss_relics":[],"items_purged_floors":[],"is_endless":false,"potions_floor_spawned":[6,8,11],"killed_by":"Slime Boss","ascension_level":9}