{"gold_per_floor":[119,38,38,57,57,57,92,92,146,157,176,211,231,231,231,231],"floor_reached":16,"playtime":617,"items_purged":[],"score":110,"play_id":"78cb3db2-7f79-4186-bc73-38917fb5333f","local_time":"20190221124208","is_ascension_mode":false,"campfire_choices":[{"floor":6,"key":"RECALL"},{"data":"Fusion","floor":8,"key":"SMITH"},{"floor":15,"key":"REST"}],"neow_cost":"NONE","seed_source_timestamp":381709406245195,"circlet_count":0,"master_deck":["Strike_B","Strike_B","Strike_B","Strike_B","Defend_B","Defend_B","Defend_B","Defend_B","Zap","Dualcast","Melter","Fusion+1","Go for the Eyes","Melter","Streamline","Go for the Eyes","Loop","Defragment","Sweeping Beam"],"relics":["Cracked Core","Bag of Marbles","Calipers"],"potions_floor_usage":[13,16,16],"damage_taken":[{"damage":6,"enemies":"Jaw Worm","floor":1,"turns":3},{"damage":7,"enemies":"2 Louse","floor":4,"turns":3},{"damage":19,"enemies":"Gremlin Nob","floor":7,"turns":4},{"damage":0,"enemies":"Cultist","floor":10,"turns":3},{"damage":16,"enemies":"Gremlin Gang","floor":11,"turns":5},{"damage":28,"enemies":"3 Sentries","floor":12,"turns":5},{"damage":0,"enemies":"3 Louse","floor":13,"turns":1},{"damage":39,"enemies":"The Guardian","floor":16,"turns":8}],"seed_played":"-3430216845638084918","potions_obtained":[{"floor":10,"key":"GamblersBrew"},{"floor":12,"key":"Explosive Potion"},{"floor":13,"key":"PowerPotion"}],"is_trial":false,"path_per_floor":["M","$","?","M","?","R","E","R","T","M","M","E","M","?","R","B"],"character_chosen":"DEFECT","items_purchased":["Fusion","Go for the Eyes"],"campfire_rested":1,"item_purchase_floors":[2,2],"current_hp_per_floor":[76,76,81,74,74,74,55,55,55,55,39,11,11,11,37,0],"gold":231,"neow_bonus":"TEN_PERCENT_HP_BONUS","is_prod":false,"is_daily":false,"chose_seed":false,"campfire_upgraded":1,"win_rate":0,"timestamp":1550770928,"path_taken":["M","$","?","M","?","R","E","R","T","?","M","E","?","?","R","BOSS"],"build_version":"2019-01-23","purchased_purges":0,"victory":false,"max_hp_per_floor":[82,82,87,87,87,87,87,87,87,87,87,87,87,87,87,87],"card_choices":[{"not_picked":["Redo","Hologram"],"picked":"Melter","floor":1},{"not_picked":["Redo","Cold Snap"],"picked":"Melter","floor":4},{"not_picked":["White Noise","Sweeping Beam"],"picked":"Streamline","floor":7},{"not_picked":["Thunder Strike","Stack"],"picked":"Go for the Eyes","floor":10},{"not_picked":["Fusion","Doom and Gloom"],"picked":"Loop","floor":11},{"not_picked":["Amplify","Leap"],"picked":"Defragment","floor":12},{"not_picked":["Hologram","Darkness"],"picked":"Sweeping Beam","floor":13}],"player_experience":207860,"relics_obtained":[{"floor":7,"key":"Bag of Marbles"},{"floor":12,"key":"Calipers"}],"event_choices":[{"damage_healed":0,"gold_gain":0,"player_choice":"Donut","damage_taken":0,"max_hp_gain":5,"max_hp_loss":0,"event_name":"Big Fish","floor":3,"gold_loss":0},{"damage_healed":0,"gold_gain":0,"player_choice":"Ignored","damage_taken":0,"max_hp_gain":0,"max_hp_loss":0,"event_name":"NoteForYourself","floor":5,"gold_loss":0},{"damage_healed":0,"gold_gain":0,"player_choice":"Fled","damage_taken":0,"max_hp_gain":0,"max_hp_loss":0,"event_name":"Scrap Ooze","floor":14,"gold_loss":0}],"is_beta":false,"boss_relics":[],"items_purged_floors":[],"is_endless":false,"potions_floor_spawned":[10,12,13],"killed_by":"The Guardian","ascension_level":0}