{"gold_per_floor":[214,227,38,38,38,38,72,93,93,128,53,67,67,67,67,163,163,188,463,484,409,8,8,39,64,64,79,100,134,159,200,200,291,291,304,26,359,373,383,409,409,434,461,461,478,478,478],"floor_reached":47,"playtime":3978,"items_purged":["Strike_G","Strike_G"],"score":1231,"play_id":"8d2b0500-d7ce-4c73-9277-6cd6c39d8893","local_time":"20190425124746","is_ascension_mode":true,"campfire_choices":[{"data":"Skewer","floor":6,"key":"SMITH"},{"data":"Footwork","floor":13,"key":"SMITH"},{"data":"Neutralize","floor":15,"key":"SMITH"},{"floor":23,"key":"REST"},{"floor":32,"key":"REST"},{"floor":41,"key":"REST"},{"floor":46,"key":"REST"}],"neow_cost":"NONE","seed_source_timestamp":605776278145663,"circlet_count":0,"master_deck":["AscendersBane","Defend_G","Defend_G","Defend_G","Defend_G","Defend_G","Strike_G","Survivor","Neutralize+1","Footwork+1","Skewer+1","PiercingWail","Footwork","Backstab","Caltrops","Acrobatics","Malaise","Footwork","Dash+1","After Image","Backflip","Terror","Poisoned Stab+1","Acrobatics","Deflect+1","Dodge and Roll","PiercingWail","Die Die Die+1","Dagger Spray+1","Calculated Gamble","Footwork","Deadly Poison","Acrobatics","Night Terror","Pain","Deadly Poison"],"relics":["Ring of the Snake","Pen Nib","Ancient Tea Set","Molten Egg 2","Centennial Puzzle","Fusion Hammer","Happy Flower","Art of War","Tough Bandages","Smiling Mask","Boot","Velvet Choker","Anchor","Meat on the Bone","WarpedTongs"],"potions_floor_usage":[7,16,20,27,33,39,39],"damage_taken":[{"damage":1,"enemies":"Cultist","floor":1,"turns":4},{"damage":6,"enemies":"Small Slimes","floor":2,"turns":7},{"damage":29,"enemies":"3 Sentries","floor":7,"turns":9},{"damage":0,"enemies":"Jaw Worm","floor":8,"turns":5},{"damage":14,"enemies":"Lagavulin","floor":10,"turns":9},{"damage":0,"enemies":"Exordium Wildlife","floor":12,"turns":6},{"damage":4,"enemies":"The Guardian","floor":16,"turns":14},{"damage":5,"enemies":"Spheric Guardian","floor":18,"turns":7},{"damage":5,"enemies":"3 Byrds","floor":20,"turns":5},{"damage":9,"enemies":"Slavers","floor":24,"turns":12},{"damage":3,"enemies":"3 Cultists","floor":25,"turns":10},{"damage":8,"enemies":"Snecko","floor":27,"turns":5},{"damage":7,"enemies":"Centurion and Healer","floor":28,"turns":7},{"damage":0,"enemies":"Gremlin Leader","floor":29,"turns":3},{"damage":0,"enemies":"Snake Plant","floor":30,"turns":6},{"damage":4,"enemies":"Slavers","floor":31,"turns":9},{"damage":43,"enemies":"Automaton","floor":33,"turns":16},{"damage":0,"enemies":"3 Darklings","floor":35,"turns":8},{"damage":0,"enemies":"3 Shapes","floor":38,"turns":13},{"damage":9,"enemies":"Transient","floor":39,"turns":6},{"damage":14,"enemies":"Nemesis","floor":40,"turns":14},{"damage":29,"enemies":"Giant Head","floor":42,"turns":13},{"damage":8,"enemies":"Maw","floor":45,"turns":8},{"damage":38,"enemies":"Reptomancer","floor":47,"turns":8}],"seed_played":"3742786291847835184","potions_obtained":[{"floor":2,"key":"SpeedPotion"},{"floor":10,"key":"GhostInAJar"},{"floor":12,"key":"Strength Potion"},{"floor":16,"key":"Block Potion"},{"floor":25,"key":"AttackPotion"},{"floor":27,"key":"EssenceOfSteel"},{"floor":29,"key":"AttackPotion"},{"floor":31,"key":"Regen Potion"},{"floor":35,"key":"Fire Potion"},{"floor":38,"key":"Swift Potion"},{"floor":39,"key":"Ancient Potion"}],"is_trial":false,"path_per_floor":["M","?","?","M","?","?","?","M","?","?","?","M"],"character_chosen":"THE_SILENT","items_purchased":["Pen Nib","PiercingWail","After Image","Happy Flower","Calculated Gamble","Footwork","Deadly Poison"],"campfire_rested":4,"item_purchase_floors":[3,3,22,22,36,36,36],"current_hp_per_floor":[58,52,52,52,52,52,23,23,23,9,9,9,9,9,9,5,46,41,41,36,36,36,54,45,42,42,34,27,27,27,23,41,13,48,48,48,48,48,39,25,43,14,14,14,18,36,0],"gold":478,"neow_bonus":"HUNDRED_GOLD","is_prod":false,"is_daily":false,"chose_seed":false,"campfire_upgraded":3,"win_rate":0,"timestamp":1556185666,"path_taken":["M","?","$","?","?","R","E","?","T","E","?","M","R","?","R","BOSS","M","?","?","?","$","R","E","M","T","M","M","E","M","E","R","BOSS","M","$","?","M","M","E","R","E","T","?","?","R","E"],"build_version":"2019-01-23","purchased_purges":2,"victory":false,"max_hp_per_floor":[66,66,66,60,60,60,60,60,60,60,60,60,60,60,60,60,60,60,60,60,60,60,60,60,60,60,60,60,60,60,60,60,60,60,60,60,60,60,60,60,60,60,60,60,60,60,60],"card_choices":[{"not_picked":["Quick Slash","PiercingWail"],"picked":"Footwork","floor":1},{"not_picked":["Cloak And Dagger","Bane"],"picked":"Skewer","floor":2},{"not_picked":["Dodge and Roll","Eviscerate"],"picked":"Footwork","floor":7},{"not_picked":["Flying Knee","Bane"],"picked":"Backstab","floor":8},{"not_picked":["Quick Slash+1","Deflect"],"picked":"Caltrops","floor":10},{"not_picked":["Accuracy","Reflex"],"picked":"Acrobatics","floor":12},{"not_picked":["Storm of Steel","Tools of the Trade"],"picked":"Malaise","floor":16},{"not_picked":["Catalyst","Dash+1"],"picked":"Footwork","floor":18},{"not_picked":["Accuracy","Acrobatics"],"picked":"Dash+1","floor":20},{"not_picked":["Terror","Underhanded Strike+1"],"picked":"Backflip","floor":24},{"not_picked":["Backstab+1","Deflect"],"picked":"Terror","floor":25},{"not_picked":["Deadly Poison","Slice+1"],"picked":"Poisoned Stab+1","floor":27},{"not_picked":["Underhanded Strike+1","Backstab+1"],"picked":"Acrobatics","floor":28},{"not_picked":["Backstab+1","Concentrate+1"],"picked":"Deflect+1","floor":29},{"not_picked":["Distraction","Prepared"],"picked":"Dodge and Roll","floor":30},{"not_picked":["Masterful Stab+1","Grand Finale+1"],"picked":"PiercingWail","floor":31},{"not_picked":["Adrenaline","Tools of the Trade"],"picked":"Die Die Die+1","floor":33},{"not_picked":["Expertise+1","Deflect"],"picked":"Dagger Spray+1","floor":35},{"not_picked":["Finisher+1","Bane+1"],"picked":"Acrobatics","floor":38},{"not_picked":["Flying Knee+1","All Out Attack+1","Dagger Spray+1"],"picked":"SKIP","floor":39},{"not_picked":["Reflex","Distraction","Backstab+1"],"picked":"SKIP","floor":40},{"not_picked":["Poisoned Stab+1","Deflect"],"picked":"Night Terror","floor":42},{"not_picked":["Blade Dance","Backflip+1"],"picked":"Deadly Poison","floor":45}],"player_experience":1866088,"relics_obtained":[{"floor":7,"key":"Ancient Tea Set"},{"floor":9,"key":"Molten Egg 2"},{"floor":10,"key":"Centennial Puzzle"},{"floor":24,"key":"Art of War"},{"floor":26,"key":"Tough Bandages"},{"floor":29,"key":"Smiling Mask"},{"floor":31,"key":"Boot"},{"floor":40,"key":"Anchor"},{"floor":42,"key":"Meat on the Bone"}],"event_choices":[{"damage_healed":0,"gold_gain":0,"player_choice":"Lose Max HP","damage_taken":0,"relics_obtained":["Golden Idol"],"max_hp_gain":0,"max_hp_loss":6,"event_name":"Golden Idol","floor":4,"gold_loss":0},{"cards_removed":["Strike_G"],"damage_healed":0,"gold_gain":0,"player_choice":"Forget","damage_taken":0,"max_hp_gain":0,"max_hp_loss":0,"event_name":"Living Wall","floor":5,"gold_loss":0},{"cards_removed":["Strike_G"],"damage_healed":0,"gold_gain":0,"player_choice":"Card Removal","damage_taken":0,"max_hp_gain":0,"max_hp_loss":0,"event_name":"The Cleric","floor":11,"gold_loss":75},{"damage_healed":0,"gold_gain":0,"player_choice":"Fled","damage_taken":0,"max_hp_gain":0,"max_hp_loss":0,"event_name":"Scrap Ooze","floor":14,"gold_loss":0},{"damage_healed":0,"gold_gain":275,"player_choice":"Desecrate","damage_taken":0,"max_hp_gain":0,"max_hp_loss":0,"event_name":"Golden Shrine","floor":19,"gold_loss":0,"cards_obtained":["Regret"]},{"cards_removed":["Regret"],"damage_healed":0,"gold_gain":0,"player_choice":"Gave Gold","damage_taken":0,"max_hp_gain":0,"max_hp_loss":0,"event_name":"Beggar","floor":21,"gold_loss":75},{"damage_healed":0,"gold_gain":333,"player_choice":"Gave Idol","damage_taken":0,"max_hp_gain":0,"max_hp_loss":0,"event_name":"The Moai Head","floor":37,"relics_lost":["Golden Idol"],"gold_loss":0},{"damage_healed":0,"gold_gain":0,"player_choice":"Rummage","damage_taken":0,"relics_obtained":["WarpedTongs"],"max_hp_gain":0,"max_hp_loss":0,"event_name":"Accursed Blacksmith","floor":44,"gold_loss":0,"cards_obtained":["Pain"]}],"is_beta":false,"boss_relics":[{"not_picked":["Orrery","Black Star"],"picked":"Fusion Hammer"},{"not_picked":["White Beast Statue","Busted Crown"],"picked":"Velvet Choker"}],"items_purged_floors":[22,36],"is_endless":false,"potions_floor_spawned":[2,10,12,16,25,27,29,31,35,38,39],"killed_by":"Reptomancer","ascension_level":20}