{"gold_per_floor":[112,112,132,21,33,33,53,78,78,111,131,131,131,151,151,254,254,270,284,284,284,5,35,54,1,1,34,51,51,66,92,92,187,187,199,199,299,313,323,323,348,359,359,374,3,3,3,38,38,38],"floor_reached":51,"playtime":4588,"items_purged":["Strike_B+1"],"score":1099,"play_id":"a270ade0-f797-48be-bd4f-10653333975f","local_time":"20190405163542","is_ascension_mode":true,"campfire_choices":[{"data":"Defragment","floor":6,"key":"SMITH"},{"data":"Electrodynamics","floor":12,"key":"SMITH"},{"data":"Dualcast","floor":15,"key":"SMITH"},{"data":"Go for the Eyes","floor":29,"key":"SMITH"},{"data":"Go for the Eyes","floor":32,"key":"SMITH"},{"data":"Consume","floor":40,"key":"SMITH"},{"data":"Consume","floor":46,"key":"SMITH"},{"data":"Creative AI","floor":49,"key":"SMITH"}],"neow_cost":"NONE","seed_source_timestamp":338205043235615,"circlet_count":0,"master_deck":["Defend_B","Defend_B","Defend_B","Zap+1","Dualcast+1","Streamline","Cold Snap","Defragment+1","Melter+1","Coolheaded","Sunder","Glacier","Electrodynamics+1","Biased Cognition","Rip and Tear+1","Multi-Cast+1","Coolheaded+1","Turbo","Steam Power","Doom and Gloom","Skim","Go for the Eyes+1","Go for the Eyes+1","Reboot","Machine Learning","Consume+1","Hologram","Capacitor","Consume+1","Creative AI+1","Defragment+1","Chill+1","Parasite","Tempest","Loop"],"relics":["Cracked Core","Whetstone","Letter Opener","Bird Faced Urn","Astrolabe","DataDisk","Lee\u0027s Waffle","Art of War","Ornamental Fan","Symbiotic Virus","Cables","Sundial","Orrery","Du-Vu Doll","StoneCalendar","Shovel","Bronze Scales","Strawberry"],"potions_floor_usage":[23,28,33,35,35,42,42,50,50,50],"damage_taken":[{"damage":2,"enemies":"Jaw Worm","floor":1,"turns":3},{"damage":1,"enemies":"2 Louse","floor":3,"turns":2},{"damage":1,"enemies":"Cultist","floor":5,"turns":3},{"damage":4,"enemies":"Red Slaver","floor":7,"turns":3},{"damage":19,"enemies":"Lagavulin","floor":8,"turns":7},{"damage":6,"enemies":"Gremlin Nob","floor":10,"turns":3},{"damage":0,"enemies":"Looter","floor":11,"turns":3},{"damage":0,"enemies":"Blue Slaver","floor":14,"turns":3},{"damage":12,"enemies":"Hexaghost","floor":16,"turns":9},{"damage":1,"enemies":"Shell Parasite","floor":18,"turns":5},{"damage":0,"enemies":"Chosen","floor":19,"turns":4},{"damage":20,"enemies":"Gremlin Leader","floor":23,"turns":5},{"damage":0,"enemies":"Snake Plant","floor":24,"turns":3},{"damage":6,"enemies":"Book of Stabbing","floor":27,"turns":4},{"damage":0,"enemies":"Chosen and Byrds","floor":28,"turns":3},{"damage":0,"enemies":"Centurion and Healer","floor":30,"turns":4},{"damage":15,"enemies":"Gremlin Leader","floor":31,"turns":6},{"damage":49,"enemies":"Champ","floor":33,"turns":10},{"damage":32,"enemies":"3 Darklings","floor":35,"turns":3},{"damage":0,"enemies":"Mind Bloom Boss Battle","floor":37,"turns":4},{"damage":0,"enemies":"3 Shapes","floor":38,"turns":1},{"damage":0,"enemies":"Sphere and 2 Shapes","floor":39,"turns":4},{"damage":0,"enemies":"Giant Head","floor":41,"turns":5},{"damage":2,"enemies":"Jaw Worm Horde","floor":42,"turns":3},{"damage":22,"enemies":"Writhing Mass","floor":44,"turns":6},{"damage":6,"enemies":"Reptomancer","floor":48,"turns":6},{"damage":37,"enemies":"Donu and Deca","floor":50,"turns":7}],"seed_played":"2015365812556521628","potions_obtained":[{"floor":3,"key":"SteroidPotion"},{"floor":5,"key":"Swift Potion"},{"floor":7,"key":"GamblersBrew"},{"floor":14,"key":"Fire Potion"},{"floor":24,"key":"Swift Potion"},{"floor":30,"key":"EntropicBrew"},{"floor":38,"key":"Weak Potion"},{"floor":39,"key":"Block Potion"},{"floor":41,"key":"AttackPotion"}],"is_trial":false,"path_per_floor":["?","?","M","T","?","?","M","?","?","$"],"character_chosen":"DEFECT","items_purchased":["Defragment","Melter","Doom and Gloom","Lee\u0027s Waffle","Loop","PowerPotion","SkillPotion","Bronze Scales"],"campfire_rested":0,"item_purchase_floors":[4,4,22,22,45,45,45,45],"current_hp_per_floor":[66,71,70,70,69,69,65,46,46,40,40,40,40,44,44,36,69,72,76,76,61,92,72,78,78,78,78,84,84,88,77,77,34,78,50,50,56,60,74,74,86,88,88,78,78,78,78,93,93,74],"gold":38,"neow_bonus":"UPGRADE_CARD","is_prod":false,"is_daily":false,"chose_seed":false,"campfire_upgraded":8,"win_rate":0,"timestamp":1554478542,"path_taken":["M","?","M","$","M","R","M","E","T","E","M","R","?","?","R","BOSS","M","M","?","?","$","E","M","?","T","E","?","R","M","E","R","BOSS","M","?","?","M","M","R","E","M","T","M","$","R","?","E","R","BOSS"],"build_version":"2019-01-23","purchased_purges":1,"victory":true,"max_hp_per_floor":[75,80,80,80,80,80,80,80,80,80,80,80,80,80,80,80,80,80,80,80,85,92,92,92,92,92,92,92,92,92,92,92,92,92,92,92,92,92,92,92,92,92,92,92,92,92,92,99,99,99],"card_choices":[{"not_picked":["Steam","Hello World"],"picked":"Streamline","floor":1},{"not_picked":["Conserve Battery","Go for the Eyes"],"picked":"Cold Snap","floor":3},{"not_picked":["Gash","Rebound","Scrape"],"picked":"SKIP","floor":5},{"not_picked":["Streamline","Reprogram"],"picked":"Coolheaded","floor":7},{"not_picked":["Leap","Beam Cell"],"picked":"Sunder","floor":8},{"not_picked":["Conserve Battery","Coolheaded"],"picked":"Glacier","floor":10},{"not_picked":["Gash","Ball Lightning"],"picked":"Electrodynamics","floor":11},{"not_picked":["Gash","Redo","Lockon"],"picked":"SKIP","floor":14},{"not_picked":["Core Surge","Thunder Strike"],"picked":"Biased Cognition","floor":16},{"not_picked":["Redo","Coolheaded"],"picked":"Turbo","floor":18},{"not_picked":["Steam","Redo"],"picked":"Steam Power","floor":19},{"not_picked":["Coolheaded","Self Repair"],"picked":"Skim","floor":23},{"not_picked":["Hologram","Streamline"],"picked":"Go for the Eyes","floor":24},{"not_picked":["Coolheaded","Sweeping Beam+1"],"picked":"Go for the Eyes","floor":27},{"not_picked":["Doom and Gloom+1","Steam"],"picked":"Reboot","floor":28},{"not_picked":["Cold Snap","Stack","Tempest+1"],"picked":"SKIP","floor":30},{"not_picked":["Steam","Streamline","Conserve Battery+1"],"picked":"SKIP","floor":31},{"not_picked":["Meteor Strike","All For One"],"picked":"Machine Learning","floor":33},{"not_picked":["Steam","Sweeping Beam"],"picked":"Consume","floor":34},{"not_picked":["Stack","Fusion"],"picked":"Hologram","floor":34},{"not_picked":["Ball Lightning","Skim+1"],"picked":"Capacitor","floor":34},{"not_picked":["Recycle+1","Coolheaded+1"],"picked":"Consume","floor":35},{"not_picked":["Turbo+1","Streamline"],"picked":"Creative AI","floor":37},{"not_picked":["Compile Driver","Turbo+1"],"picked":"Defragment+1","floor":38},{"not_picked":["Beam Cell+1","Steam Power","Consume"],"picked":"SKIP","floor":39},{"not_picked":["Reprogram","Go for the Eyes","Machine Learning"],"picked":"SKIP","floor":41},{"not_picked":["Sweeping Beam+1","Loop"],"picked":"Chill+1","floor":42},{"not_picked":["Turbo","Sweeping Beam"],"picked":"Tempest","floor":44},{"not_picked":["Gash+1","Chaos","Ball Lightning+1"],"picked":"SKIP","floor":48}],"player_experience":459523,"relics_obtained":[{"floor":8,"key":"Whetstone"},{"floor":9,"key":"Letter Opener"},{"floor":10,"key":"Bird Faced Urn"},{"floor":20,"key":"DataDisk"},{"floor":23,"key":"Art of War"},{"floor":26,"key":"Symbiotic Virus"},{"floor":27,"key":"Cables"},{"floor":31,"key":"Sundial"},{"floor":37,"key":"Du-Vu Doll"},{"floor":41,"key":"StoneCalendar"},{"floor":43,"key":"Shovel"},{"floor":48,"key":"Strawberry"}],"event_choices":[{"damage_healed":0,"gold_gain":0,"player_choice":"Donut","damage_taken":0,"max_hp_gain":5,"max_hp_loss":0,"event_name":"Big Fish","floor":2,"gold_loss":0},{"damage_healed":0,"gold_gain":0,"player_choice":"Bought 0 Potions","damage_taken":0,"max_hp_gain":0,"max_hp_loss":0,"event_name":"The Woman in Blue","floor":13,"gold_loss":0},{"damage_healed":0,"gold_gain":0,"player_choice":"Shed Blood","damage_taken":20,"max_hp_gain":5,"max_hp_loss":0,"event_name":"Forgotten Altar","floor":21,"gold_loss":0},{"damage_healed":0,"gold_gain":0,"player_choice":"Paid Gold","damage_taken":0,"relics_obtained":["Ornamental Fan"],"max_hp_gain":0,"max_hp_loss":0,"event_name":"WeMeetAgain","floor":25,"gold_loss":53},{"cards_removed":["Defend_B"],"damage_healed":0,"gold_gain":0,"player_choice":"Removed Skill","damage_taken":0,"max_hp_gain":0,"max_hp_loss":0,"event_name":"Falling","floor":36,"gold_loss":0},{"damage_healed":0,"gold_gain":0,"player_choice":"Fight","damage_taken":0,"max_hp_gain":0,"max_hp_loss":0,"event_name":"MindBloom","floor":37,"gold_loss":0}],"is_beta":false,"boss_relics":[{"not_picked":["Eternal Feather","Nuclear Battery"],"picked":"Astrolabe"},{"not_picked":["Empty Cage","Black Star"],"picked":"Orrery"}],"items_purged_floors":[45],"is_endless":false,"potions_floor_spawned":[3,5,7,8,14,19,24,27,30,38,39,41,48],"ascension_level":7}