{"gold_per_floor":[113,127,143,23,36,65,65,78,102,116,116,136,153,188,188,287,287,297,297,65,76,76],"floor_reached":22,"playtime":1302,"items_purged":["Decay"],"score":320,"play_id":"3973e247-0f3f-480c-b2ef-ead91ef8ead5","local_time":"20190425131201","is_ascension_mode":true,"campfire_choices":[{"floor":7.0,"key":"REST"},{"floor":11.0,"key":"REST"},{"floor":15.0,"key":"REST"}],"neow_cost":"CURSE","seed_source_timestamp":11548092905081,"circlet_count":0,"master_deck":["AscendersBane","Defend_G","Defend_G","Defend_G","Defend_G","Defend_G","Strike_G","Strike_G","Strike_G","Survivor","Neutralize","Dagger Throw","Footwork","Flying Knee","Bane","Well Laid Plans","Deadly Poison","Calculated Gamble","Die Die Die","Crippling Poison","Envenom","Footwork","Tactician","Catalyst"],"special_seed":0,"relics":["Ring of the Snake","The Specimen","Strawberry","Pen Nib","Lantern","Empty Cage","Bag of Preparation","Medical Kit"],"potions_floor_usage":[],"damage_taken":[{"damage":8.0,"enemies":"Small Slimes","floor":1.0,"turns":7.0},{"damage":1.0,"enemies":"Cultist","floor":2.0,"turns":4.0},{"damage":11.0,"enemies":"Jaw Worm","floor":3.0,"turns":9.0},{"damage":6.0,"enemies":"Blue Slaver","floor":5.0,"turns":5.0},{"damage":21.0,"enemies":"3 Sentries","floor":6.0,"turns":11.0},{"damage":6.0,"enemies":"Looter","floor":8.0,"turns":3.0},{"damage":12.0,"enemies":"Exordium Wildlife","floor":10.0,"turns":4.0},{"damage":2.0,"enemies":"2 Fungi Beasts","floor":12.0,"turns":3.0},{"damage":9.0,"enemies":"Red Slaver","floor":13.0,"turns":2.0},{"damage":24.0,"enemies":"Gremlin Nob","floor":14.0,"turns":4.0},{"damage":16.0,"enemies":"The Guardian","floor":16.0,"turns":14.0},{"damage":8.0,"enemies":"Chosen","floor":18.0,"turns":4.0},{"damage":32,"enemies":"Spheric Guardian","floor":21,"turns":9},{"damage":13,"enemies":"Snake Plant","floor":22,"turns":4}],"seed_played":"-6272345078557378727","potions_obtained":[{"floor":2.0,"key":"Strength Potion"},{"floor":3.0,"key":"PowerPotion"},{"floor":12.0,"key":"LiquidBronze"},{"floor":14.0,"key":"Dexterity Potion"}],"is_trial":false,"path_per_floor":["M","M","M","$","M","E","R","M","T","M","R","M","M","E","R","B",null,"M","?","$","M","M"],"character_chosen":"THE_SILENT","items_purchased":["Bane","Medical Kit","Tactician"],"campfire_rested":3,"item_purchase_floors":[4,20,20],"current_hp_per_floor":[55,54,43,43,37,23,46,40,40,28,51,49,40,16,39,23,64,56,56,56,24,11],"gold":76,"neow_bonus":"ONE_RARE_RELIC","is_prod":false,"is_daily":false,"chose_seed":false,"campfire_upgraded":0,"win_rate":0,"timestamp":1556165521,"path_taken":["M","M","M","$","M","E","R","M","T","M","R","M","M","E","R","BOSS","M","?","$","?","M"],"build_version":"2019-01-23","purchased_purges":1,"victory":false,"max_hp_per_floor":[70,70,70,70,70,77,77,77,77,77,77,77,77,77,77,77,77,77,77,77,77,77],"card_choices":[{"not_picked":["Heel Hook","Dagger Spray"],"picked":"Dagger Throw","floor":1.0},{"not_picked":["Dash","Underhanded Strike"],"picked":"Footwork","floor":2.0},{"not_picked":["Distraction","Quick Slash"],"picked":"Flying Knee","floor":3.0},{"not_picked":["Accuracy","Heel Hook"],"picked":"Well Laid Plans","floor":5.0},{"not_picked":["Heel Hook","Quick Slash"],"picked":"Deadly Poison","floor":6.0},{"not_picked":["Underhanded Strike","Deadly Poison"],"picked":"Calculated Gamble","floor":8.0},{"not_picked":["Backflip","Flechettes"],"picked":"Die Die Die","floor":10.0},{"not_picked":["Deflect","Outmaneuver"],"picked":"Crippling Poison","floor":12.0},{"not_picked":["Heel Hook","Flechettes","Endless Agony"],"picked":"SKIP","floor":13.0},{"not_picked":["Accuracy","Storm of Steel","Deflect"],"picked":"SKIP","floor":14.0},{"not_picked":["Doppelganger","Night Terror"],"picked":"Envenom","floor":16.0},{"not_picked":["Quick Slash","Bouncing Flask"],"picked":"Footwork","floor":18.0},{"not_picked":["Deflect","Sucker Punch"],"picked":"Catalyst","floor":21}],"player_experience":692724,"relics_obtained":[{"floor":6.0,"key":"Strawberry"},{"floor":9.0,"key":"Pen Nib"},{"floor":14.0,"key":"Lantern"}],"event_choices":[{"damage_healed":0.0,"max_hp_gain":0.0,"max_hp_loss":0.0,"gold_gain":0.0,"event_name":"WeMeetAgain","player_choice":"Gave Potion","floor":19.0,"gold_loss":0.0,"damage_taken":0.0,"relics_obtained":["Bag of Preparation"]}],"is_beta":false,"boss_relics":[{"not_picked":["White Beast Statue","Black Star"],"picked":"Empty Cage"}],"items_purged_floors":[4],"is_endless":false,"potions_floor_spawned":[2,3,6,12,14,18],"killed_by":"Snake Plant","ascension_level":12}