{"path_per_floor":["M","M","M","$","?","R","M","R","T","M","?","T","M","M","R","B",null,"M","?","M","M"],"character_chosen":"DEFECT","items_purchased":["FTL","Beam Cell"],"gold_per_floor":[114,127,141,10,10,10,24,24,49,60,135,159,176,193,193,288,288,298,298,310,328,328],"floor_reached":22,"campfire_rested":1,"playtime":1116,"current_hp_per_floor":[67,67,66,66,66,66,58,58,58,50,39,39,41,41,64,46,79,59,44,42,17,0],"items_purged":[],"gold":328,"score":180,"play_id":"89230416-fbe8-4d01-a377-7d4198583763","local_time":"20180429144604","is_prod":false,"is_daily":false,"chose_seed":false,"is_ascension_mode":false,"campfire_upgraded":2,"timestamp":1525027564,"path_taken":["M","M","M","$","?","R","M","R","T","M","?","?","M","M","R","BOSS","M","?","M","M","M"],"build_version":"2018-04-27v3","seed_source_timestamp":13368572288699,"purchased_purges":0,"victory":false,"master_deck":["Strike_B","Strike_B","Strike_B","Strike_B","Defend_B","Defend_B","Defend_B","Defend_B","Zap","Dualcast","Scrape","Streamline+1","Blaster+1","FTL","Beam Cell","Regret","Ball Lightning","Genetic Algorithm","Thunder Strike","Storm+1"],"max_hp_per_floor":[75,75,75,75,75,75,75,75,75,75,75,75,77,79,79,79,79,79,84,86,88,88],"relics":["Cracked Core","Singing Bowl","Oddly Smooth Stone","Anchor","Happy Flower","Velvet Choker"],"card_choices":[{"not_picked":["Go for the Eyes","Barrage"],"picked":"Scrape","floor":1},{"not_picked":["Scrape","Darkness"],"picked":"Streamline","floor":2},{"not_picked":["Amplify","Coolheaded"],"picked":"Blaster","floor":3},{"not_picked":["FTL","Go for the Eyes"],"picked":"Ball Lightning","floor":7},{"not_picked":["Auto Shields","Skim"],"picked":"Genetic Algorithm","floor":10},{"not_picked":["Amplify","Seek"],"picked":"Thunder Strike","floor":16},{"not_picked":["Go for the Eyes","Coolheaded"],"picked":"Storm","floor":18}],"player_experience":164401,"potions_floor_usage":[16,21,21,22],"damage_taken":[{"damage":8,"enemies":"2 Louse","floor":1,"turns":4},{"damage":0,"enemies":"Small Slimes","floor":2,"turns":2},{"damage":1,"enemies":"Cultist","floor":3,"turns":3},{"damage":8,"enemies":"3 Louse","floor":7,"turns":3},{"damage":8,"enemies":"Exordium Wildlife","floor":10,"turns":3},{"damage":0,"enemies":"2 Fungi Beasts","floor":13,"turns":3},{"damage":2,"enemies":"Blue Slaver","floor":14,"turns":3},{"damage":18,"enemies":"Hexaghost","floor":16,"turns":9},{"damage":20,"enemies":"Shell Parasite","floor":18,"turns":7},{"damage":4,"enemies":"3 Byrds","floor":20,"turns":5},{"damage":27,"enemies":"3 Cultists","floor":21,"turns":6},{"damage":20,"enemies":"Chosen and Byrds","floor":22,"turns":4}],"event_choices":[{"event_name":"Big Fish","player_choice":"Box","floor":5,"damage_taken":0},{"event_name":"World of Goop","player_choice":"Gather Gold","floor":11,"damage_taken":0},{"event_name":"Forgotten Altar","player_choice":"Shed Blood","floor":19,"damage_taken":0}],"boss_relics":[{"not_picked":["Inserter","Lizard Tail"],"picked":"Velvet Choker"}],"potions_floor_spawned":[1,2,10,13,18,21],"seed_played":"-1926597779533302493","killed_by":"Chosen and Byrds","ascension_level":0,"is_trial":false}