{"gold_per_floor":[124,148,172,195,224,236,264,340,377,389,421,433,445,477,489,600,612,612,612,612,612,612,612,612,612,612,612,612,612,612],"floor_reached":30,"playtime":1418,"items_purged":[],"score":271,"play_id":"dec9ac4d-d7e5-4dfd-9df5-a217635b15f9","local_time":"20181029214633","is_ascension_mode":false,"campfire_choices":[{"data":"Ghostly Armor","floor":6.0,"key":"SMITH"},{"data":"Combust","floor":10.0,"key":"SMITH"},{"data":"Whirlwind","floor":15.0,"key":"SMITH"},{"data":"Searing Blow+1","floor":23.0,"key":"SMITH"},{"data":"Searing Blow+2","floor":27.0,"key":"SMITH"},{"data":"Searing Blow+3","floor":29.0,"key":"SMITH"}],"neow_cost":"NONE","seed_source_timestamp":0,"circlet_count":0,"master_deck":["Defend_R","Defend_R","Defend_R","Defend_R","Bash","Flex","Ghostly Armor+1","Pommel Strike","Exhume","Cleave","Headbutt","Combust+1","Whirlwind+1","Cleave","Demon Form","Heavy Blade","Armaments+1","Searing Blow+4","Bludgeon","Bite","Bite","Bite","Bite","Bite","Infernal Blade","Armaments"],"special_seed":0,"relics":["Burning Blood","MawBank","Anchor","Omamori","Ectoplasm","Potion Belt","Toxic Egg 2"],"potions_floor_usage":[],"damage_taken":[{"damage":14.0,"enemies":"2 Louse","floor":1.0,"turns":4.0},{"damage":5.0,"enemies":"Small Slimes","floor":2.0,"turns":4.0},{"damage":6.0,"enemies":"Cultist","floor":3.0,"turns":4.0},{"damage":20.0,"enemies":"Exordium Thugs","floor":4.0,"turns":8.0},{"damage":6.0,"enemies":"Blue Slaver","floor":5.0,"turns":4.0},{"damage":5.0,"enemies":"Large Slime","floor":7.0,"turns":6.0},{"damage":19.0,"enemies":"3 Sentries","floor":8.0,"turns":7.0},{"damage":0.0,"enemies":"Exordium Thugs","floor":11.0,"turns":4.0},{"damage":12.0,"enemies":"Blue Slaver","floor":14.0,"turns":3.0},{"damage":59.0,"enemies":"The Guardian","floor":16.0,"turns":13.0},{"damage":0.0,"enemies":"Chosen","floor":18.0,"turns":3.0},{"damage":5.0,"enemies":"Shell Parasite","floor":19.0,"turns":4.0},{"damage":7.0,"enemies":"Centurion and Healer","floor":20.0,"turns":5.0},{"damage":20.0,"enemies":"Snecko","floor":24.0,"turns":4.0},{"damage":23.0,"enemies":"Slavers","floor":25.0,"turns":4.0},{"damage":16.0,"enemies":"3 Cultists","floor":28.0,"turns":5.0},{"damage":46,"enemies":"Book of Stabbing","floor":30,"turns":5}],"seed_played":"-8078471090714971418","potions_obtained":[{"floor":3.0,"key":"Regen Potion"},{"floor":4.0,"key":"Block Potion"},{"floor":11.0,"key":"LiquidBronze"},{"floor":16.0,"key":"EssenceOfSteel"},{"floor":18.0,"key":"Weak Potion"},{"floor":19.0,"key":"Dexterity Potion"},{"floor":25.0,"key":"PowerPotion"}],"is_trial":false,"path_per_floor":["M","M","M","M","M","R","M","?","T","R","M","$","$","M","R","B",null,"M","M","M","?","?","R","M","E","T","R","M","R"],"character_chosen":"IRONCLAD","items_purchased":[],"campfire_rested":0,"item_purchase_floors":[],"current_hp_per_floor":[72,73,73,59,59,59,60,47,47,47,53,53,53,47,47,9,80,80,80,79,79,56,56,48,35,35,35,34,34,0],"gold":612,"neow_bonus":"RANDOM_COMMON_RELIC","is_prod":false,"is_daily":false,"chose_seed":false,"campfire_upgraded":6,"win_rate":0,"timestamp":1540863993,"path_taken":["M","M","M","M","M","R","M","?","T","R","M","?","$","M","R","BOSS","M","M","M","?","?","R","M","E","T","R","M","R","E"],"build_version":"2018-10-29v2","purchased_purges":0,"victory":false,"max_hp_per_floor":[80,80,80,80,80,80,80,80,80,80,80,80,80,80,80,80,80,80,80,80,80,56,56,56,56,56,56,56,56,56],"card_choices":[{"not_picked":["Wild Strike","Twin Strike"],"picked":"Flex","floor":1.0},{"not_picked":["Flex","Heavy Blade"],"picked":"Ghostly Armor","floor":2.0},{"not_picked":["Clash","Twin Strike"],"picked":"Pommel Strike","floor":3.0},{"not_picked":["True Grit","Sentinel"],"picked":"Exhume","floor":4.0},{"not_picked":["Feel No Pain","Hemokinesis"],"picked":"Cleave","floor":5.0},{"not_picked":["Clothesline","Sword Boomerang"],"picked":"Headbutt","floor":7.0},{"not_picked":["Entrench","Wild Strike"],"picked":"Combust","floor":8.0},{"not_picked":["Bloodletting","Shrug It Off"],"picked":"Whirlwind","floor":11.0},{"not_picked":["Rage","Combust"],"picked":"Cleave","floor":14.0},{"not_picked":["Bludgeon","Brutality"],"picked":"Demon Form","floor":16.0},{"not_picked":["Iron Wave+1","Thunderclap"],"picked":"Heavy Blade","floor":18.0},{"not_picked":["Pommel Strike+1","Combust"],"picked":"Armaments+1","floor":19.0},{"not_picked":["Thunderclap","Pommel Strike+1"],"picked":"Searing Blow+1","floor":20.0},{"not_picked":["Shrug It Off","Blood for Blood"],"picked":"Infernal Blade","floor":24.0},{"not_picked":["Wild Strike","Cleave"],"picked":"Armaments","floor":25.0},{"not_picked":["Body Slam","Sentinel+1","Clash"],"picked":"SKIP","floor":28.0}],"player_experience":266702,"relics_obtained":[{"floor":8.0,"key":"Anchor"},{"floor":9.0,"key":"Omamori"},{"floor":25.0,"key":"Potion Belt"},{"floor":26.0,"key":"Toxic Egg 2"}],"event_choices":[{"damage_healed":0.0,"max_hp_gain":0.0,"max_hp_loss":0.0,"gold_gain":0.0,"event_name":"Dead Adventurer","player_choice":"Searched \u00272\u0027 times","floor":8.0,"gold_loss":0.0,"damage_taken":0.0},{"damage_healed":0.0,"max_hp_gain":0.0,"max_hp_loss":0.0,"gold_gain":0.0,"event_name":"The Library","player_choice":"Read","floor":21.0,"gold_loss":0.0,"damage_taken":0.0,"cards_obtained":["Bludgeon"]},{"damage_healed":0.0,"max_hp_gain":0.0,"max_hp_loss":24.0,"gold_gain":0.0,"event_name":"Vampires","player_choice":"Became a vampire","floor":22.0,"gold_loss":0.0,"damage_taken":0.0,"cards_obtained":["Bite","Bite","Bite","Bite","Bite"]}],"is_beta":true,"boss_relics":[{"not_picked":["White Beast Statue","Mark of Pain"],"picked":"Ectoplasm"}],"items_purged_floors":[],"is_endless":false,"potions_floor_spawned":[3,4,11,16,18,19,25],"killed_by":"Book of Stabbing","ascension_level":0}