{"gold_per_floor":[116,136,152,171,185,185,217,217,244,256,268,297,309,335,347,456,468,497,529,541,567,272,306,306,306],"floor_reached":25,"playtime":2119,"items_purged":[],"score":338,"play_id":"4fdc6e4b-a4ae-410a-9b58-69c2c1279dab","local_time":"20190308182428","is_ascension_mode":true,"campfire_choices":[{"data":"Fission","floor":6.0,"key":"SMITH"},{"floor":11.0,"key":"REST"},{"floor":15.0,"key":"REST"},{"data":"Echo Form","floor":24,"key":"SMITH"}],"neow_cost":"NONE","seed_source_timestamp":15276960268200,"circlet_count":0,"master_deck":["AscendersBane","Strike_B","Defend_B","Defend_B","Defend_B","Defend_B","Zap","Dualcast","Biased Cognition+1","Sunder","Defragment","Cold Snap","Redo","Fission+1","Gash","Barrage","Cold Snap","Echo Form+1","Tempest+1","Self Repair+1","Darkness+1","Melter","Creative AI"],"special_seed":0,"relics":["Cracked Core","Thread and Needle","Orichalcum","MawBank","Astrolabe","Shuriken","Bag of Marbles"],"potions_floor_usage":[25,25,25],"damage_taken":[{"damage":0.0,"enemies":"Cultist","floor":1.0,"turns":2.0},{"damage":3.0,"enemies":"2 Louse","floor":2.0,"turns":2.0},{"damage":0.0,"enemies":"Small Slimes","floor":3.0,"turns":3.0},{"damage":5.0,"enemies":"Gremlin Gang","floor":4.0,"turns":4.0},{"damage":17.0,"enemies":"Looter","floor":5.0,"turns":3.0},{"damage":20.0,"enemies":"3 Sentries","floor":7.0,"turns":7.0},{"damage":14.0,"enemies":"Lots of Slimes","floor":12.0,"turns":4.0},{"damage":5.0,"enemies":"Red Slaver","floor":14.0,"turns":3.0},{"damage":22.0,"enemies":"Slime Boss","floor":16.0,"turns":13.0},{"damage":0,"enemies":"3 Byrds","floor":18,"turns":4},{"damage":0,"enemies":"Spheric Guardian","floor":19,"turns":1},{"damage":12,"enemies":"Snake Plant","floor":21,"turns":3},{"damage":29,"enemies":"Gremlin Leader","floor":23,"turns":8},{"damage":36,"enemies":"Book of Stabbing","floor":25,"turns":8}],"seed_played":"4839482928314253460","potions_obtained":[{"floor":1.0,"key":"Explosive Potion"},{"floor":3.0,"key":"EntropicBrew"},{"floor":5.0,"key":"SpeedPotion"},{"floor":14.0,"key":"GamblersBrew"}],"is_trial":false,"path_per_floor":["M","M","M","M","M","R","E","?","T","?","R","M","$","M","R","B",null,"M","M","?","M","$","E","R","E"],"character_chosen":"DEFECT","items_purchased":["PowerPotion","Shuriken"],"campfire_rested":2,"item_purchase_floors":[22,22],"current_hp_per_floor":[68,65,65,60,43,43,23,20,20,20,42,28,28,23,45,23,62,62,62,75,63,63,34,34,0],"gold":306,"neow_bonus":"ONE_RANDOM_RARE_CARD","is_prod":false,"is_daily":false,"chose_seed":false,"campfire_upgraded":2,"win_rate":0,"timestamp":1552087468,"path_taken":["M","M","?","M","M","R","E","?","T","?","R","M","$","?","R","BOSS","M","M","?","M","$","E","R","E"],"build_version":"2019-01-23","purchased_purges":0,"victory":false,"max_hp_per_floor":[75,75,75,75,75,75,75,75,75,75,75,75,75,75,75,75,75,75,75,75,75,75,75,75,75],"card_choices":[{"not_picked":["Self Repair","Beam Cell"],"picked":"Sunder","floor":1.0},{"not_picked":["Streamline","Turbo"],"picked":"Defragment","floor":2.0},{"not_picked":["Streamline","Steam Power"],"picked":"Cold Snap","floor":3.0},{"not_picked":["Gash","Beam Cell"],"picked":"Redo","floor":4.0},{"not_picked":["Gash","Compile Driver"],"picked":"Fission","floor":5.0},{"not_picked":["Storm","Streamline"],"picked":"Gash","floor":7.0},{"not_picked":["Reinforced Body","Conserve Battery"],"picked":"Barrage","floor":12.0},{"not_picked":["Skim","Barrage"],"picked":"Cold Snap","floor":14.0},{"not_picked":["Electrodynamics","Reboot"],"picked":"Echo Form","floor":16.0},{"not_picked":["Redo","Auto Shields"],"picked":"Melter","floor":18},{"not_picked":["Melter","Sweeping Beam","Consume"],"picked":"SKIP","floor":19},{"not_picked":["Coolheaded+1","Recycle","Skim"],"picked":"SKIP","floor":21},{"not_picked":["Recycle+1","Undo"],"picked":"Creative AI","floor":23}],"player_experience":531486,"relics_obtained":[{"floor":7.0,"key":"Thread and Needle"},{"floor":9.0,"key":"MawBank"},{"floor":23,"key":"Bag of Marbles"}],"event_choices":[{"damage_healed":0.0,"max_hp_gain":0.0,"max_hp_loss":0.0,"gold_gain":0.0,"event_name":"Scrap Ooze","player_choice":"Success","floor":8.0,"gold_loss":0.0,"damage_taken":3.0,"relics_obtained":["Orichalcum"]},{"damage_healed":0.0,"max_hp_gain":0.0,"max_hp_loss":0.0,"gold_gain":0.0,"event_name":"Upgrade Shrine","player_choice":"Upgraded","floor":10.0,"gold_loss":0.0,"damage_taken":0.0,"cards_upgraded":["Biased Cognition"]},{"damage_healed":13,"gold_gain":0,"player_choice":"Full Heal","damage_taken":0,"max_hp_gain":0,"max_hp_loss":0,"event_name":"Wheel of Change","floor":20,"gold_loss":0}],"is_beta":false,"boss_relics":[{"not_picked":["White Beast Statue","Tiny House"],"picked":"Astrolabe"}],"items_purged_floors":[],"is_endless":false,"potions_floor_spawned":[1,3,5,14,19,21,23],"killed_by":"Book of Stabbing","ascension_level":10}