{"gold_per_floor":[368,388,388,237,252,287,287,287,287,307,320,353,386,399,399,528,528,528,305,305,305,305,305,305,305,305,305,305,305,305,305,305,305,305,305,305,180,180,180,180,180,180,180,180,180,180,180,17,17,17,17,17,17,17,17],"floor_reached":55,"playtime":3440,"items_purged":["Injury","Strike_R","Strike_R","Strike_R"],"score":795,"play_id":"c6ada7de-ae10-42ea-bd68-698f36986503","local_time":"20190128153446","is_ascension_mode":true,"campfire_choices":[{"floor":8.0,"key":"REST"},{"data":"Demon Form","floor":15.0,"key":"SMITH"},{"floor":32.0,"key":"REST"},{"data":"Armaments","floor":40,"key":"SMITH"},{"floor":49,"key":"RECALL"},{"data":"Metallicize","floor":52,"key":"SMITH"}],"neow_cost":"PERCENT_DAMAGE","seed_source_timestamp":177279693625558,"circlet_count":0,"master_deck":["Strike_R","Strike_R","Defend_R","Defend_R","Defend_R","Defend_R","Bash","Armaments+1","Ghostly Armor","Seeing Red","Clothesline","Demon Form+1","Iron Wave","Uppercut","Double Tap","Pommel Strike","Ghostly Armor","Shrug It Off","Iron Wave","Metallicize+1","Evolve+1","Armaments+1","Dropkick","True Grit+1","Disarm+1","RitualDagger","Reaper","Thunderclap+1","Armaments+1"],"special_seed":0,"relics":["Burning Blood","Golden Idol","Sundial","Mercury Hourglass","Omamori","Centennial Puzzle","Odd Mushroom","Ectoplasm","Magic Flower","Dodecahedron","Toxic Egg 2","Regal Pillow","Coffee Dripper","Gambling Chip","Dream Catcher","The Courier","Frozen Egg 2","Pear","Red Skull"],"potions_floor_usage":[45,55,55],"damage_taken":[{"damage":0.0,"enemies":"Small Slimes","floor":1.0,"turns":3.0},{"damage":5.0,"enemies":"Jaw Worm","floor":2.0,"turns":5.0},{"damage":12.0,"enemies":"Cultist","floor":5.0,"turns":6.0},{"damage":39.0,"enemies":"Lagavulin","floor":6.0,"turns":8.0},{"damage":5.0,"enemies":"Looter","floor":10.0,"turns":3.0},{"damage":15.0,"enemies":"2 Fungi Beasts","floor":11.0,"turns":4.0},{"damage":21.0,"enemies":"Gremlin Nob","floor":12.0,"turns":4.0},{"damage":8.0,"enemies":"The Mushroom Lair","floor":13.0,"turns":5.0},{"damage":0.0,"enemies":"Large Slime","floor":14.0,"turns":5.0},{"damage":25.0,"enemies":"The Guardian","floor":16.0,"turns":9.0},{"damage":0.0,"enemies":"3 Byrds","floor":18.0,"turns":5.0},{"damage":18.0,"enemies":"Colosseum Slavers","floor":20.0,"turns":5.0},{"damage":4.0,"enemies":"Colosseum Nobs","floor":20.0,"turns":4.0},{"damage":3.0,"enemies":"Chosen","floor":22.0,"turns":5.0},{"damage":4.0,"enemies":"Centurion and Healer","floor":23.0,"turns":7.0},{"damage":16.0,"enemies":"Snake Plant","floor":24.0,"turns":4.0},{"damage":7.0,"enemies":"Cultist and Chosen","floor":25.0,"turns":5.0},{"damage":34.0,"enemies":"Book of Stabbing","floor":27.0,"turns":7.0},{"damage":9.0,"enemies":"Shelled Parasite and Fungi","floor":28.0,"turns":6.0},{"damage":20.0,"enemies":"Gremlin Leader","floor":29.0,"turns":8.0},{"damage":8.0,"enemies":"Centurion and Healer","floor":30.0,"turns":8.0},{"damage":35.0,"enemies":"Automaton","floor":33.0,"turns":9.0},{"damage":9.0,"enemies":"Orb Walker","floor":35.0,"turns":3.0},{"damage":11,"enemies":"Mind Bloom Boss Battle","floor":36,"turns":8},{"damage":5,"enemies":"Nemesis","floor":41,"turns":7},{"damage":50,"enemies":"Reptomancer","floor":44,"turns":7},{"damage":9,"enemies":"3 Darklings","floor":45,"turns":11},{"damage":31,"enemies":"Giant Head","floor":46,"turns":8},{"damage":4,"enemies":"Spire Growth","floor":47,"turns":5},{"damage":49,"enemies":"Awakened One","floor":50,"turns":12},{"damage":61,"enemies":"Shield and Spear","floor":54,"turns":10},{"damage":95,"enemies":"The Heart","floor":55,"turns":8}],"seed_played":"-3786705350407865749","potions_obtained":[{"floor":2.0,"key":"Poison Potion"},{"floor":5.0,"key":"SteroidPotion"},{"floor":11.0,"key":"SteroidPotion"},{"floor":12.0,"key":"Regen Potion"},{"floor":16.0,"key":"Ancient Potion"},{"floor":18.0,"key":"AttackPotion"},{"floor":20.0,"key":"BloodPotion"},{"floor":23.0,"key":"SkillPotion"},{"floor":28.0,"key":"GamblersBrew"},{"floor":29.0,"key":"Strength Potion"},{"floor":41,"key":"Block Potion"},{"floor":44,"key":"Fire Potion"}],"is_trial":false,"path_per_floor":["?","?","M","?","?","?","M","?","?","?","?","?"],"character_chosen":"IRONCLAD","items_purchased":["Seeing Red","Ghostly Armor","Shrug It Off","Armaments+1"],"campfire_rested":2,"item_purchase_floors":[4,19,19,48],"current_hp_per_floor":[62,63,63,63,57,24,24,48,48,49,40,25,37,43,43,24,80,80,80,70,54,72,77,70,72,72,47,47,36,37,31,70,44,80,80,80,80,80,80,80,80,80,80,39,80,86,90,90,90,90,90,90,90,90,0],"gold":17,"neow_bonus":"TWO_FIFTY_GOLD","is_prod":false,"is_daily":false,"chose_seed":false,"campfire_upgraded":3,"win_rate":0,"timestamp":1548718486,"path_taken":["M","M","?","$","M","E","?","R","T","?","M","E","?","M","R","BOSS","M","$","?","?","?","M","M","M","T","E","M","E","M","?","R","BOSS","M","?","$","?","?","R","E","?","T","E","M","E","M","$","R","BOSS","R","$","E","BOSS"],"build_version":"2019-01-23","purchased_purges":4,"victory":false,"max_hp_per_floor":[80,80,80,80,80,80,80,80,80,80,80,80,80,80,80,80,80,80,80,80,80,80,80,80,80,80,80,80,80,80,80,80,80,80,80,80,80,80,80,80,80,80,80,80,80,90,90,90,90,90,90,90,90,90,90],"card_choices":[{"not_picked":["Clothesline","Combust"],"picked":"Armaments","floor":1.0},{"not_picked":["Sever Soul","Armaments"],"picked":"Ghostly Armor","floor":2.0},{"not_picked":["Flex","Perfected Strike"],"picked":"Clothesline","floor":5.0},{"not_picked":["Ghostly Armor","Fire Breathing"],"picked":"Demon Form","floor":6.0},{"not_picked":["Entrench","Second Wind","Anger"],"picked":"SKIP","floor":10.0},{"not_picked":["Carnage","Shrug It Off"],"picked":"Iron Wave","floor":11.0},{"not_picked":["Warcry","Clothesline"],"picked":"Uppercut","floor":12.0},{"not_picked":["Dual Wield","Anger","Heavy Blade"],"picked":"SKIP","floor":14.0},{"not_picked":["Dark Embrace","Juggernaut"],"picked":"Double Tap","floor":16.0},{"not_picked":["Heavy Blade","Blood for Blood+1"],"picked":"Pommel Strike","floor":18.0},{"not_picked":["Perfected Strike","Brutality"],"picked":"Iron Wave","floor":22.0},{"not_picked":["Sever Soul+1","Body Slam","Second Wind"],"picked":"SKIP","floor":23.0},{"not_picked":["Twin Strike+1","Sword Boomerang"],"picked":"Metallicize","floor":24.0},{"not_picked":["Battle Trance","Iron Wave+1"],"picked":"Evolve+1","floor":25.0},{"not_picked":["Barricade","Evolve"],"picked":"Armaments","floor":27.0},{"not_picked":["Body Slam","Headbutt"],"picked":"Dropkick","floor":28.0},{"not_picked":["Body Slam","Seeing Red+1"],"picked":"True Grit+1","floor":29.0},{"not_picked":["Shrug It Off+1","Feel No Pain+1"],"picked":"Disarm+1","floor":30.0},{"not_picked":["Impervious+1","Brutality"],"picked":"Reaper","floor":33.0},{"not_picked":["Flex+1","Hemokinesis+1","Pommel Strike+1"],"picked":"SKIP","floor":35.0},{"not_picked":["Shrug It Off+1","Cleave+1","Flex+1"],"picked":"SKIP","floor":41},{"not_picked":["Uppercut","Cleave+1","Inflame"],"picked":"SKIP","floor":44},{"not_picked":["Heavy Blade+1","Body Slam+1"],"picked":"Thunderclap+1","floor":45},{"not_picked":["Wild Strike+1","Heavy Blade+1","Shockwave+1"],"picked":"SKIP","floor":46},{"not_picked":["Searing Blow+1","Shockwave+1","Pummel"],"picked":"SKIP","floor":47},{"not_picked":["Feed","Shrug It Off+1","Thunderclap"],"picked":"SKIP","floor":54}],"player_experience":17828,"relics_obtained":[{"floor":6.0,"key":"Sundial"},{"floor":9.0,"key":"Omamori"},{"floor":12.0,"key":"Centennial Puzzle"},{"floor":13.0,"key":"Odd Mushroom"},{"floor":20.0,"key":"Magic Flower"},{"floor":20.0,"key":"Dodecahedron"},{"floor":27.0,"key":"Toxic Egg 2"},{"floor":29.0,"key":"Regal Pillow"},{"floor":36,"key":"Gambling Chip"},{"floor":41,"key":"Dream Catcher"},{"floor":43,"key":"The Courier"},{"floor":44,"key":"Frozen Egg 2"},{"floor":46,"key":"Pear"},{"floor":54,"key":"Red Skull"}],"event_choices":[{"damage_healed":0.0,"max_hp_gain":0.0,"max_hp_loss":0.0,"gold_gain":0.0,"event_name":"Golden Idol","player_choice":"Take Wound","floor":3.0,"gold_loss":0.0,"damage_taken":0.0,"relics_obtained":["Golden Idol"],"cards_obtained":["Injury"]},{"damage_healed":0.0,"max_hp_gain":0.0,"max_hp_loss":0.0,"gold_gain":0.0,"event_name":"WeMeetAgain","player_choice":"Gave Potion","floor":7.0,"gold_loss":0.0,"damage_taken":0.0,"relics_obtained":["Mercury Hourglass"]},{"damage_healed":0.0,"max_hp_gain":0.0,"max_hp_loss":0.0,"gold_gain":0.0,"event_name":"Mushrooms","player_choice":"Fought Mushrooms","floor":13.0,"gold_loss":0.0,"damage_taken":0.0},{"damage_healed":0.0,"max_hp_gain":0.0,"max_hp_loss":0.0,"gold_gain":0.0,"event_name":"Colosseum","player_choice":"Fight","floor":20.0,"gold_loss":0.0,"damage_taken":0.0},{"damage_healed":0.0,"max_hp_gain":0.0,"max_hp_loss":0.0,"gold_gain":0.0,"event_name":"Colosseum","player_choice":"Fought Nobs","floor":20.0,"gold_loss":0.0,"damage_taken":0.0},{"damage_healed":0.0,"max_hp_gain":0.0,"max_hp_loss":0.0,"gold_gain":0.0,"event_name":"Knowing Skull","player_choice":"CARD ","floor":21.0,"potions_obtained":[],"gold_loss":0.0,"damage_taken":16.0,"cards_obtained":["Dramatic Entrance"]},{"damage_healed":0.0,"max_hp_gain":0.0,"max_hp_loss":0.0,"gold_gain":0.0,"event_name":"Nest","player_choice":"Joined the Cult","floor":31.0,"gold_loss":0.0,"damage_taken":6.0,"cards_obtained":["RitualDagger"]},{"damage_healed":0,"gold_gain":0,"player_choice":"Fight","damage_taken":0,"max_hp_gain":0,"max_hp_loss":0,"event_name":"MindBloom","floor":36,"gold_loss":0},{"damage_healed":0,"gold_gain":0,"player_choice":"Ignored","damage_taken":0,"max_hp_gain":0,"max_hp_loss":0,"event_name":"The Moai Head","floor":38,"gold_loss":0},{"cards_removed":["Dramatic Entrance"],"damage_healed":0,"gold_gain":0,"player_choice":"Removed Attack","damage_taken":0,"max_hp_gain":0,"max_hp_loss":0,"event_name":"Falling","floor":39,"gold_loss":0},{"damage_healed":0,"gold_gain":0,"player_choice":"Ignored","damage_taken":0,"max_hp_gain":0,"max_hp_loss":0,"event_name":"Tomb of Lord Red Mask","floor":42,"gold_loss":0}],"is_beta":false,"boss_relics":[{"not_picked":["Astrolabe","Fusion Hammer"],"picked":"Ectoplasm"},{"not_picked":["Runic Dome","Philosopher\u0027s Stone"],"picked":"Coffee Dripper"}],"items_purged_floors":[4,19,37,48],"is_endless":false,"potions_floor_spawned":[2,5,11,12,16,18,20,23,28,29,41,44,47],"killed_by":"The Heart","ascension_level":1}