{"gold_per_floor":[115,115,115,126,126,158,158,170,216,244,258,285,300,152,152,255,255,265,364,206,206,188,188,222,222,222,222,252,252,8,35,35,136,136,146,160,173,23,38,38,71,71,152,164,196,196,212,88,88,88],"floor_reached":51,"playtime":1983,"items_purged":["Shame"],"score":1048,"play_id":"821f4b55-bd0b-4e36-b4f7-9a7ed40c3023","local_time":"20190203001223","is_ascension_mode":true,"campfire_choices":[{"data":"Feel No Pain","floor":7.0,"key":"SMITH"},{"floor":15.0,"key":"REST"},{"data":"Whirlwind","floor":23.0,"key":"SMITH"},{"data":"Double Tap","floor":25.0,"key":"SMITH"},{"data":"Fiend Fire","floor":27.0,"key":"SMITH"},{"data":"Exhume","floor":29.0,"key":"SMITH"},{"data":"Apotheosis","floor":32.0,"key":"SMITH"},{"floor":40.0,"key":"RECALL"},{"floor":42.0,"key":"REST"},{"floor":49,"key":"REST"}],"neow_cost":"NONE","seed_source_timestamp":16983713594500,"circlet_count":0,"master_deck":["Strike_R","Strike_R","Strike_R","Strike_R","Strike_R+1","Defend_R","Defend_R","Defend_R","Defend_R","Bash+1","Corruption","Feel No Pain+1","Havoc","Heavy Blade+1","Shockwave","Headbutt","Pummel","Ghostly Armor","Exhume+1","Spot Weakness+1","Whirlwind+1","Fiend Fire+1","Battle Trance","Double Tap+1","Metallicize+1","Apotheosis+1","Demon Form","Shrug It Off+1","Body Slam+1","Disarm+1","Inflame","Rage+1"],"special_seed":0,"relics":["Burning Blood","NeowsBlessing","Ancient Tea Set","Red Skull","Oddly Smooth Stone","Whetstone","Bag of Preparation","Velvet Choker","Happy Flower","Anchor","Question Card","Sundial","Bag of Marbles","Fusion Hammer","PreservedInsect","Lantern","Pantograph","Omamori"],"potions_floor_usage":[50,50,50],"damage_taken":[{"damage":0.0,"enemies":"Jaw Worm","floor":1.0,"turns":1.0},{"damage":0.0,"enemies":"Small Slimes","floor":4.0,"turns":1.0},{"damage":0.0,"enemies":"3 Sentries","floor":6.0,"turns":1.0},{"damage":0.0,"enemies":"Cultist","floor":8.0,"turns":4.0},{"damage":45.0,"enemies":"Lagavulin","floor":10.0,"turns":7.0},{"damage":7.0,"enemies":"Large Slime","floor":11.0,"turns":7.0},{"damage":14.0,"enemies":"3 Sentries","floor":12.0,"turns":10.0},{"damage":11.0,"enemies":"Exordium Wildlife","floor":13.0,"turns":2.0},{"damage":36.0,"enemies":"Hexaghost","floor":16.0,"turns":11.0},{"damage":10.0,"enemies":"Shell Parasite","floor":18.0,"turns":7.0},{"damage":14.0,"enemies":"2 Thieves","floor":22.0,"turns":5.0},{"damage":27.0,"enemies":"Gremlin Leader","floor":24.0,"turns":5.0},{"damage":9.0,"enemies":"Slavers","floor":28.0,"turns":3.0},{"damage":4.0,"enemies":"Book of Stabbing","floor":31.0,"turns":2.0},{"damage":37.0,"enemies":"Collector","floor":33.0,"turns":9.0},{"damage":10.0,"enemies":"3 Shapes","floor":35.0,"turns":1.0},{"damage":0.0,"enemies":"Orb Walker","floor":36.0,"turns":4.0},{"damage":10.0,"enemies":"Writhing Mass","floor":37.0,"turns":4.0},{"damage":0.0,"enemies":"Sphere and 2 Shapes","floor":39.0,"turns":3.0},{"damage":30.0,"enemies":"Reptomancer","floor":41.0,"turns":6.0},{"damage":0.0,"enemies":"Jaw Worm Horde","floor":44.0,"turns":1.0},{"damage":7,"enemies":"Giant Head","floor":45,"turns":6},{"damage":1,"enemies":"3 Darklings","floor":47,"turns":2},{"damage":8,"enemies":"Awakened One","floor":50,"turns":9}],"seed_played":"-1670693103088800961","potions_obtained":[{"floor":1.0,"key":"Ancient Potion"},{"floor":6.0,"key":"SpeedPotion"},{"floor":11.0,"key":"SpeedPotion"},{"floor":16.0,"key":"GamblersBrew"},{"floor":18.0,"key":"SteroidPotion"},{"floor":31.0,"key":"FearPotion"},{"floor":37.0,"key":"FearPotion"},{"floor":41.0,"key":"Dexterity Potion"}],"is_trial":false,"path_per_floor":["M","?","?","M","?","E","R","M","T","E","M","E","M","$","R","B",null,"M","?","$","?","M","R","E","R","T","R","E","R","$","E","R","B",null,"M","M","M","$","M","R","E","R","T","M","E","?","M","$","R","B",null],"character_chosen":"IRONCLAD","items_purchased":["Bag of Preparation","Whirlwind","Fiend Fire","Apotheosis","PreservedInsect","AttackPotion","EssenceOfSteel"],"campfire_rested":3,"item_purchase_floors":[14,20,20,30,38,48,48],"current_hp_per_floor":[80,80,80,80,80,80,80,80,80,41,40,32,27,27,51,21,80,76,76,76,76,68,68,47,47,47,47,44,44,44,46,46,15,80,76,80,76,76,80,80,56,80,80,80,79,79,80,80,80,78],"gold":88,"neow_bonus":"THREE_ENEMY_KILL","is_prod":false,"is_daily":false,"chose_seed":false,"campfire_upgraded":6,"win_rate":0,"timestamp":1549170743,"path_taken":["M","?","?","M","?","E","R","M","T","E","M","E","M","$","R","BOSS","M","?","$","?","M","R","E","R","T","R","E","R","?","E","R","BOSS","M","M","M","$","M","R","E","R","T","?","E","?","M","$","R","BOSS"],"build_version":"2019-01-23","purchased_purges":1,"victory":true,"max_hp_per_floor":[80,80,80,80,80,80,80,80,80,80,80,80,80,80,80,80,80,80,80,80,80,80,80,80,80,80,80,80,80,80,80,80,80,80,80,80,80,80,80,80,80,80,80,80,80,80,80,80,80,80],"card_choices":[{"not_picked":["Shockwave","Headbutt"],"picked":"Corruption","floor":1.0},{"not_picked":["Infernal Blade","Sever Soul"],"picked":"Feel No Pain","floor":4.0},{"not_picked":["Dual Wield","Clothesline"],"picked":"Havoc","floor":6.0},{"not_picked":["Corruption","Sever Soul"],"picked":"Heavy Blade","floor":8.0},{"not_picked":["Feed","True Grit"],"picked":"Shockwave","floor":10.0},{"not_picked":["Blood for Blood","Clothesline"],"picked":"Headbutt","floor":11.0},{"not_picked":["Havoc","Heavy Blade"],"picked":"Pummel","floor":12.0},{"not_picked":["Heavy Blade","Intimidate"],"picked":"Ghostly Armor","floor":13.0},{"not_picked":["Immolate","Double Tap"],"picked":"Exhume","floor":16.0},{"not_picked":["Wild Strike","Pommel Strike"],"picked":"Spot Weakness+1","floor":18.0},{"not_picked":["Cleave","Sword Boomerang+1"],"picked":"Battle Trance","floor":22.0},{"not_picked":["Ghostly Armor","Blood for Blood"],"picked":"Double Tap","floor":24.0},{"not_picked":["Heavy Blade","Shrug It Off","Havoc"],"picked":"Metallicize+1","floor":28.0},{"not_picked":["Body Slam+1","Armaments","Shockwave","Anger"],"picked":"SKIP","floor":31.0},{"not_picked":["Exhume","Fiend Fire","Brutality"],"picked":"Demon Form","floor":33.0},{"not_picked":["Headbutt","Reckless Charge+1","Corruption","Perfected Strike"],"picked":"SKIP","floor":35.0},{"not_picked":["Second Wind","Clothesline","Sword Boomerang+1"],"picked":"Shrug It Off+1","floor":36.0},{"not_picked":["Iron Wave","Combust+1","Hemokinesis+1"],"picked":"Body Slam+1","floor":37.0},{"not_picked":["Wild Strike+1","Heavy Blade+1","Clothesline","Iron Wave+1"],"picked":"SKIP","floor":39.0},{"not_picked":["Armaments+1","Perfected Strike","Carnage"],"picked":"Disarm+1","floor":41.0},{"not_picked":["Pommel Strike","True Grit","Cleave","Havoc+1"],"picked":"SKIP","floor":44.0},{"not_picked":["Pummel","Infernal Blade+1","Shrug It Off+1"],"picked":"Inflame","floor":45},{"not_picked":["Bloodletting","Infernal Blade","Rampage+1"],"picked":"Rage+1","floor":47}],"player_experience":358466,"relics_obtained":[{"floor":6.0,"key":"Ancient Tea Set"},{"floor":9.0,"key":"Red Skull"},{"floor":10.0,"key":"Oddly Smooth Stone"},{"floor":12.0,"key":"Whetstone"},{"floor":24.0,"key":"Anchor"},{"floor":26.0,"key":"Question Card"},{"floor":28.0,"key":"Sundial"},{"floor":31.0,"key":"Bag of Marbles"},{"floor":41.0,"key":"Lantern"},{"floor":43.0,"key":"Pantograph"},{"floor":45,"key":"Omamori"}],"event_choices":[{"damage_healed":0.0,"max_hp_gain":0.0,"max_hp_loss":0.0,"gold_gain":0.0,"event_name":"The Cleric","player_choice":"Leave","floor":2.0,"gold_loss":0.0,"damage_taken":0.0},{"damage_healed":0.0,"max_hp_gain":0.0,"max_hp_loss":0.0,"gold_gain":0.0,"event_name":"Living Wall","player_choice":"Grow","floor":3.0,"gold_loss":0.0,"damage_taken":0.0,"cards_upgraded":["Bash"]},{"damage_healed":0.0,"max_hp_gain":0.0,"max_hp_loss":0.0,"gold_gain":0.0,"event_name":"The Woman in Blue","player_choice":"Bought 0 Potions","floor":5.0,"gold_loss":0.0,"damage_taken":0.0},{"damage_healed":0.0,"max_hp_gain":0.0,"max_hp_loss":0.0,"gold_gain":99.0,"event_name":"Nest","player_choice":"Stole From Cult","floor":19.0,"gold_loss":0.0,"damage_taken":0.0},{"damage_healed":0.0,"max_hp_gain":0.0,"max_hp_loss":0.0,"gold_gain":0.0,"event_name":"Addict","player_choice":"Stole Relic","floor":21.0,"gold_loss":0.0,"damage_taken":0.0,"relics_obtained":["Happy Flower"],"cards_obtained":["Shame"]},{"damage_healed":0,"gold_gain":0,"player_choice":"Ignored","damage_taken":0,"max_hp_gain":0,"max_hp_loss":0,"event_name":"SecretPortal","floor":46,"gold_loss":0}],"is_beta":false,"boss_relics":[{"not_picked":["Sozu","Ectoplasm"],"picked":"Velvet Choker"},{"not_picked":["Mark of Pain","Busted Crown"],"picked":"Fusion Hammer"}],"items_purged_floors":[30],"is_endless":false,"potions_floor_spawned":[1,6,11,16,18,28,31,37,41,47],"ascension_level":3}