{"gold_per_floor":[116,130,130,144,144,177,193,193,193,193,205,50,70,88,88,192,242,262,262,262,187,187],"floor_reached":22,"playtime":668,"items_purged":["Strike_B"],"score":295,"play_id":"a9be7d1b-09fb-4548-a691-e861b479942c","local_time":"20190226171330","is_ascension_mode":true,"campfire_choices":[{"floor":8,"key":"REST"},{"floor":10,"key":"REST"},{"floor":15,"key":"REST"}],"neow_cost":"NONE","seed_source_timestamp":358244076863000,"circlet_count":0,"master_deck":["Defend_B","Defend_B","Defend_B","Defend_B+1","Zap","Dualcast","Redo","Gash","Gash","Biased Cognition","Gash","Defragment+1","Creative AI+1","Thunder Strike","Bite","Bite","Bite","Bite","Bite"],"relics":["Cracked Core","Nunchaku","Frozen Egg 2","Tiny House"],"potions_floor_usage":[6,6,14,16],"damage_taken":[{"damage":10,"enemies":"Small Slimes","floor":1,"turns":4},{"damage":0,"enemies":"2 Louse","floor":2,"turns":1},{"damage":11,"enemies":"Cultist","floor":4,"turns":4},{"damage":9,"enemies":"Gremlin Nob","floor":6,"turns":4},{"damage":16,"enemies":"Blue Slaver","floor":7,"turns":3},{"damage":10,"enemies":"2 Fungi Beasts","floor":11,"turns":3},{"damage":13,"enemies":"3 Louse","floor":13,"turns":3},{"damage":21,"enemies":"Blue Slaver","floor":14,"turns":3},{"damage":44,"enemies":"The Guardian","floor":16,"turns":10},{"damage":25,"enemies":"Spheric Guardian","floor":18,"turns":5},{"damage":36,"enemies":"Shell Parasite","floor":22,"turns":4}],"seed_played":"5626558587955903291","potions_obtained":[{"floor":1,"key":"LiquidBronze"},{"floor":4,"key":"SmokeBomb"},{"floor":5,"key":"FairyPotion"},{"floor":5,"key":"SkillPotion"},{"floor":5,"key":"PowerPotion"},{"floor":7,"key":"SkillPotion"},{"floor":11,"key":"Ancient Potion"},{"floor":14,"key":"FearPotion"},{"floor":17,"key":"Fire Potion"}],"is_trial":false,"path_per_floor":["M","M","?","M","?","E","M","R","T","R","M","$","M","M","R","B",null,"M","?","?","?","M"],"character_chosen":"DEFECT","items_purchased":["Creative AI+1"],"campfire_rested":3,"item_purchase_floors":[12],"current_hp_per_floor":[58,58,51,40,40,31,15,37,37,59,49,49,36,15,37,7,63,38,38,29,29,0],"gold":187,"neow_bonus":"THREE_CARDS","is_prod":false,"is_daily":false,"chose_seed":false,"campfire_upgraded":0,"win_rate":0,"timestamp":1551219210,"path_taken":["M","M","?","M","?","E","?","R","T","R","M","$","M","M","R","BOSS","M","?","?","?","?"],"build_version":"2019-01-23","purchased_purges":1,"victory":false,"max_hp_per_floor":[75,75,75,75,75,75,75,75,75,75,75,75,75,75,75,75,80,80,56,61,61,61],"card_choices":[{"not_picked":["Stack","Aggregate"],"picked":"Barrage","floor":0},{"not_picked":["Tempest","Steam"],"picked":"Redo","floor":1},{"not_picked":["Redo","Auto Shields"],"picked":"Gash","floor":2},{"not_picked":["Lockon","Genetic Algorithm"],"picked":"Gash","floor":4},{"not_picked":["Coolheaded","Chill"],"picked":"Biased Cognition","floor":6},{"not_picked":["Barrage","Fusion"],"picked":"Gash","floor":7},{"not_picked":["Conserve Battery","Leap"],"picked":"Defragment+1","floor":11},{"not_picked":["Conserve Battery","Turbo","Steam"],"picked":"SKIP","floor":13},{"not_picked":["Aggregate","Streamline"],"picked":"Thunder Strike","floor":14},{"not_picked":["Go for the Eyes+1","Cold Snap","Stack"],"picked":"SKIP","floor":18}],"player_experience":486350,"relics_obtained":[{"floor":6,"key":"Nunchaku"},{"floor":9,"key":"Frozen Egg 2"}],"event_choices":[{"cards_removed":["Strike_B"],"damage_healed":0,"gold_gain":0,"player_choice":"Card Removal","damage_taken":7,"max_hp_gain":0,"max_hp_loss":0,"event_name":"Golden Wing","floor":3,"gold_loss":0},{"damage_healed":0,"gold_gain":0,"player_choice":"Got Potions","damage_taken":0,"max_hp_gain":0,"max_hp_loss":0,"event_name":"Lab","floor":5,"gold_loss":0},{"damage_healed":0,"gold_gain":0,"player_choice":"Became a vampire","damage_taken":0,"max_hp_gain":0,"max_hp_loss":24,"event_name":"Vampires","floor":19,"gold_loss":0,"cards_obtained":["Bite","Bite","Bite","Bite","Bite"]},{"damage_healed":0,"gold_gain":0,"player_choice":"Shed Blood","damage_taken":14,"max_hp_gain":5,"max_hp_loss":0,"event_name":"Forgotten Altar","floor":20,"gold_loss":0},{"cards_removed":["Barrage"],"damage_healed":0,"gold_gain":0,"player_choice":"Gave Gold","damage_taken":0,"max_hp_gain":0,"max_hp_loss":0,"event_name":"Beggar","floor":21,"gold_loss":75}],"is_beta":false,"boss_relics":[{"not_picked":["Coffee Dripper","White Beast Statue"],"picked":"Tiny House"}],"items_purged_floors":[12],"is_endless":false,"potions_floor_spawned":[1,4,7,11,14],"killed_by":"Shell Parasite","ascension_level":9}