{"gold_per_floor":[11,86,105,105,118,118,133,133,183,203,203,223,26,40,40,135,135,150,150,166,191,191,191],"floor_reached":23,"playtime":1407,"items_purged":[],"score":183,"play_id":"fcfb3b81-c035-439c-9230-8a716a67c5d5","local_time":"20181128003056","is_ascension_mode":false,"campfire_choices":[{"data":"Poisoned Stab","floor":6,"key":"SMITH"},{"data":"Neutralize","floor":11,"key":"SMITH"},{"floor":15,"key":"REST"}],"neow_cost":"NO_GOLD","seed_source_timestamp":730409974930331,"circlet_count":0,"master_deck":["Defend_G","Defend_G","Defend_G","Defend_G","Defend_G","Strike_G","Strike_G","Strike_G","Strike_G","Strike_G","Survivor","Neutralize+1","Flying Knee","Dagger Spray","Poisoned Stab+1","Flying Knee","Deadly Poison","Blade Dance","Finisher","Terror","Sucker Punch","Endless Agony"],"relics":["Ring of the Serpent","Ice Cream","Sling","Red Mask","Nloth\u0027s Gift"],"potions_floor_usage":[16,16,16,21,21,23],"damage_taken":[{"damage":1,"enemies":"Cultist","floor":1,"turns":4},{"damage":0,"enemies":"Small Slimes","floor":3,"turns":4},{"damage":0,"enemies":"Jaw Worm","floor":5,"turns":4},{"damage":4,"enemies":"Red Slaver","floor":7,"turns":3},{"damage":6,"enemies":"Exordium Thugs","floor":10,"turns":5},{"damage":10,"enemies":"2 Fungi Beasts","floor":12,"turns":3},{"damage":10,"enemies":"Looter","floor":14,"turns":3},{"damage":16,"enemies":"The Guardian","floor":16,"turns":9},{"damage":28,"enemies":"Shell Parasite","floor":18,"turns":7},{"damage":0,"enemies":"3 Byrds","floor":20,"turns":4},{"damage":51,"enemies":"Masked Bandits","floor":21,"turns":6},{"damage":28,"enemies":"Book of Stabbing","floor":23,"turns":3}],"seed_played":"-949270802907869808","potions_obtained":[{"floor":3,"key":"Strength Potion"},{"floor":5,"key":"Strength Potion"},{"floor":14,"key":"Weak Potion"},{"floor":18,"key":"Regen Potion"},{"floor":20,"key":"EssenceOfSteel"},{"floor":21,"key":"Regen Potion"}],"is_trial":false,"path_per_floor":["M","?","M","?","M","R","M","$","T","M","R","M","$","M","R","B",null,"M","?","M","?","?","E"],"character_chosen":"THE_SILENT","items_purchased":["Sling"],"campfire_rested":1,"item_purchase_floors":[13],"current_hp_per_floor":[69,58,58,58,58,58,54,54,54,48,48,38,38,28,49,33,70,42,42,42,5,5,0],"gold":191,"neow_bonus":"ONE_RARE_RELIC","is_prod":false,"is_daily":false,"chose_seed":false,"campfire_upgraded":2,"win_rate":0.0,"timestamp":1543383056,"path_taken":["M","?","M","?","?","R","M","?","T","M","R","M","$","M","R","BOSS","M","?","M","?","?","E"],"build_version":"2018-11-15","purchased_purges":0,"victory":false,"max_hp_per_floor":[70,70,70,70,70,70,70,70,70,70,70,70,70,70,70,70,70,70,70,70,70,70,70],"card_choices":[{"not_picked":["Bane","Leg Sweep"],"picked":"Flying Knee","floor":1},{"not_picked":["Dagger Throw","Deflect"],"picked":"Dagger Spray","floor":3},{"not_picked":["Deflect","Riddle With Holes"],"picked":"Poisoned Stab","floor":5},{"not_picked":["Slice","Dagger Spray"],"picked":"Flying Knee","floor":7},{"not_picked":["Dagger Spray","Heel Hook","Flying Knee"],"picked":"SKIP","floor":10},{"not_picked":["Riddle With Holes","Heel Hook"],"picked":"Deadly Poison","floor":12},{"not_picked":["Deadly Poison","Bane"],"picked":"Blade Dance","floor":14},{"not_picked":["Quick Slash+1","Blade Dance"],"picked":"Finisher","floor":18},{"not_picked":["Dagger Throw","Acrobatics+1"],"picked":"Sucker Punch","floor":20},{"not_picked":["Backflip","Skewer"],"picked":"Endless Agony","floor":21}],"player_experience":14813,"relics_obtained":[{"floor":21,"key":"Red Mask"}],"event_choices":[{"damage_healed":0,"gold_gain":75,"player_choice":"Gather Gold","damage_taken":11,"max_hp_gain":0,"max_hp_loss":0,"event_name":"World of Goop","floor":2,"gold_loss":0},{"damage_healed":0,"gold_gain":0,"player_choice":"Trade","damage_taken":0,"relics_obtained":["NlothsMask"],"max_hp_gain":0,"max_hp_loss":0,"event_name":"FaceTrader","floor":4,"gold_loss":0},{"damage_healed":0,"gold_gain":0,"player_choice":"Read","damage_taken":0,"max_hp_gain":0,"max_hp_loss":0,"event_name":"The Library","floor":19,"gold_loss":0,"cards_obtained":["Terror"]},{"damage_healed":0,"gold_gain":0,"player_choice":"Fought Bandits","damage_taken":0,"max_hp_gain":0,"max_hp_loss":0,"event_name":"Masked Bandits","floor":21,"gold_loss":0},{"damage_healed":0,"gold_gain":0,"player_choice":"Traded Relic","damage_taken":0,"relics_obtained":["Nloth\u0027s Gift"],"max_hp_gain":0,"max_hp_loss":0,"event_name":"N\u0027loth","floor":22,"relics_lost":["NlothsMask"],"gold_loss":0}],"is_beta":false,"boss_relics":[{"not_picked":["Velvet Choker","Orrery"],"picked":"Ring of the Serpent"}],"items_purged_floors":[],"is_endless":false,"potions_floor_spawned":[3,5,14,18,20,21],"killed_by":"Book of Stabbing","ascension_level":0}