{"gold_per_floor":[114,128,200,216,235,262,262,277,277,308,324,337,337,357,357,461,461,478,492,492,504,504,504,531,531,531,556,556,575,589,609,609,708,708,727,727,193,0,19,19,50,50,75,86,86,105,125,159,159,159,159,159,7,41,41],"floor_reached":55,"playtime":3836,"items_purged":[],"score":783,"play_id":"6b26092f-b119-4ccb-a106-a45fc2446e03","local_time":"20190207205852","is_ascension_mode":false,"campfire_choices":[{"floor":7.0,"key":"RECALL"},{"data":"Clothesline","floor":13.0,"key":"SMITH"},{"data":"Rage","floor":15.0,"key":"SMITH"},{"data":"Armaments","floor":23.0,"key":"SMITH"},{"data":"Seeing Red","floor":25.0,"key":"SMITH"},{"floor":32.0,"key":"REST"},{"data":"Barricade","floor":40.0,"key":"SMITH"},{"floor":45.0,"key":"REST"},{"floor":49.0,"key":"REST"},{"data":"Disarm","floor":52.0,"key":"SMITH"}],"neow_cost":"NONE","seed_source_timestamp":1212989899191838,"circlet_count":0,"master_deck":["Strike_R","Strike_R","Strike_R","Defend_R","Defend_R","Defend_R","Defend_R","Bash","Clothesline+1","Battle Trance","Body Slam","Twin Strike","Seeing Red+1","Shrug It Off","Disarm+1","Anger+1","Rage+1","Twin Strike+1","Cleave+1","Thunderclap+1","Armaments+1","Rampage+1","Shrug It Off+1","Warcry+1","Dropkick+1","Anger+1","Headbutt+1","Twin Strike+1","Barricade+1","Demon Form+1","Pummel+1","Spot Weakness+1","Body Slam+1","Dual Wield+1","Shrug It Off+1","Uppercut+1","Pommel Strike+1","Pommel Strike+1","Limit Break+1","Heavy Blade+1"],"special_seed":0,"relics":["Burning Blood","Molten Egg 2","Pantograph","Ornamental Fan","Sozu","Paper Frog","Oddly Smooth Stone","Regal Pillow","Dream Catcher","Astrolabe","PreservedInsect","Toy Ornithopter","Strawberry","Red Mask","Ice Cream","Toxic Egg 2","Bag of Marbles","Art of War"],"potions_floor_usage":[],"damage_taken":[{"damage":6.0,"enemies":"Cultist","floor":1.0,"turns":3.0},{"damage":13.0,"enemies":"2 Louse","floor":2.0,"turns":3.0},{"damage":5.0,"enemies":"Small Slimes","floor":4.0,"turns":3.0},{"damage":20.0,"enemies":"3 Louse","floor":5.0,"turns":3.0},{"damage":27.0,"enemies":"Gremlin Nob","floor":6.0,"turns":4.0},{"damage":21.0,"enemies":"Lots of Slimes","floor":8.0,"turns":4.0},{"damage":15.0,"enemies":"3 Sentries","floor":10.0,"turns":9.0},{"damage":0.0,"enemies":"Large Slime","floor":11.0,"turns":5.0},{"damage":7.0,"enemies":"Blue Slaver","floor":12.0,"turns":2.0},{"damage":1.0,"enemies":"Lots of Slimes","floor":14.0,"turns":4.0},{"damage":19.0,"enemies":"Slime Boss","floor":16.0,"turns":13.0},{"damage":2.0,"enemies":"Chosen","floor":18.0,"turns":4.0},{"damage":5.0,"enemies":"2 Thieves","floor":19.0,"turns":4.0},{"damage":0.0,"enemies":"Snake Plant","floor":21.0,"turns":5.0},{"damage":50.0,"enemies":"Slavers","floor":24.0,"turns":5.0},{"damage":14.0,"enemies":"Gremlin Leader","floor":27.0,"turns":7.0},{"damage":17.0,"enemies":"Snecko","floor":29.0,"turns":5.0},{"damage":16.0,"enemies":"Sentry and Sphere","floor":30.0,"turns":6.0},{"damage":11.0,"enemies":"Snake Plant","floor":31.0,"turns":4.0},{"damage":63.0,"enemies":"Champ","floor":33.0,"turns":11.0},{"damage":24.0,"enemies":"3 Darklings","floor":35.0,"turns":6.0},{"damage":14.0,"enemies":"Orb Walker","floor":39.0,"turns":3.0},{"damage":28.0,"enemies":"Reptomancer","floor":41.0,"turns":6.0},{"damage":24.0,"enemies":"Transient","floor":44.0,"turns":5.0},{"damage":19.0,"enemies":"Sphere and 2 Shapes","floor":46.0,"turns":5.0},{"damage":12.0,"enemies":"Jaw Worm Horde","floor":47.0,"turns":4.0},{"damage":14.0,"enemies":"Nemesis","floor":48.0,"turns":5.0},{"damage":68.0,"enemies":"Awakened One","floor":50.0,"turns":11.0},{"damage":55.0,"enemies":"Shield and Spear","floor":54.0,"turns":5.0},{"damage":71,"enemies":"The Heart","floor":55,"turns":5}],"seed_played":"-2954239091738255322","potions_obtained":[{"floor":1.0,"key":"SneckoOil"},{"floor":6.0,"key":"Dexterity Potion"},{"floor":8.0,"key":"Block Potion"},{"floor":11.0,"key":"Fire Potion"},{"floor":14.0,"key":"PowerPotion"},{"floor":16.0,"key":"Weak Potion"}],"is_trial":false,"path_per_floor":["M","M","?","M","M","E","R","M","T","E","M","M","R","M","R","B",null,"M","M","?","M","?","R","E","R","T","E","?","M","M","M","R","B",null,"M","?","$","?","M","R","E","?","T","M","R","M","M","E","R","B",null,"R","$","E","B"],"character_chosen":"IRONCLAD","items_purchased":["PreservedInsect","Toy Ornithopter","Strawberry","Body Slam+1","Bag of Marbles"],"campfire_rested":3,"item_purchase_floors":[37,37,37,37,53],"current_hp_per_floor":[88,81,81,82,68,47,47,32,32,23,29,28,28,33,33,45,88,88,88,88,88,88,88,44,44,44,36,36,25,15,10,51,19,88,70,70,77,77,69,69,47,47,47,29,72,59,53,45,88,33,95,95,95,46,0],"gold":41,"neow_bonus":"TEN_PERCENT_HP_BONUS","is_prod":false,"is_daily":false,"chose_seed":false,"campfire_upgraded":6,"win_rate":0,"timestamp":1549591132,"path_taken":["M","M","?","M","M","E","R","M","T","E","M","M","R","M","R","BOSS","M","M","?","M","?","R","E","R","T","E","?","?","M","M","R","BOSS","M","?","$","?","M","R","E","?","T","M","R","?","?","E","R","BOSS","R","$","E","BOSS"],"build_version":"2019-01-23","purchased_purges":0,"victory":false,"max_hp_per_floor":[88,88,88,88,88,88,88,88,88,88,88,88,88,88,88,88,88,88,88,88,88,88,88,88,88,88,88,88,88,88,88,88,88,88,88,88,95,95,95,95,95,95,95,95,95,95,95,95,95,95,95,95,95,95,95],"card_choices":[{"not_picked":["Corruption","Warcry"],"picked":"Clothesline","floor":1.0},{"not_picked":["Wild Strike","Iron Wave"],"picked":"Battle Trance","floor":2.0},{"not_picked":["Sever Soul","Clash"],"picked":"Body Slam","floor":4.0},{"not_picked":["Sever Soul","Second Wind"],"picked":"Twin Strike","floor":5.0},{"not_picked":["True Grit","Exhume"],"picked":"Seeing Red","floor":6.0},{"not_picked":["Clash+1","Hemokinesis+1"],"picked":"Shrug It Off","floor":8.0},{"not_picked":["Corruption","Perfected Strike+1"],"picked":"Disarm","floor":10.0},{"not_picked":["Wild Strike+1","Fire Breathing"],"picked":"Anger+1","floor":11.0},{"not_picked":["Pummel+1","Power Through"],"picked":"Rage","floor":12.0},{"not_picked":["Flex","Reckless Charge+1"],"picked":"Twin Strike+1","floor":14.0},{"not_picked":["Bludgeon+1","Reaper+1"],"picked":"Limit Break","floor":16.0},{"not_picked":["Havoc+1","Perfected Strike+1"],"picked":"Cleave+1","floor":18.0},{"not_picked":["Armaments","Anger+1"],"picked":"Thunderclap+1","floor":19.0},{"not_picked":["Seeing Red","Shrug It Off+1"],"picked":"Armaments","floor":21.0},{"not_picked":["Flex+1","Disarm"],"picked":"Shrug It Off+1","floor":24.0},{"not_picked":["Dark Embrace","Carnage+1"],"picked":"Warcry+1","floor":27.0},{"not_picked":["True Grit","Hemokinesis+1"],"picked":"Dropkick+1","floor":29.0},{"not_picked":["True Grit","Second Wind"],"picked":"Anger+1","floor":30.0},{"not_picked":["Havoc","Dropkick+1"],"picked":"Headbutt+1","floor":31.0},{"not_picked":["Dark Embrace","Shrug It Off"],"picked":"Twin Strike+1","floor":32.0},{"not_picked":["Offering","Feed+1"],"picked":"Barricade","floor":33.0},{"not_picked":["Feel No Pain","Combust+1"],"picked":"Spot Weakness+1","floor":35.0},{"not_picked":["Spot Weakness","Flex+1"],"picked":"Dual Wield+1","floor":39.0},{"not_picked":["Pommel Strike+1","Warcry"],"picked":"Shrug It Off+1","floor":41.0},{"not_picked":["Warcry+1","Feel No Pain","Combust"],"picked":"SKIP","floor":44.0},{"not_picked":["Blood for Blood+1","Flex"],"picked":"Uppercut+1","floor":45.0},{"not_picked":["Shrug It Off+1","Reckless Charge+1"],"picked":"Pommel Strike+1","floor":46.0},{"not_picked":["Wild Strike+1","Rupture+1","Anger+1"],"picked":"SKIP","floor":47.0},{"not_picked":["Bloodletting","Sword Boomerang+1"],"picked":"Pommel Strike+1","floor":48.0},{"not_picked":["Rampage+1","Armaments+1"],"picked":"Limit Break+1","floor":49.0},{"not_picked":["Flex+1","Feed+1"],"picked":"Heavy Blade+1","floor":54.0}],"player_experience":171317,"relics_obtained":[{"floor":6.0,"key":"Molten Egg 2"},{"floor":9.0,"key":"Pantograph"},{"floor":10.0,"key":"Ornamental Fan"},{"floor":24.0,"key":"Paper Frog"},{"floor":26.0,"key":"Oddly Smooth Stone"},{"floor":27.0,"key":"Regal Pillow"},{"floor":41.0,"key":"Ice Cream"},{"floor":48.0,"key":"Toxic Egg 2"},{"floor":54.0,"key":"Art of War"}],"event_choices":[{"damage_healed":0.0,"max_hp_gain":0.0,"max_hp_loss":0.0,"gold_gain":72.0,"event_name":"Golden Wing","player_choice":"Gained Gold","floor":3.0,"gold_loss":0.0,"damage_taken":0.0},{"damage_healed":0.0,"max_hp_gain":0.0,"max_hp_loss":0.0,"gold_gain":0.0,"event_name":"Vampires","player_choice":"Ignored","floor":20.0,"gold_loss":0.0,"damage_taken":0.0},{"damage_healed":0.0,"max_hp_gain":0.0,"max_hp_loss":0.0,"gold_gain":0.0,"event_name":"The Library","player_choice":"Read","floor":22.0,"gold_loss":0.0,"damage_taken":0.0,"cards_obtained":["Rampage"]},{"damage_healed":0.0,"max_hp_gain":0.0,"max_hp_loss":0.0,"gold_gain":0.0,"event_name":"WeMeetAgain","player_choice":"Gave Potion","floor":28.0,"gold_loss":0.0,"damage_taken":0.0,"relics_obtained":["Dream Catcher"]},{"cards_removed":["Reckless Charge"],"damage_healed":0.0,"max_hp_gain":0.0,"max_hp_loss":0.0,"gold_gain":0.0,"event_name":"Falling","player_choice":"Removed Attack","floor":36.0,"gold_loss":0.0,"damage_taken":0.0},{"damage_healed":0.0,"max_hp_gain":0.0,"max_hp_loss":0.0,"gold_gain":0.0,"event_name":"Tomb of Lord Red Mask","player_choice":"Paid","floor":38.0,"gold_loss":193.0,"damage_taken":0.0,"relics_obtained":["Red Mask"]},{"damage_healed":0.0,"max_hp_gain":0.0,"max_hp_loss":0.0,"gold_gain":0.0,"event_name":"Lab","player_choice":"Got Potions","floor":42.0,"gold_loss":0.0,"damage_taken":0.0}],"is_beta":false,"boss_relics":[{"not_picked":["White Beast Statue","Orrery"],"picked":"Sozu"},{"not_picked":["Coffee Dripper","Runic Cube"],"picked":"Astrolabe"}],"items_purged_floors":[],"is_endless":false,"potions_floor_spawned":[1,6,8,11,14,16,18,24,29,31,41,46,47],"killed_by":"The Heart","ascension_level":0}