{"gold_per_floor":[119,119,139,151,25,25,45,70,70,84,118,135,135,135,135,210,210,227,142,142,159,79,109,109,109,133,133,149,163,180,212,212,290,290,309,23,23,23,43,43],"floor_reached":40,"playtime":5229,"items_purged":["Strike_G","Strike_G"],"score":997,"play_id":"926a4478-e889-4501-8a97-9aeb3c1b138b","local_time":"20190420181508","is_ascension_mode":true,"campfire_choices":[{"data":"Poisoned Stab","floor":6,"key":"SMITH"},{"data":"Neutralize","floor":13,"key":"SMITH"},{"data":"Footwork","floor":15,"key":"SMITH"},{"data":"Wraith Form v2","floor":25,"key":"SMITH"},{"floor":27,"key":"REST"},{"floor":32,"key":"REST"}],"neow_cost":"NONE","seed_source_timestamp":192159308082680,"circlet_count":0,"master_deck":["AscendersBane","Defend_G","Defend_G","Defend_G","Defend_G+1","Defend_G","Survivor+1","Neutralize+1","Deadly Poison+1","Noxious Fumes","Cloak And Dagger","Backflip","Footwork+1","Deadly Poison","Backflip","Wraith Form v2+1","PiercingWail","PiercingWail","Crippling Poison","Well Laid Plans","PiercingWail","Well Laid Plans","Bullet Time","Venomology+1","Endless Agony+1","Catalyst+1","Deflect","Backflip","PiercingWail"],"relics":["Ring of the Snake","Pen Nib","War Paint","Gremlin Horn","Lizard Tail","Potion Belt","Kunai","Letter Opener","Orichalcum","Regal Pillow","Astrolabe","Happy Flower"],"potions_floor_usage":[18,28,33,39],"damage_taken":[{"damage":0,"enemies":"2 Louse","floor":1,"turns":5},{"damage":6,"enemies":"Cultist","floor":3,"turns":4},{"damage":2,"enemies":"Jaw Worm","floor":4,"turns":5},{"damage":0,"enemies":"Blue Slaver","floor":7,"turns":4},{"damage":21,"enemies":"Lagavulin","floor":8,"turns":6},{"damage":0,"enemies":"Exordium Wildlife","floor":10,"turns":3},{"damage":19,"enemies":"3 Sentries","floor":11,"turns":8},{"damage":0,"enemies":"Red Slaver","floor":12,"turns":4},{"damage":0,"enemies":"Hexaghost","floor":16,"turns":8},{"damage":5,"enemies":"Chosen","floor":18,"turns":5},{"damage":11,"enemies":"Spheric Guardian","floor":21,"turns":5},{"damage":42,"enemies":"Book of Stabbing","floor":23,"turns":9},{"damage":9,"enemies":"Snecko","floor":28,"turns":7},{"damage":2,"enemies":"Chosen and Byrds","floor":29,"turns":7},{"damage":0,"enemies":"Centurion and Healer","floor":30,"turns":10},{"damage":12,"enemies":"Gremlin Leader","floor":31,"turns":9},{"damage":72,"enemies":"Collector","floor":33,"turns":11},{"damage":7,"enemies":"3 Shapes","floor":35,"turns":8},{"damage":11,"enemies":"Orb Walker","floor":39,"turns":4},{"damage":81,"enemies":"Giant Head","floor":40,"turns":9}],"seed_played":"-2665847078460604167","potions_obtained":[{"floor":3,"key":"Ancient Potion"},{"floor":4,"key":"Explosive Potion"},{"floor":21,"key":"FearPotion"},{"floor":31,"key":"AttackPotion"},{"floor":35,"key":"SteroidPotion"}],"is_trial":false,"path_per_floor":["?","M","?","?","?","T","M","$","?"],"character_chosen":"THE_SILENT","items_purchased":["Poisoned Stab","Crippling Poison","Happy Flower","Backflip"],"campfire_rested":2,"item_purchase_floors":[5,22,36,36],"current_hp_per_floor":[65,65,59,57,57,57,57,36,36,36,17,17,17,22,22,22,63,58,58,58,47,47,5,5,5,5,28,19,17,17,5,43,38,67,60,60,60,60,49,0],"gold":43,"neow_bonus":"TEN_PERCENT_HP_BONUS","is_prod":false,"is_daily":false,"chose_seed":false,"campfire_upgraded":4,"win_rate":0,"timestamp":1555773308,"path_taken":["M","?","M","M","$","R","M","E","T","M","E","?","R","?","R","BOSS","M","?","?","M","$","E","?","R","T","R","?","M","M","E","R","BOSS","M","?","$","?","M","E"],"build_version":"2019-01-23","purchased_purges":2,"victory":false,"max_hp_per_floor":[72,72,72,72,72,72,72,72,72,72,72,72,72,77,77,77,77,77,77,77,77,77,77,77,77,77,77,77,77,77,77,77,77,77,77,77,77,77,77,77],"card_choices":[{"not_picked":["Quick Slash","Sucker Punch"],"picked":"Deadly Poison","floor":1},{"not_picked":["Acrobatics","Dodge and Roll"],"picked":"Noxious Fumes","floor":3},{"not_picked":["PiercingWail","Slice"],"picked":"Cloak And Dagger","floor":4},{"not_picked":["Dodge and Roll","Sucker Punch"],"picked":"Backflip","floor":7},{"not_picked":["Outmaneuver","Flying Knee"],"picked":"Footwork","floor":8},{"not_picked":["Poisoned Stab","Underhanded Strike"],"picked":"Deadly Poison","floor":10},{"not_picked":["Deflect","Deadly Poison","Infinite Blades"],"picked":"SKIP","floor":11},{"not_picked":["Dodge and Roll","Night Terror"],"picked":"Backflip","floor":12},{"not_picked":["Die Die Die","Glass Knife"],"picked":"Wraith Form v2","floor":16},{"not_picked":["Finisher","Calculated Gamble"],"picked":"PiercingWail","floor":18},{"not_picked":["Outmaneuver","Eviscerate"],"picked":"PiercingWail","floor":21},{"not_picked":["Deadly Poison","Underhanded Strike"],"picked":"Well Laid Plans","floor":23},{"not_picked":["Reflex","Deadly Poison+1","Distraction"],"picked":"SKIP","floor":28},{"not_picked":["Underhanded Strike","Deflect"],"picked":"PiercingWail","floor":29},{"not_picked":["Blade Dance","Backstab"],"picked":"Well Laid Plans","floor":30},{"not_picked":["Underhanded Strike","Unload","Eviscerate"],"picked":"SKIP","floor":31},{"not_picked":["Burst","Corpse Explosion"],"picked":"Bullet Time","floor":33},{"not_picked":["Concentrate","Bane+1"],"picked":"Deflect","floor":35},{"not_picked":["Poisoned Stab","Dagger Throw"],"picked":"PiercingWail","floor":39}],"player_experience":1764536,"relics_obtained":[{"floor":8,"key":"Pen Nib"},{"floor":9,"key":"War Paint"},{"floor":11,"key":"Gremlin Horn"},{"floor":23,"key":"Kunai"},{"floor":24,"key":"Letter Opener"},{"floor":26,"key":"Orichalcum"},{"floor":31,"key":"Regal Pillow"}],"event_choices":[{"damage_healed":0,"gold_gain":0,"player_choice":"Upgraded","damage_taken":0,"max_hp_gain":0,"max_hp_loss":0,"event_name":"Upgrade Shrine","floor":2,"gold_loss":0,"cards_upgraded":["Deadly Poison"]},{"damage_healed":0,"gold_gain":0,"player_choice":"Donut","damage_taken":0,"max_hp_gain":5,"max_hp_loss":0,"event_name":"Big Fish","floor":14,"gold_loss":0},{"damage_healed":0,"gold_gain":0,"player_choice":"Obtained Relic","damage_taken":0,"relics_obtained":["Potion Belt"],"max_hp_gain":0,"max_hp_loss":0,"event_name":"Addict","floor":19,"gold_loss":85},{"damage_healed":0,"gold_gain":0,"player_choice":"Ignored","damage_taken":0,"max_hp_gain":0,"max_hp_loss":0,"event_name":"Vampires","floor":20,"gold_loss":0},{"cards_removed":["Poisoned Stab"],"damage_healed":0,"gold_gain":0,"player_choice":"Removed Attack","damage_taken":0,"max_hp_gain":0,"max_hp_loss":0,"event_name":"Falling","floor":38,"gold_loss":0}],"is_beta":false,"boss_relics":[{"not_picked":["Runic Dome","Ectoplasm"],"picked":"Lizard Tail"},{"not_picked":["Runic Pyramid","Ring of the Serpent"],"picked":"Astrolabe"}],"items_purged_floors":[5,36],"is_endless":false,"potions_floor_spawned":[3,4,10,16,21,31,35],"killed_by":"Giant Head","ascension_level":20}