{"gold_per_floor":[118,133,145,145,165,199,199,199,199,217,392,392,408,431,431,431],"floor_reached":16,"playtime":427,"items_purged":[],"score":125,"play_id":"0e430bd3-91f7-467e-ae42-f974e9c678af","local_time":"20181223180037","is_ascension_mode":true,"campfire_choices":[{"data":"Streamline","floor":7,"key":"SMITH"},{"floor":15,"key":"REST"}],"neow_cost":"NONE","seed_source_timestamp":38849007648000,"circlet_count":0,"master_deck":["Strike_B","Strike_B","Strike_B","Defend_B","Defend_B","Defend_B","Defend_B+1","Zap","Dualcast+1","Recycle","FTL","Streamline+1","Static Discharge","Injury","Leap","Loop","Turbo","Doubt","Defragment"],"relics":["Cracked Core","Golden Idol","Nunchaku","Sundial","Singing Bowl"],"potions_floor_usage":[6,13,14],"damage_taken":[{"damage":0,"enemies":"Small Slimes","floor":1,"turns":3},{"damage":8,"enemies":"2 Louse","floor":2,"turns":3},{"damage":0,"enemies":"Cultist","floor":3,"turns":2},{"damage":11,"enemies":"Blue Slaver","floor":5,"turns":3},{"damage":15,"enemies":"3 Sentries","floor":6,"turns":5},{"damage":3,"enemies":"Exordium Thugs","floor":10,"turns":4},{"damage":30,"enemies":"Exordium Wildlife","floor":13,"turns":6},{"damage":18,"enemies":"3 Louse","floor":14,"turns":3},{"damage":33,"enemies":"Slime Boss","floor":16,"turns":3}],"seed_played":"-5223893169346763889","potions_obtained":[{"floor":1,"key":"Fire Potion"},{"floor":6,"key":"Regen Potion"},{"floor":13,"key":"Regen Potion"},{"floor":14,"key":"SteroidPotion"}],"is_trial":false,"path_per_floor":["M","M","M","?","M","E","R","?","T","M","?","?","M","M","R","B"],"character_chosen":"DEFECT","items_purchased":[],"campfire_rested":1,"item_purchase_floors":[],"current_hp_per_floor":[75,67,67,67,56,41,41,26,26,23,23,23,10,1,24,0],"gold":431,"neow_bonus":"TRANSFORM_CARD","is_prod":false,"is_daily":false,"chose_seed":false,"campfire_upgraded":1,"win_rate":0,"timestamp":1545606037,"path_taken":["M","M","M","?","M","E","R","?","T","M","?","?","M","M","R","BOSS"],"build_version":"2018-12-20","purchased_purges":0,"victory":false,"max_hp_per_floor":[75,75,75,75,75,75,75,75,75,75,75,75,77,77,77,77],"card_choices":[{"not_picked":["Barrage","Darkness"],"picked":"FTL","floor":1},{"not_picked":["Melter","FTL"],"picked":"Streamline","floor":2},{"not_picked":["Turbo","Steam"],"picked":"Static Discharge","floor":3},{"not_picked":["Reinforced Body","Sweeping Beam"],"picked":"Leap","floor":5},{"not_picked":["Self Repair","Barrage"],"picked":"Loop","floor":6},{"not_picked":["Skim","Beam Cell"],"picked":"Turbo","floor":10},{"not_picked":["Beam Cell","Cold Snap","Steam"],"picked":"Singing Bowl","floor":13},{"not_picked":["FTL","Turbo"],"picked":"Defragment","floor":14}],"player_experience":326679,"relics_obtained":[{"floor":6,"key":"Nunchaku"},{"floor":9,"key":"Sundial"},{"floor":12,"key":"Singing Bowl"}],"event_choices":[{"damage_healed":0,"gold_gain":0,"player_choice":"Take Wound","damage_taken":0,"relics_obtained":["Golden Idol"],"max_hp_gain":0,"max_hp_loss":0,"event_name":"Golden Idol","floor":4,"gold_loss":0,"cards_obtained":["Injury"]},{"damage_healed":0,"gold_gain":0,"player_choice":"Entered Light","damage_taken":15,"max_hp_gain":0,"max_hp_loss":0,"event_name":"Shining Light","floor":8,"gold_loss":0,"cards_upgraded":["Dualcast","Defend_B"]},{"damage_healed":0,"gold_gain":175,"player_choice":"AGREE","damage_taken":0,"max_hp_gain":0,"max_hp_loss":0,"event_name":"Liars Game","floor":11,"gold_loss":0,"cards_obtained":["Doubt"]},{"damage_healed":0,"gold_gain":0,"player_choice":"Relic","damage_taken":0,"max_hp_gain":0,"max_hp_loss":0,"event_name":"Wheel of Change","floor":12,"gold_loss":0}],"is_beta":false,"boss_relics":[],"items_purged_floors":[],"is_endless":false,"potions_floor_spawned":[1,6,13,14],"killed_by":"Slime Boss","ascension_level":4}