{"gold_per_floor":[116,41,60,78,3,3,3,3,3,32,32,32,60,72,72,150,150,170,42,54,54,54,54,80,80,127,162,172,192,192,211,211,285,285,298,310,36,55,71,105,120,120,145,145],"floor_reached":44,"playtime":2892,"items_purged":["Parasite"],"score":1101,"play_id":"dfe975ac-df12-4e42-ad81-46417ed31159","local_time":"20190423185137","is_ascension_mode":true,"campfire_choices":[{"data":"Neutralize","floor":6,"key":"SMITH"},{"data":"Dagger Spray","floor":8,"key":"SMITH"},{"data":"Backstab","floor":15,"key":"SMITH"},{"floor":23,"key":"RECALL"},{"floor":25,"key":"REST"},{"data":"Catalyst","floor":30,"key":"SMITH"},{"floor":32,"key":"REST"},{"floor":42,"key":"REST"}],"neow_cost":"CURSE","seed_source_timestamp":455887237005479,"circlet_count":0,"master_deck":["AscendersBane","Defend_G","Defend_G","Defend_G","Defend_G","Defend_G","Survivor","Neutralize+1","Dagger Spray+1","Cloak And Dagger","Backstab+1","Corpse Explosion+1","Well Laid Plans+1","Backstab+1","Glass Knife+1","Poisoned Stab+1","Noxious Fumes+1","Dash+1","Calculated Gamble","Bite+1","Bite+1","Bite+1","Bite+1","Catalyst+1","PiercingWail","Tools of the Trade+1","Calculated Gamble","Bouncing Flask","Tools of the Trade+1","Leg Sweep","Backflip+1","Caltrops+1","Dodge and Roll+1","Adrenaline+1"],"relics":["Ring of the Snake","StoneCalendar","Boot","Frozen Egg 2","Molten Egg 2","Velvet Choker","The Courier","Snake Skull","Ancient Tea Set","Fusion Hammer","Happy Flower","Toxic Egg 2","Juzu Bracelet"],"potions_floor_usage":[13,16,18,33,36,41,44],"damage_taken":[{"damage":1,"enemies":"2 Louse","floor":1,"turns":5},{"damage":2,"enemies":"Jaw Worm","floor":3,"turns":6},{"damage":7,"enemies":"Small Slimes","floor":4,"turns":4},{"damage":24,"enemies":"3 Sentries","floor":10,"turns":7},{"damage":0,"enemies":"Gremlin Nob","floor":13,"turns":3},{"damage":0,"enemies":"2 Fungi Beasts","floor":14,"turns":2},{"damage":17,"enemies":"The Guardian","floor":16,"turns":8},{"damage":13,"enemies":"Shell Parasite","floor":18,"turns":3},{"damage":0,"enemies":"3 Byrds","floor":20,"turns":2},{"damage":36,"enemies":"Book of Stabbing","floor":24,"turns":5},{"damage":1,"enemies":"Slavers","floor":27,"turns":4},{"damage":26,"enemies":"Snecko","floor":28,"turns":5},{"damage":17,"enemies":"Snake Plant","floor":29,"turns":5},{"damage":24,"enemies":"Shelled Parasite and Fungi","floor":31,"turns":6},{"damage":25,"enemies":"Automaton","floor":33,"turns":6},{"damage":11,"enemies":"Orb Walker","floor":35,"turns":3},{"damage":2,"enemies":"3 Shapes","floor":36,"turns":7},{"damage":47,"enemies":"Jaw Worm Horde","floor":38,"turns":5},{"damage":0,"enemies":"Transient","floor":39,"turns":6},{"damage":21,"enemies":"Giant Head","floor":40,"turns":6},{"damage":20,"enemies":"Spire Growth","floor":41,"turns":6},{"damage":32,"enemies":"Reptomancer","floor":44,"turns":3}],"seed_played":"6678352965064556835","potions_obtained":[{"floor":1,"key":"AttackPotion"},{"floor":3,"key":"Swift Potion"},{"floor":14,"key":"Poison Potion"},{"floor":28,"key":"Fruit Juice"},{"floor":29,"key":"Strength Potion"},{"floor":33,"key":"AttackPotion"},{"floor":36,"key":"Weak Potion"}],"is_trial":false,"path_per_floor":["?","?","T","?","M","?","?","M"],"character_chosen":"THE_SILENT","items_purchased":["Noxious Fumes+1","Dash+1","Caltrops+1","Happy Flower","GhostInAJar"],"campfire_rested":3,"item_purchase_floors":[19,19,37,37,37],"current_hp_per_floor":[58,58,56,49,49,49,54,54,54,30,30,30,30,30,30,13,54,41,41,41,41,46,46,19,33,33,41,24,19,19,13,27,20,40,29,44,44,9,30,18,4,19,19,0],"gold":145,"neow_bonus":"ONE_RARE_RELIC","is_prod":false,"is_daily":false,"chose_seed":false,"campfire_upgraded":4,"win_rate":0,"timestamp":1556034697,"path_taken":["M","$","M","M","?","R","?","R","T","E","?","?","E","?","R","BOSS","M","$","M","?","?","R","E","R","T","E","?","M","R","M","R","BOSS","M","M","$","M","M","E","M","R","T","E"],"build_version":"2019-01-23","purchased_purges":1,"victory":false,"max_hp_per_floor":[66,63,63,63,63,63,68,68,68,68,68,68,68,68,68,68,68,68,68,68,47,47,47,47,47,47,47,47,47,47,47,47,47,47,47,52,52,52,52,52,52,52,52,52],"card_choices":[{"not_picked":["Acrobatics","Bouncing Flask"],"picked":"Dagger Spray","floor":1},{"not_picked":["Choke","Calculated Gamble"],"picked":"Cloak And Dagger","floor":3},{"not_picked":["Cloak And Dagger","Endless Agony"],"picked":"Backstab","floor":4},{"not_picked":["Quick Slash","All Out Attack"],"picked":"Corpse Explosion","floor":10},{"not_picked":["Storm of Steel","Flechettes"],"picked":"Well Laid Plans+1","floor":13},{"not_picked":["All Out Attack+1","Caltrops+1"],"picked":"Backstab+1","floor":14},{"not_picked":["Tools of the Trade+1","Envenom+1"],"picked":"Glass Knife+1","floor":16},{"not_picked":["Heel Hook+1","Blade Dance"],"picked":"Poisoned Stab+1","floor":18},{"not_picked":["Cloak And Dagger","Outmaneuver"],"picked":"Calculated Gamble","floor":20},{"not_picked":["Dagger Spray+1","Quick Slash+1"],"picked":"Catalyst","floor":24},{"not_picked":["Cloak And Dagger","Acrobatics"],"picked":"PiercingWail","floor":27},{"not_picked":["Deflect","Quick Slash+1"],"picked":"Tools of the Trade+1","floor":28},{"not_picked":["Bane+1","Dagger Spray+1"],"picked":"Calculated Gamble","floor":29},{"not_picked":["Bane+1","Distraction"],"picked":"Bouncing Flask","floor":31},{"not_picked":["Bullet Time","Grand Finale+1"],"picked":"Tools of the Trade+1","floor":33},{"not_picked":["Sucker Punch+1","Slice+1"],"picked":"Leg Sweep","floor":35},{"not_picked":["Deflect+1","Flying Knee+1"],"picked":"Backflip+1","floor":36},{"not_picked":["Blade Dance","Quick Slash+1","Eviscerate+1"],"picked":"SKIP","floor":38},{"not_picked":["Underhanded Strike+1","Caltrops+1","Dagger Spray+1"],"picked":"SKIP","floor":39},{"not_picked":["Slice+1","Prepared"],"picked":"Dodge and Roll+1","floor":40},{"not_picked":["Underhanded Strike+1","Quick Slash+1"],"picked":"Adrenaline+1","floor":41}],"player_experience":1831519,"relics_obtained":[{"floor":10,"key":"Boot"},{"floor":11,"key":"Frozen Egg 2"},{"floor":13,"key":"Molten Egg 2"},{"floor":24,"key":"The Courier"},{"floor":26,"key":"Snake Skull"},{"floor":27,"key":"Ancient Tea Set"},{"floor":40,"key":"Toxic Egg 2"},{"floor":43,"key":"Juzu Bracelet"}],"event_choices":[{"cards_removed":["Strike_G"],"damage_healed":0,"gold_gain":0,"player_choice":"Card Removal","damage_taken":0,"max_hp_gain":0,"max_hp_loss":0,"event_name":"The Cleric","floor":5,"gold_loss":75},{"damage_healed":0,"gold_gain":0,"player_choice":"Donut","damage_taken":0,"max_hp_gain":5,"max_hp_loss":0,"event_name":"Big Fish","floor":7,"gold_loss":0},{"damage_healed":0,"gold_gain":0,"player_choice":"Upgraded","damage_taken":0,"max_hp_gain":0,"max_hp_loss":0,"event_name":"Upgrade Shrine","floor":12,"gold_loss":0,"cards_upgraded":["Corpse Explosion"]},{"damage_healed":0,"gold_gain":0,"player_choice":"Became a vampire","damage_taken":0,"max_hp_gain":0,"max_hp_loss":21,"event_name":"Vampires","floor":21,"gold_loss":0,"cards_obtained":["Bite","Bite","Bite","Bite","Bite"]},{"cards_removed":["Bite"],"damage_healed":5,"gold_gain":0,"player_choice":"Offered Special","damage_taken":0,"max_hp_gain":0,"max_hp_loss":0,"event_name":"Bonfire Elementals","floor":22,"gold_loss":0}],"is_beta":false,"boss_relics":[{"not_picked":["WristBlade","Calling Bell"],"picked":"Velvet Choker"},{"not_picked":["Snecko Eye","Ring of the Serpent"],"picked":"Fusion Hammer"}],"items_purged_floors":[2],"is_endless":false,"potions_floor_spawned":[1,3,4,14,28,29,33,36],"killed_by":"Reptomancer","ascension_level":20}