{"gold_per_floor":[115,125,125,1,1,1,21,21,72,72,104,29,29,29,29,131,131,143,543,557,557,568,568,568,568,568,578,591,10,28,43,43,144,144,154,154,0,14,31,31,31,31,78,89,103,119,119,49,49,49],"floor_reached":51,"playtime":6868,"items_purged":["Defend_R","Defend_R"],"score":627,"play_id":"de38fbde-c785-445b-accb-f57a0049d225","local_time":"20190303003246","is_ascension_mode":true,"campfire_choices":[{"data":"Body Slam","floor":6,"key":"SMITH"},{"data":"Shockwave","floor":10,"key":"SMITH"},{"floor":13,"key":"REST"},{"data":"Bash","floor":15,"key":"SMITH"},{"data":"Inflame","floor":23,"key":"SMITH"},{"data":"Demon Form","floor":32,"key":"SMITH"},{"data":"Double Tap","floor":40,"key":"SMITH"},{"data":"Apotheosis","floor":42,"key":"SMITH"},{"data":"Bloodletting","floor":49,"key":"SMITH"}],"neow_cost":"PERCENT_DAMAGE","seed_source_timestamp":369870615065559,"circlet_count":0,"master_deck":["Strike_R+1","Defend_R+1","Bash+1","Headbutt+1","Anger+1","Body Slam+1","Shockwave+1","Ghostly Armor+1","Double Tap+1","Twin Strike+1","Infernal Blade+1","Metallicize+1","Inflame+1","Fire Breathing+1","Warcry+1","Whirlwind+1","True Grit+1","Apotheosis+1","Cleave+1","Demon Form+1","Reaper+1","Flex+1","Flex+1","Cleave+1","Flame Barrier+1","Rampage+1","Clash+1","Bloodletting+1"],"relics":["Burning Blood","Ice Cream","Omamori","Charon\u0027s Ashes","Incense Burner","Astrolabe","Old Coin","Pantograph","Orichalcum","Pocketwatch","MutagenicStrength","Lantern","Molten Egg 2","Velvet Choker","Red Mask","Blood Vial","Mark of the Bloom"],"potions_floor_usage":[50,50,50],"damage_taken":[{"damage":2,"enemies":"Small Slimes","floor":1,"turns":5},{"damage":7,"enemies":"Jaw Worm","floor":2,"turns":4},{"damage":0,"enemies":"2 Louse","floor":7,"turns":3},{"damage":27,"enemies":"Gremlin Nob","floor":11,"turns":4},{"damage":38,"enemies":"Hexaghost","floor":16,"turns":9},{"damage":2,"enemies":"Spheric Guardian","floor":18,"turns":4},{"damage":30,"enemies":"Colosseum Slavers","floor":19,"turns":4},{"damage":15,"enemies":"Colosseum Nobs","floor":19,"turns":5},{"damage":8,"enemies":"Shell Parasite","floor":20,"turns":4},{"damage":0,"enemies":"Sentry and Sphere","floor":22,"turns":3},{"damage":10,"enemies":"Centurion and Healer","floor":27,"turns":4},{"damage":1,"enemies":"Chosen and Byrds","floor":28,"turns":3},{"damage":6,"enemies":"Snake Plant","floor":30,"turns":4},{"damage":0,"enemies":"3 Cultists","floor":31,"turns":3},{"damage":47,"enemies":"Automaton","floor":33,"turns":7},{"damage":10,"enemies":"Orb Walker","floor":35,"turns":3},{"damage":0,"enemies":"3 Shapes","floor":38,"turns":2},{"damage":11,"enemies":"Transient","floor":39,"turns":5},{"damage":15,"enemies":"Jaw Worm Horde","floor":44,"turns":3},{"damage":9,"enemies":"4 Shapes","floor":45,"turns":1},{"damage":5,"enemies":"Transient","floor":46,"turns":5},{"damage":24,"enemies":"Time Eater","floor":50,"turns":7}],"seed_played":"-8095319068169873769","potions_obtained":[{"floor":2,"key":"SkillPotion"},{"floor":16,"key":"Strength Potion"},{"floor":30,"key":"SteroidPotion"}],"is_trial":false,"path_per_floor":["?","?","?","T","?","?","M","?","?","M","?","?","?"],"character_chosen":"IRONCLAD","items_purchased":["Body Slam","Regen Potion","Molten Egg 2","True Grit","Apotheosis","Bloodletting"],"campfire_rested":1,"item_purchase_floors":[4,4,29,29,29,48],"current_hp_per_floor":[60,59,59,59,52,52,58,63,63,63,42,42,67,67,67,35,85,85,52,50,50,56,56,56,56,56,52,57,57,57,63,63,44,85,81,81,81,85,80,80,80,80,80,85,82,85,85,85,85,61],"gold":49,"neow_bonus":"ONE_RARE_RELIC","is_prod":false,"is_daily":false,"chose_seed":false,"campfire_upgraded":8,"win_rate":0,"timestamp":1551573166,"path_taken":["M","M","?","$","?","R","M","?","T","R","E","$","R","?","R","BOSS","M","?","M","?","?","R","?","?","T","?","M","$","M","M","R","BOSS","M","?","?","M","M","R","$","R","T","M","M","M","?","$","R","BOSS"],"build_version":"2019-01-23","purchased_purges":2,"victory":true,"max_hp_per_floor":[80,80,80,80,80,80,80,85,85,85,85,85,85,85,85,85,85,85,85,85,85,85,85,85,85,85,85,85,85,85,85,85,85,85,85,85,85,85,85,85,85,85,85,85,85,85,85,85,85,85],"card_choices":[{"not_picked":["Clothesline","Rampage"],"picked":"Headbutt","floor":1},{"not_picked":["Infernal Blade","Headbutt"],"picked":"Anger","floor":2},{"not_picked":["Clash","Infernal Blade"],"picked":"Shockwave","floor":7},{"not_picked":["Wild Strike","Perfected Strike"],"picked":"Ghostly Armor","floor":11},{"not_picked":["Limit Break","Demon Form"],"picked":"Double Tap","floor":16},{"not_picked":["Corruption","Flex"],"picked":"Metallicize","floor":18},{"not_picked":["Clothesline","Ghostly Armor"],"picked":"Inflame","floor":19},{"not_picked":["Headbutt+1","Offering"],"picked":"Fire Breathing","floor":20},{"not_picked":["Rage","Perfected Strike+1"],"picked":"Warcry","floor":22},{"not_picked":["Sever Soul","Perfected Strike","Clothesline"],"picked":"SKIP","floor":27},{"not_picked":["Anger+1","Inflame"],"picked":"Whirlwind","floor":28},{"not_picked":["Rupture","Twin Strike+1"],"picked":"Cleave+1","floor":30},{"not_picked":["Blood for Blood+1","Anger+1"],"picked":"Demon Form","floor":31},{"not_picked":["Impervious","Juggernaut"],"picked":"Reaper+1","floor":33},{"not_picked":["Sword Boomerang+1","Twin Strike+1"],"picked":"Flex+1","floor":35},{"not_picked":["Bloodletting","Uppercut+1"],"picked":"Flex+1","floor":38},{"not_picked":["Warcry+1","Rage+1"],"picked":"Cleave+1","floor":39},{"not_picked":["Intimidate+1","Shockwave"],"picked":"Flame Barrier+1","floor":44},{"not_picked":["Warcry","True Grit"],"picked":"Rampage+1","floor":45},{"not_picked":["Shockwave+1","Anger+1"],"picked":"Clash+1","floor":46}],"player_experience":101088,"relics_obtained":[{"floor":9,"key":"Omamori"},{"floor":11,"key":"Charon\u0027s Ashes"},{"floor":14,"key":"Incense Burner"},{"floor":19,"key":"Old Coin"},{"floor":19,"key":"Pantograph"},{"floor":26,"key":"Lantern"},{"floor":43,"key":"Blood Vial"}],"event_choices":[{"cards_removed":["Strike_R"],"damage_healed":0,"gold_gain":0,"player_choice":"Forget","damage_taken":0,"max_hp_gain":0,"max_hp_loss":0,"event_name":"Living Wall","floor":3,"gold_loss":0},{"cards_removed":["Strike_R"],"damage_healed":0,"gold_gain":0,"player_choice":"Card Removal","damage_taken":7,"max_hp_gain":0,"max_hp_loss":0,"event_name":"Golden Wing","floor":5,"gold_loss":0},{"damage_healed":0,"gold_gain":0,"player_choice":"Donut","damage_taken":0,"max_hp_gain":5,"max_hp_loss":0,"event_name":"Big Fish","floor":8,"gold_loss":0},{"damage_healed":0,"gold_gain":0,"player_choice":"Fight","damage_taken":0,"max_hp_gain":0,"max_hp_loss":0,"event_name":"Colosseum","floor":19,"gold_loss":0},{"damage_healed":0,"gold_gain":0,"player_choice":"Fought Nobs","damage_taken":0,"max_hp_gain":0,"max_hp_loss":0,"event_name":"Colosseum","floor":19,"gold_loss":0},{"cards_removed":["Carnage"],"damage_healed":0,"gold_gain":0,"player_choice":"Gave Card","damage_taken":0,"relics_obtained":["Orichalcum"],"max_hp_gain":0,"max_hp_loss":0,"event_name":"WeMeetAgain","floor":21,"gold_loss":0},{"damage_healed":0,"gold_gain":0,"player_choice":"Opened","damage_taken":0,"relics_obtained":["Pocketwatch"],"max_hp_gain":0,"max_hp_loss":0,"event_name":"The Mausoleum","floor":24,"gold_loss":0},{"damage_healed":0,"gold_gain":0,"player_choice":"Inject Mutagens","damage_taken":0,"relics_obtained":["MutagenicStrength"],"max_hp_gain":0,"max_hp_loss":0,"event_name":"Drug Dealer","floor":25,"gold_loss":0},{"damage_healed":0,"gold_gain":0,"player_choice":"Ignored","damage_taken":0,"max_hp_gain":0,"max_hp_loss":0,"event_name":"Mysterious Sphere","floor":36,"gold_loss":0},{"damage_healed":0,"gold_gain":0,"player_choice":"Paid","damage_taken":0,"relics_obtained":["Red Mask"],"max_hp_gain":0,"max_hp_loss":0,"event_name":"Tomb of Lord Red Mask","floor":37,"gold_loss":154},{"damage_healed":0,"gold_gain":0,"player_choice":"Upgrade","damage_taken":0,"relics_obtained":["Mark of the Bloom"],"max_hp_gain":0,"max_hp_loss":0,"event_name":"MindBloom","floor":47,"gold_loss":0,"cards_upgraded":["Strike_R","Defend_R","Headbutt","Anger","Ghostly Armor","Metallicize","Fire Breathing","Warcry","Whirlwind","True Grit"]}],"is_beta":false,"boss_relics":[{"not_picked":["Coffee Dripper","Snecko Eye"],"picked":"Astrolabe"},{"not_picked":["Runic Cube","Sozu"],"picked":"Velvet Choker"}],"items_purged_floors":[12,29],"is_endless":false,"potions_floor_spawned":[2,16,19,27,28,30,38,39,44,46],"ascension_level":1}