{"gold_per_floor":[112,128,128,146,27,27,53,53,137,137,137,147,147,162,162,266,266,282,282,282],"floor_reached":20,"playtime":726,"items_purged":[],"score":249,"play_id":"ca34802a-3b54-4030-87fc-e8847c000d41","local_time":"20190226235718","is_ascension_mode":true,"campfire_choices":[{"data":"Defragment","floor":6.0,"key":"SMITH"},{"data":"Fission","floor":8.0,"key":"SMITH"},{"floor":13,"key":"REST"},{"floor":15,"key":"REST"}],"neow_cost":"NONE","seed_source_timestamp":382376586346500,"circlet_count":0,"master_deck":["Strike_B","Strike_B","Strike_B","Defend_B","Defend_B","Defend_B","Defend_B","Zap+1","Dualcast","Streamline+1","Melter","Gash","Defragment+1","Coolheaded","Fission+1","Coolheaded","Creative AI","Gash"],"special_seed":0,"relics":["Cracked Core","Vajra","Tiny Chest","Boot","Snecko Eye"],"potions_floor_usage":[18],"damage_taken":[{"damage":7.0,"enemies":"Jaw Worm","floor":1.0,"turns":3.0},{"damage":1.0,"enemies":"2 Louse","floor":2.0,"turns":2.0},{"damage":8.0,"enemies":"Small Slimes","floor":4.0,"turns":3.0},{"damage":25.0,"enemies":"Lagavulin","floor":7.0,"turns":7.0},{"damage":9,"enemies":"Red Slaver","floor":12,"turns":3},{"damage":3,"enemies":"Blue Slaver","floor":14,"turns":2},{"damage":10,"enemies":"The Guardian","floor":16,"turns":12},{"damage":30,"enemies":"Shell Parasite","floor":18,"turns":4},{"damage":20,"enemies":"Colosseum Slavers","floor":19,"turns":4},{"damage":19,"enemies":"3 Byrds","floor":20,"turns":2}],"seed_played":"-1213648079124456719","potions_obtained":[{"floor":1.0,"key":"SneckoOil"},{"floor":4.0,"key":"Swift Potion"},{"floor":14,"key":"Weak Potion"}],"is_trial":false,"path_per_floor":["M","M","?","M","$","R","E","R","T","?","?","M","R","M","R","B",null,"M","?","M"],"character_chosen":"DEFECT","items_purchased":["Defragment","Coolheaded"],"campfire_rested":2,"item_purchase_floors":[5,5],"current_hp_per_floor":[61,60,60,52,52,52,27,27,27,24,24,15,37,34,56,46,68,38,18,0],"gold":282,"neow_bonus":"UPGRADE_CARD","is_prod":false,"is_daily":false,"chose_seed":false,"campfire_upgraded":2,"win_rate":0,"timestamp":1551243438,"path_taken":["M","M","?","M","$","R","E","R","T","?","?","?","R","M","R","BOSS","M","?","M"],"build_version":"2019-01-23","purchased_purges":0,"victory":false,"max_hp_per_floor":[75,75,75,75,75,75,75,75,75,75,75,75,75,75,75,75,75,75,75,75],"card_choices":[{"not_picked":["Recycle","Compile Driver"],"picked":"Streamline","floor":1.0},{"not_picked":["Steam","Steam Power"],"picked":"Melter","floor":2.0},{"not_picked":["Turbo","Genetic Algorithm"],"picked":"Gash","floor":4.0},{"not_picked":["Cold Snap","Compile Driver"],"picked":"Fission","floor":7.0},{"not_picked":["Sunder","Compile Driver","Force Field"],"picked":"SKIP","floor":12},{"not_picked":["Streamline","Hologram"],"picked":"Coolheaded","floor":14},{"not_picked":["Thunder Strike","Reboot"],"picked":"Creative AI","floor":16},{"not_picked":["Turbo","Rebound"],"picked":"Gash","floor":18}],"player_experience":493077,"relics_obtained":[{"floor":7.0,"key":"Vajra"},{"floor":9.0,"key":"Tiny Chest"}],"event_choices":[{"damage_healed":0.0,"max_hp_gain":0.0,"max_hp_loss":0.0,"gold_gain":0.0,"event_name":"Living Wall","player_choice":"Grow","floor":3.0,"gold_loss":0.0,"damage_taken":0.0,"cards_upgraded":["Streamline"]},{"damage_healed":0.0,"max_hp_gain":0.0,"max_hp_loss":0.0,"gold_gain":0.0,"event_name":"Scrap Ooze","player_choice":"Success","floor":10.0,"gold_loss":0.0,"damage_taken":3.0,"relics_obtained":["Boot"]},{"cards_removed":["Strike_B"],"damage_healed":0.0,"max_hp_gain":0.0,"max_hp_loss":0.0,"gold_gain":0.0,"event_name":"Purifier","player_choice":"Purged","floor":11.0,"gold_loss":0.0,"damage_taken":0.0},{"damage_healed":0,"gold_gain":0,"player_choice":"Fight","damage_taken":0,"max_hp_gain":0,"max_hp_loss":0,"event_name":"Colosseum","floor":19,"gold_loss":0},{"damage_healed":0,"gold_gain":0,"player_choice":"Fled From Nobs","damage_taken":0,"max_hp_gain":0,"max_hp_loss":0,"event_name":"Colosseum","floor":19,"gold_loss":0}],"is_beta":false,"boss_relics":[{"not_picked":["Fusion Hammer","Calling Bell"],"picked":"Snecko Eye"}],"items_purged_floors":[],"is_endless":false,"potions_floor_spawned":[1,4,14],"killed_by":"3 Byrds","ascension_level":9}