{"gold_per_floor":[110,123,29,40,52,86,86,111,134,146,174,186,198,210,222,313,325,349,311,337,3,21,51,51,51,97,127,127,153,153,179,179,255,255,266,266,277,133,151,151,176,190,259,259,274,274,300,210,210,210],"floor_reached":50,"playtime":6036,"items_purged":["Strike_G"],"score":1033,"play_id":"16f17ca0-4a47-42bc-bef8-f1c29093926c","local_time":"20190416171953","is_ascension_mode":true,"campfire_choices":[{"floor":7,"key":"REST"},{"data":"Footwork","floor":10,"key":"SMITH"},{"floor":13,"key":"REST"},{"data":"Cloak And Dagger","floor":15,"key":"SMITH"},{"floor":28,"key":"REST"},{"data":"Cloak And Dagger","floor":30,"key":"SMITH"},{"data":"PiercingWail","floor":32,"key":"SMITH"},{"floor":40,"key":"REST"},{"floor":49,"key":"REST"}],"neow_cost":"NONE","seed_source_timestamp":473396972091649,"circlet_count":0,"master_deck":["AscendersBane","Defend_G","Defend_G","Defend_G","Defend_G+1","Defend_G","Survivor","Neutralize+1","Quick Slash","Backflip","Footwork+1","PiercingWail+1","Dagger Spray","Deflect","Flying Knee","Cloak And Dagger+1","Dodge and Roll+1","After Image+1","Cloak And Dagger+1","Noxious Fumes+1","Bite","Bite","Bite","Bite","Bite","Backflip","Envenom+1","Sucker Punch+1","Acrobatics+1","Terror","Prepared+1","Blur"],"relics":["Ring of the Snake","Bronze Scales","Lantern","MawBank","Busted Crown","Frozen Egg 2","Juzu Bracelet","Anchor","Smiling Mask","War Paint","Bag of Marbles","WristBlade","Pen Nib","Incense Burner","Paper Crane","Oddly Smooth Stone"],"potions_floor_usage":[16,33,50,50],"damage_taken":[{"damage":0,"enemies":"Cultist","floor":1,"turns":4},{"damage":1,"enemies":"Jaw Worm","floor":2,"turns":4},{"damage":0,"enemies":"Small Slimes","floor":4,"turns":3},{"damage":1,"enemies":"2 Fungi Beasts","floor":5,"turns":3},{"damage":29,"enemies":"3 Sentries","floor":6,"turns":10},{"damage":28,"enemies":"Gremlin Nob","floor":8,"turns":5},{"damage":5,"enemies":"Gremlin Gang","floor":11,"turns":5},{"damage":40,"enemies":"Slime Boss","floor":16,"turns":18},{"damage":0,"enemies":"3 Byrds","floor":18,"turns":5},{"damage":0,"enemies":"Spheric Guardian","floor":20,"turns":5},{"damage":7,"enemies":"Snake Plant","floor":22,"turns":5},{"damage":25,"enemies":"Slavers","floor":23,"turns":9},{"damage":9,"enemies":"Book of Stabbing","floor":27,"turns":7},{"damage":17,"enemies":"Slavers","floor":29,"turns":7},{"damage":0,"enemies":"Gremlin Leader","floor":31,"turns":7},{"damage":51,"enemies":"Automaton","floor":33,"turns":14},{"damage":0,"enemies":"3 Shapes","floor":35,"turns":7},{"damage":12,"enemies":"3 Darklings","floor":37,"turns":5},{"damage":20,"enemies":"Jaw Worm Horde","floor":39,"turns":5},{"damage":15,"enemies":"Giant Head","floor":41,"turns":10},{"damage":1,"enemies":"Maw","floor":42,"turns":8},{"damage":10,"enemies":"4 Shapes","floor":45,"turns":7},{"damage":9,"enemies":"Nemesis","floor":47,"turns":7},{"damage":68,"enemies":"Time Eater","floor":50,"turns":17}],"seed_played":"-368748695499982388","potions_obtained":[{"floor":1,"key":"Weak Potion"},{"floor":4,"key":"SneckoOil"},{"floor":11,"key":"Weak Potion"},{"floor":16,"key":"GamblersBrew"},{"floor":18,"key":"EssenceOfSteel"},{"floor":27,"key":"SpeedPotion"},{"floor":35,"key":"EssenceOfSteel"}],"is_trial":false,"path_per_floor":["$","M","?","?","?","M","?","?","?","?","?","$"],"character_chosen":"THE_SILENT","items_purchased":["Footwork","PiercingWail","Frozen Egg 2","Cloak And Dagger","Pen Nib","Blur","Weak Potion"],"campfire_rested":5,"item_purchase_floors":[3,3,21,21,38,48,48],"current_hp_per_floor":[63,62,62,62,61,32,53,25,25,25,20,20,41,41,41,1,53,53,53,53,53,46,21,21,21,21,24,38,31,31,43,43,20,42,49,47,41,41,25,39,34,43,43,43,41,41,38,38,47,0],"gold":210,"neow_bonus":"UPGRADE_CARD","is_prod":false,"is_daily":false,"chose_seed":false,"campfire_upgraded":4,"win_rate":0,"timestamp":1555431593,"path_taken":["M","M","?","M","M","E","R","E","T","R","?","?","R","?","R","BOSS","M","?","M","$","?","E","?","?","T","E","R","E","R","E","R","BOSS","M","?","M","$","M","R","E","M","T","?","M","?","E","?","R","BOSS"],"build_version":"2019-01-23","purchased_purges":1,"victory":false,"max_hp_per_floor":[70,70,70,70,70,70,70,70,70,70,70,70,70,70,70,70,70,70,70,70,70,70,70,49,49,49,49,49,49,49,49,49,49,49,49,47,47,47,47,47,47,47,47,47,47,47,47,47,47,47],"card_choices":[{"not_picked":["Concentrate","Skewer"],"picked":"Quick Slash","floor":1},{"not_picked":["Catalyst","Dodge and Roll"],"picked":"Backflip","floor":2},{"not_picked":["Terror","Masterful Stab"],"picked":"Dagger Spray","floor":4},{"not_picked":["Prepared","Flechettes"],"picked":"Deflect","floor":5},{"not_picked":["Wraith Form v2","Distraction"],"picked":"Flying Knee","floor":6},{"not_picked":["Masterful Stab","Predator"],"picked":"Cloak And Dagger","floor":8},{"not_picked":["Acrobatics","Quick Slash"],"picked":"Dodge and Roll","floor":11},{"not_picked":["Storm of Steel","Die Die Die"],"picked":"After Image","floor":16},{"not_picked":["Quick Slash"],"picked":"SKIP","floor":18},{"not_picked":["Underhanded Strike"],"picked":"SKIP","floor":20},{"not_picked":["Prepared"],"picked":"SKIP","floor":22},{"not_picked":[],"picked":"Noxious Fumes+1","floor":23},{"not_picked":["Bane"],"picked":"SKIP","floor":27},{"not_picked":[],"picked":"Infinite Blades+1","floor":29},{"not_picked":[],"picked":"Backflip","floor":31},{"not_picked":[],"picked":"Envenom+1","floor":33},{"not_picked":["Dagger Spray+1"],"picked":"SKIP","floor":35},{"not_picked":[],"picked":"Sucker Punch+1","floor":37},{"not_picked":["Dagger Spray"],"picked":"SKIP","floor":39},{"not_picked":["Dagger Spray"],"picked":"SKIP","floor":39},{"not_picked":[],"picked":"Acrobatics","floor":41},{"not_picked":[],"picked":"Terror","floor":42},{"not_picked":["Blade Dance+1"],"picked":"SKIP","floor":45},{"not_picked":[],"picked":"Prepared+1","floor":47}],"player_experience":625995,"relics_obtained":[{"floor":6,"key":"Bronze Scales"},{"floor":8,"key":"Lantern"},{"floor":9,"key":"MawBank"},{"floor":23,"key":"Juzu Bracelet"},{"floor":26,"key":"Anchor"},{"floor":27,"key":"Smiling Mask"},{"floor":29,"key":"War Paint"},{"floor":31,"key":"Bag of Marbles"},{"floor":41,"key":"Incense Burner"},{"floor":43,"key":"Paper Crane"},{"floor":47,"key":"Oddly Smooth Stone"}],"event_choices":[{"damage_healed":0,"gold_gain":0,"player_choice":"Fled","damage_taken":0,"max_hp_gain":0,"max_hp_loss":0,"event_name":"Scrap Ooze","floor":12,"gold_loss":0},{"damage_healed":0,"gold_gain":0,"player_choice":"Searched \u00270\u0027 times","damage_taken":0,"max_hp_gain":0,"max_hp_loss":0,"event_name":"Dead Adventurer","floor":14,"gold_loss":0},{"damage_healed":0,"gold_gain":0,"player_choice":"Bet on Murderer","damage_taken":0,"max_hp_gain":0,"max_hp_loss":0,"event_name":"The Joust","floor":19,"gold_loss":50},{"damage_healed":0,"gold_gain":0,"player_choice":"Became a vampire","damage_taken":0,"max_hp_gain":0,"max_hp_loss":21,"event_name":"Vampires","floor":24,"gold_loss":0,"cards_obtained":["Bite","Bite","Bite","Bite","Bite"]},{"damage_healed":0,"gold_gain":0,"player_choice":"Upgraded","damage_taken":0,"max_hp_gain":0,"max_hp_loss":0,"event_name":"Upgrade Shrine","floor":25,"gold_loss":0,"cards_upgraded":["After Image"]},{"damage_healed":0,"gold_gain":0,"player_choice":"Max HP","damage_taken":0,"max_hp_gain":0,"max_hp_loss":2,"event_name":"Winding Halls","floor":36,"gold_loss":0},{"cards_removed":["Infinite Blades"],"damage_healed":0,"gold_gain":0,"player_choice":"Purged","damage_taken":0,"max_hp_gain":0,"max_hp_loss":0,"event_name":"Purifier","floor":44,"gold_loss":0},{"damage_healed":0,"gold_gain":0,"player_choice":"Upgraded","damage_taken":0,"max_hp_gain":0,"max_hp_loss":0,"event_name":"Upgrade Shrine","floor":46,"gold_loss":0,"cards_upgraded":["Acrobatics"]}],"is_beta":false,"boss_relics":[{"not_picked":["Black Star","Coffee Dripper"],"picked":"Busted Crown"},{"not_picked":["Empty Cage","Tiny House"],"picked":"WristBlade"}],"items_purged_floors":[21],"is_endless":false,"potions_floor_spawned":[1,4,11,16,18,27,29,31,35,37,39,45],"killed_by":"Time Eater","ascension_level":13}