{"gold_per_floor":[116,116,116,116,141,174,174,217,244,282,300,26,69,83,83,174,174,192,192,206,63,82,114,114,144,144,144,192,210,237,237,237,237],"floor_reached":33,"playtime":1379,"items_purged":["Strike_B"],"score":812,"play_id":"6d978861-3847-4475-a4a1-58823d55aee1","local_time":"20190416124801","is_ascension_mode":true,"campfire_choices":[{"data":"Zap","floor":7.0,"key":"SMITH"},{"data":"Defragment","floor":15.0,"key":"SMITH"},{"data":"White Noise","floor":27.0,"key":"SMITH"},{"floor":32,"key":"REST"}],"neow_cost":"NONE","seed_source_timestamp":7729655830399,"circlet_count":0,"master_deck":["AscendersBane","Strike_B","Strike_B","Strike_B","Defend_B","Defend_B","Defend_B","Defend_B","Zap+1","Dualcast","Leap","Lockon","Compile Driver","Cold Snap","Chill","BootSequence","Self Repair","Core Surge","Defragment+1","Ball Lightning","Echo Form","Glacier+1","Capacitor","Hologram","Genetic Algorithm","White Noise+1","Multi-Cast","Blizzard","Sunder+1","Darkness"],"special_seed":0,"relics":["Cracked Core","NeowsBlessing","Bloody Idol","Vajra","Omamori","Bag of Preparation","Strawberry","Letter Opener","Art of War","Velvet Choker","Unceasing Top","Question Card","Dream Catcher","Gremlin Horn"],"potions_floor_usage":[],"damage_taken":[{"damage":0.0,"enemies":"Cultist","floor":1.0,"turns":1.0},{"damage":0.0,"enemies":"2 Louse","floor":5.0,"turns":1.0},{"damage":0.0,"enemies":"3 Sentries","floor":6.0,"turns":1.0},{"damage":14.0,"enemies":"Gremlin Nob","floor":8.0,"turns":3.0},{"damage":22.0,"enemies":"3 Sentries","floor":10.0,"turns":7.0},{"damage":2.0,"enemies":"Small Slimes","floor":11.0,"turns":3.0},{"damage":3.0,"enemies":"Lagavulin","floor":13.0,"turns":7.0},{"damage":1.0,"enemies":"Blue Slaver","floor":14.0,"turns":3.0},{"damage":0.0,"enemies":"Slime Boss","floor":16.0,"turns":5.0},{"damage":13.0,"enemies":"3 Byrds","floor":18.0,"turns":4.0},{"damage":4.0,"enemies":"Spheric Guardian","floor":20.0,"turns":6.0},{"damage":8.0,"enemies":"Cultist and Chosen","floor":22.0,"turns":8.0},{"damage":52.0,"enemies":"Book of Stabbing","floor":23.0,"turns":8.0},{"damage":18.0,"enemies":"Slavers","floor":25.0,"turns":6.0},{"damage":24.0,"enemies":"Chosen and Byrds","floor":29.0,"turns":6.0},{"damage":37.0,"enemies":"Book of Stabbing","floor":30.0,"turns":7.0},{"damage":39,"enemies":"Collector","floor":33,"turns":5}],"seed_played":"950609613849364796","potions_obtained":[{"floor":6.0,"key":"FocusPotion"},{"floor":10.0,"key":"Fire Potion"},{"floor":13.0,"key":"EssenceOfSteel"},{"floor":14.0,"key":"Explosive Potion"},{"floor":20.0,"key":"Regen Potion"},{"floor":23.0,"key":"Swift Potion"}],"is_trial":false,"path_per_floor":["M","?","?","?","M","E","R","E","T","E","M","$","E","M","R","B",null,"M","?","M","$","M","E","?","E","T","R","T","M","E","?","R","B"],"character_chosen":"DEFECT","items_purchased":["Self Repair","Core Surge","Capacitor","Hologram"],"campfire_rested":1,"item_purchase_floors":[12,12,21,21],"current_hp_per_floor":[64,64,64,64,64,64,64,50,57,35,33,33,37,43,43,50,66,60,60,71,71,71,38,38,53,53,53,58,39,14,14,35,0],"gold":237,"neow_bonus":"THREE_ENEMY_KILL","is_prod":false,"is_daily":false,"chose_seed":false,"campfire_upgraded":3,"win_rate":0,"timestamp":1555411681,"path_taken":["M","?","?","?","M","E","R","E","T","E","M","$","E","M","R","BOSS","M","?","M","$","M","E","?","E","T","R","?","M","E","?","R","BOSS"],"build_version":"2019-04-04","purchased_purges":1,"victory":false,"max_hp_per_floor":[71,64,64,64,64,64,64,64,71,71,71,71,71,71,71,71,71,71,71,71,71,71,71,71,71,71,71,71,71,71,71,71,71],"card_choices":[{"not_picked":["Streamline","Tempest"],"picked":"Leap","floor":1.0},{"not_picked":["Redo","Scrape"],"picked":"Lockon","floor":5.0},{"not_picked":["Rebound","Skim"],"picked":"Compile Driver","floor":6.0},{"not_picked":["Compile Driver","Consume"],"picked":"Cold Snap","floor":8.0},{"not_picked":["Chaos","Tempest"],"picked":"Chill","floor":10.0},{"not_picked":["Beam Cell","Stack"],"picked":"BootSequence","floor":11.0},{"not_picked":["Buffer","Ball Lightning"],"picked":"Defragment","floor":13.0},{"not_picked":["Turbo","Reinforced Body"],"picked":"Ball Lightning","floor":14.0},{"not_picked":["Creative AI","Thunder Strike"],"picked":"Echo Form","floor":16.0},{"not_picked":["Steam","Go for the Eyes"],"picked":"Glacier+1","floor":18.0},{"not_picked":["Rebound","Auto Shields+1","Force Field"],"picked":"SKIP","floor":20.0},{"not_picked":["Force Field","Fusion"],"picked":"Genetic Algorithm","floor":22.0},{"not_picked":["Streamline","Auto Shields"],"picked":"White Noise","floor":23.0},{"not_picked":["Conserve Battery","Fusion+1"],"picked":"Multi-Cast","floor":25.0},{"not_picked":["Streamline","Sweeping Beam","Hello World"],"picked":"Blizzard","floor":29.0},{"not_picked":["Streamline","Gash","Doom and Gloom"],"picked":"Sunder+1","floor":30.0},{"not_picked":["Compile Driver","Sunder+1","Steam"],"picked":"Darkness","floor":32}],"player_experience":1141449,"relics_obtained":[{"floor":4.0,"key":"Vajra"},{"floor":6.0,"key":"Omamori"},{"floor":8.0,"key":"Bag of Preparation"},{"floor":9.0,"key":"Strawberry"},{"floor":10.0,"key":"Letter Opener"},{"floor":13.0,"key":"Art of War"},{"floor":23.0,"key":"Unceasing Top"},{"floor":25.0,"key":"Question Card"},{"floor":28.0,"key":"Dream Catcher"},{"floor":30.0,"key":"Gremlin Horn"}],"event_choices":[{"damage_healed":0.0,"max_hp_gain":0.0,"max_hp_loss":7.0,"gold_gain":0.0,"event_name":"Golden Idol","player_choice":"Lose Max HP","floor":2.0,"gold_loss":0.0,"damage_taken":0.0,"relics_obtained":["Golden Idol"]},{"damage_healed":0.0,"max_hp_gain":0.0,"max_hp_loss":0.0,"gold_gain":0.0,"event_name":"The Cleric","player_choice":"Leave","floor":3.0,"gold_loss":0.0,"damage_taken":0.0},{"damage_healed":0.0,"max_hp_gain":0.0,"max_hp_loss":0.0,"gold_gain":0.0,"event_name":"Wheel of Change","player_choice":"Relic","floor":4.0,"gold_loss":0.0,"damage_taken":0.0},{"damage_healed":0.0,"max_hp_gain":0.0,"max_hp_loss":0.0,"gold_gain":0.0,"event_name":"Forgotten Altar","player_choice":"Gave Idol","floor":19.0,"relics_lost":["Golden Idol"],"gold_loss":0.0,"damage_taken":0.0,"relics_obtained":["Bloody Idol"]},{"damage_healed":0.0,"max_hp_gain":0.0,"max_hp_loss":0.0,"gold_gain":0.0,"event_name":"Ghosts","player_choice":"Ignored","floor":24.0,"gold_loss":0.0,"damage_taken":0.0},{"damage_healed":0.0,"max_hp_gain":0.0,"max_hp_loss":0.0,"gold_gain":0.0,"event_name":"Cursed Tome","player_choice":"Ignored","floor":31.0,"gold_loss":0.0,"damage_taken":0.0}],"is_beta":true,"boss_relics":[{"not_picked":["Lizard Tail","Black Star"],"picked":"Velvet Choker"}],"items_purged_floors":[12],"is_endless":false,"potions_floor_spawned":[6,10,13,14,20,23],"killed_by":"Collector","ascension_level":20}