{"gold_per_floor":[17,17,35,53,53,53,72,99,99,132,132,132,146,161,161,262,262,272,283,39,139,139,139],"floor_reached":23,"playtime":2001,"items_purged":["Strike_B"],"score":337,"play_id":"75ca58e2-6670-4287-a391-74fdb213aca7","local_time":"20190422015710","is_ascension_mode":true,"campfire_choices":[{"data":"Zap","floor":6,"key":"SMITH"},{"floor":12,"key":"REST"},{"floor":15,"key":"REST"}],"neow_cost":"NO_GOLD","seed_source_timestamp":357647435565155,"circlet_count":0,"master_deck":["AscendersBane","Strike_B","Strike_B","Defend_B","Defend_B","Defend_B","Defend_B","Zap+1","Dualcast","Ball Lightning","Reinforced Body","Rebound","Beam Cell","Ball Lightning","Undo","Hologram","Glacier","Sweeping Beam","Defragment+1","Good Instincts","Cold Snap"],"relics":["Cracked Core","Art of War","WingedGreaves","Singing Bowl","Centennial Puzzle","Runic Pyramid","StoneCalendar","Mummified Hand"],"potions_floor_usage":[8,21,21],"damage_taken":[{"damage":9,"enemies":"Jaw Worm","floor":1,"turns":3},{"damage":7,"enemies":"2 Louse","floor":3,"turns":3},{"damage":1,"enemies":"Cultist","floor":4,"turns":3},{"damage":12,"enemies":"3 Louse","floor":7,"turns":3},{"damage":26,"enemies":"Gremlin Nob","floor":8,"turns":4},{"damage":30,"enemies":"Lagavulin","floor":10,"turns":5},{"damage":10,"enemies":"Lots of Slimes","floor":13,"turns":3},{"damage":4,"enemies":"2 Fungi Beasts","floor":14,"turns":3},{"damage":38,"enemies":"Hexaghost","floor":16,"turns":12},{"damage":4,"enemies":"Chosen","floor":18,"turns":4},{"damage":12,"enemies":"Shell Parasite","floor":19,"turns":7},{"damage":18,"enemies":"Colosseum Slavers","floor":21,"turns":6},{"damage":47,"enemies":"Colosseum Nobs","floor":21,"turns":5},{"damage":45,"enemies":"Slavers","floor":23,"turns":3}],"seed_played":"-6115274760120438215","potions_obtained":[{"floor":7,"key":"GamblersBrew"},{"floor":8,"key":"Ancient Potion"},{"floor":13,"key":"PowerPotion"}],"is_trial":false,"path_per_floor":["?","?","M","?","M","?","?"],"character_chosen":"DEFECT","items_purchased":["Regen Potion","Good Instincts"],"campfire_rested":2,"item_purchase_floors":[20,20],"current_hp_per_floor":[73,78,71,70,70,70,58,32,32,2,2,30,20,18,46,10,76,72,60,60,9,41,0],"gold":139,"neow_bonus":"TWENTY_PERCENT_HP_BONUS","is_prod":false,"is_daily":false,"chose_seed":false,"campfire_upgraded":1,"win_rate":0,"timestamp":1555894630,"path_taken":["M","?","M","M","?","R","?","E","T","E","?","R","M","M","R","BOSS","M","?","$","?","?","E"],"build_version":"2019-01-23","purchased_purges":1,"victory":false,"max_hp_per_floor":[89,94,94,94,94,94,94,94,94,94,94,94,94,96,96,98,98,98,98,98,98,98,98],"card_choices":[{"not_picked":["Steam","Compile Driver"],"picked":"Ball Lightning","floor":1},{"not_picked":["Steam","Auto Shields"],"picked":"Reinforced Body","floor":3},{"not_picked":["Turbo","White Noise"],"picked":"Rebound","floor":4},{"not_picked":["Stack","Turbo"],"picked":"Beam Cell","floor":7},{"not_picked":["BootSequence","Leap"],"picked":"Ball Lightning","floor":8},{"not_picked":["Darkness","Seek"],"picked":"Undo","floor":10},{"not_picked":["Gash","Cold Snap"],"picked":"Glacier","floor":13},{"not_picked":["Leap","Rebound","Melter"],"picked":"Singing Bowl","floor":14},{"not_picked":["Core Surge","Thunder Strike","Hyperbeam"],"picked":"Singing Bowl","floor":16},{"not_picked":["Recycle","Beam Cell"],"picked":"Sweeping Beam","floor":18},{"not_picked":["Sweeping Beam+1","Hologram"],"picked":"Defragment+1","floor":19},{"not_picked":["Streamline","Gash"],"picked":"Cold Snap","floor":21}],"player_experience":699268,"relics_obtained":[{"floor":5,"key":"Art of War"},{"floor":8,"key":"WingedGreaves"},{"floor":9,"key":"Singing Bowl"},{"floor":10,"key":"Centennial Puzzle"},{"floor":21,"key":"StoneCalendar"},{"floor":21,"key":"Mummified Hand"}],"event_choices":[{"damage_healed":0,"gold_gain":0,"player_choice":"Donut","damage_taken":0,"max_hp_gain":5,"max_hp_loss":0,"event_name":"Big Fish","floor":2,"gold_loss":0},{"damage_healed":0,"gold_gain":0,"player_choice":"Relic","damage_taken":0,"max_hp_gain":0,"max_hp_loss":0,"event_name":"Wheel of Change","floor":5,"gold_loss":0},{"damage_healed":0,"gold_gain":0,"cards_transformed":["Strike_B"],"player_choice":"Transformed","damage_taken":0,"max_hp_gain":0,"max_hp_loss":0,"event_name":"Transmorgrifier","floor":11,"gold_loss":0,"cards_obtained":["Hologram"]},{"damage_healed":0,"gold_gain":0,"player_choice":"Fight","damage_taken":0,"max_hp_gain":0,"max_hp_loss":0,"event_name":"Colosseum","floor":21,"gold_loss":0},{"damage_healed":0,"gold_gain":0,"player_choice":"Fought Nobs","damage_taken":0,"max_hp_gain":0,"max_hp_loss":0,"event_name":"Colosseum","floor":21,"gold_loss":0},{"damage_healed":32,"gold_gain":0,"player_choice":"Heal","damage_taken":0,"max_hp_gain":0,"max_hp_loss":0,"event_name":"The Library","floor":22,"gold_loss":0}],"is_beta":false,"boss_relics":[{"not_picked":["Philosopher\u0027s Stone","Astrolabe"],"picked":"Runic Pyramid"}],"items_purged_floors":[20],"is_endless":false,"potions_floor_spawned":[7,8,13],"killed_by":"Slavers","ascension_level":11}