{"gold_per_floor":[117,192,192,35,35,66,66,101,101,101,135,135,135,147,147,147],"floor_reached":16,"playtime":349,"items_purged":[],"score":165,"play_id":"a3979e8b-b52b-4bfe-9a50-a97c109e1f33","local_time":"20190228150022","is_ascension_mode":true,"campfire_choices":[{"floor":7,"key":"REST"},{"floor":10,"key":"REST"},{"floor":13,"key":"REST"},{"data":"Streamline","floor":15,"key":"SMITH"}],"neow_cost":"NONE","seed_source_timestamp":523384585343900,"circlet_count":0,"master_deck":["Strike_B","Defend_B","Defend_B","Defend_B","Defend_B","Zap","Dualcast","Ball Lightning","Ball Lightning","Streamline+1"],"relics":["Cracked Core","Juzu Bracelet","Blood Vial","Matryoshka","Letter Opener","Singing Bowl","Ornamental Fan"],"potions_floor_usage":[],"damage_taken":[{"damage":7,"enemies":"2 Louse","floor":1,"turns":3},{"damage":33,"enemies":"Gremlin Nob","floor":6,"turns":4},{"damage":15,"enemies":"Lagavulin","floor":8,"turns":5},{"damage":25,"enemies":"3 Sentries","floor":11,"turns":5},{"damage":12,"enemies":"Jaw Worm","floor":14,"turns":2},{"damage":49,"enemies":"Hexaghost","floor":16,"turns":9}],"seed_played":"-6743452338862342831","potions_obtained":[{"floor":6,"key":"FairyPotion"}],"is_trial":false,"path_per_floor":["M","?","?","$","$","E","R","E","T","R","E","?","R","M","R","B"],"character_chosen":"DEFECT","items_purchased":["Juzu Bracelet"],"campfire_rested":3,"item_purchase_floors":[4],"current_hp_per_floor":[61,50,43,43,43,10,32,19,19,41,20,20,43,35,35,0],"gold":147,"neow_bonus":"REMOVE_CARD","is_prod":false,"is_daily":false,"chose_seed":false,"campfire_upgraded":1,"win_rate":0,"timestamp":1551384022,"path_taken":["M","?","?","?","$","E","R","E","T","R","E","?","R","M","R","BOSS"],"build_version":"2019-01-23","purchased_purges":0,"victory":false,"max_hp_per_floor":[75,75,75,75,75,75,75,75,75,75,77,77,77,79,79,79],"card_choices":[{"not_picked":["Barrage","BootSequence"],"picked":"Ball Lightning","floor":1},{"not_picked":["Seek","Auto Shields"],"picked":"Ball Lightning","floor":6},{"not_picked":["Stack","Recycle"],"picked":"Streamline","floor":8},{"not_picked":["Rainbow","Genetic Algorithm","Streamline"],"picked":"Singing Bowl","floor":11},{"not_picked":["Steam","Melter","Aggregate"],"picked":"Singing Bowl","floor":14}],"player_experience":503642,"relics_obtained":[{"floor":6,"key":"Blood Vial"},{"floor":8,"key":"Matryoshka"},{"floor":9,"key":"Letter Opener"},{"floor":9,"key":"Singing Bowl"},{"floor":11,"key":"Ornamental Fan"}],"event_choices":[{"damage_healed":0,"gold_gain":75,"player_choice":"Gather Gold","damage_taken":11,"max_hp_gain":0,"max_hp_loss":0,"event_name":"World of Goop","floor":2,"gold_loss":0},{"cards_removed":["Strike_B"],"damage_healed":0,"gold_gain":0,"player_choice":"Card Removal","damage_taken":7,"max_hp_gain":0,"max_hp_loss":0,"event_name":"Golden Wing","floor":3,"gold_loss":0},{"cards_removed":["Strike_B"],"damage_healed":0,"gold_gain":0,"player_choice":"Offered Basic","damage_taken":0,"max_hp_gain":0,"max_hp_loss":0,"event_name":"Bonfire Elementals","floor":12,"gold_loss":0}],"is_beta":false,"boss_relics":[],"items_purged_floors":[],"is_endless":false,"potions_floor_spawned":[6],"killed_by":"Hexaghost","ascension_level":9}