{"gold_per_floor":[114,130,205,223,77,108,108,122,122,122,139,166,177,202,202,306,306,325,339,339,349,369,369,369,101,124,124,152,10,20,51,51,51],"floor_reached":33,"playtime":3481,"items_purged":["Strike_G","Strike_G"],"score":473,"play_id":"5cc151cf-e63d-482a-9ea9-7de6048210e1","local_time":"20190323003143","is_ascension_mode":true,"campfire_choices":[{"floor":7,"key":"REST"},{"data":"Neutralize","floor":10,"key":"SMITH"},{"floor":15,"key":"REST"},{"data":"Noxious Fumes","floor":23,"key":"SMITH"},{"data":"Footwork","floor":27,"key":"SMITH"},{"data":"After Image","floor":32,"key":"SMITH"}],"neow_cost":"NONE","seed_source_timestamp":238482195509015,"circlet_count":0,"master_deck":["Defend_G","Defend_G","Defend_G","Defend_G","Defend_G+1","Strike_G","Strike_G","Strike_G","Survivor+1","Neutralize+1","Backstab","Cloak And Dagger","Blur","Noxious Fumes+1","Adrenaline","Sucker Punch","Backflip","Dodge and Roll","Predator","A Thousand Cuts","PiercingWail","Backstab","Crippling Poison+1","Decay","Footwork+1","Leg Sweep","Cloak And Dagger+1","After Image+1","Crippling Poison"],"relics":["Ring of the Snake","Strawberry","Bottled Flame","Mango","Bottled Tornado","Coffee Dripper","Bronze Scales","War Paint","Smiling Mask"],"potions_floor_usage":[12,12,12,22,28],"damage_taken":[{"damage":3,"enemies":"Jaw Worm","floor":1,"turns":6},{"damage":1,"enemies":"Small Slimes","floor":2,"turns":4},{"damage":0,"enemies":"Cultist","floor":4,"turns":3},{"damage":50,"enemies":"Gremlin Nob","floor":6,"turns":6},{"damage":0,"enemies":"Blue Slaver","floor":8,"turns":5},{"damage":5,"enemies":"Exordium Thugs","floor":11,"turns":5},{"damage":0,"enemies":"3 Sentries","floor":12,"turns":8},{"damage":1,"enemies":"Red Slaver","floor":13,"turns":4},{"damage":29,"enemies":"Lagavulin","floor":14,"turns":14},{"damage":14,"enemies":"The Guardian","floor":16,"turns":14},{"damage":2,"enemies":"3 Byrds","floor":18,"turns":4},{"damage":3,"enemies":"Chosen","floor":19,"turns":6},{"damage":5,"enemies":"Snecko","floor":21,"turns":5},{"damage":15,"enemies":"3 Cultists","floor":22,"turns":7},{"damage":6,"enemies":"Book of Stabbing","floor":28,"turns":6},{"damage":20,"enemies":"Snake Plant","floor":30,"turns":4},{"damage":22,"enemies":"Slavers","floor":31,"turns":5},{"damage":8,"enemies":"Champ","floor":33,"turns":1}],"seed_played":"-4234960313592316337","potions_obtained":[{"floor":2,"key":"LiquidBronze"},{"floor":6,"key":"Energy Potion"},{"floor":11,"key":"FearPotion"},{"floor":13,"key":"Weak Potion"},{"floor":16,"key":"Strength Potion"},{"floor":18,"key":"Strength Potion"},{"floor":20,"key":"Energy Potion"}],"is_trial":false,"path_per_floor":["?","?","M","?","$"],"character_chosen":"THE_SILENT","items_purchased":["Noxious Fumes","Footwork","Leg Sweep","Explosive Potion","After Image"],"campfire_rested":2,"item_purchase_floors":[5,25,25,25,29],"current_hp_per_floor":[67,66,55,55,55,12,37,37,37,37,32,46,45,16,45,31,81,79,76,76,71,56,56,56,56,56,56,50,50,30,8,8,0],"gold":51,"neow_bonus":"TEN_PERCENT_HP_BONUS","is_prod":false,"is_daily":false,"chose_seed":false,"campfire_upgraded":4,"win_rate":0,"timestamp":1553301103,"path_taken":["M","M","?","M","$","E","R","M","T","R","M","E","M","E","R","BOSS","M","M","?","?","M","R","?","?","T","R","E","$","M","E","R","BOSS"],"build_version":"2019-01-23","purchased_purges":2,"victory":false,"max_hp_per_floor":[77,77,77,77,77,84,84,84,84,84,84,98,98,98,98,98,98,98,98,98,98,98,98,98,98,98,98,98,98,98,98,98,98],"card_choices":[{"not_picked":["PiercingWail","Outmaneuver"],"picked":"Backstab","floor":1},{"not_picked":["Skewer","PiercingWail"],"picked":"Cloak And Dagger","floor":2},{"not_picked":["Quick Slash","Deflect"],"picked":"Blur","floor":4},{"not_picked":["Riddle With Holes","Prepared"],"picked":"Adrenaline","floor":6},{"not_picked":["Backflip","Accuracy"],"picked":"Sucker Punch","floor":8},{"not_picked":["Eviscerate","Backstab"],"picked":"Backflip","floor":11},{"not_picked":["Poisoned Stab","Backflip"],"picked":"Dodge and Roll","floor":12},{"not_picked":["Blade Dance","Flying Knee","Eviscerate"],"picked":"SKIP","floor":13},{"not_picked":["Underhanded Strike","Poisoned Stab"],"picked":"Predator","floor":14},{"not_picked":["Bullet Time","Storm of Steel"],"picked":"A Thousand Cuts","floor":16},{"not_picked":["Calculated Gamble","Catalyst"],"picked":"PiercingWail","floor":18},{"not_picked":["Underhanded Strike","Eviscerate"],"picked":"Backstab","floor":19},{"not_picked":["Dodge and Roll+1","Flying Knee"],"picked":"Crippling Poison+1","floor":21},{"not_picked":["Prepared","Acrobatics","Deadly Poison"],"picked":"SKIP","floor":22},{"not_picked":["Eviscerate","Backflip"],"picked":"Cloak And Dagger+1","floor":28},{"not_picked":["Flechettes","Sucker Punch","Poisoned Stab+1"],"picked":"SKIP","floor":30},{"not_picked":["Masterful Stab","Sucker Punch"],"picked":"Crippling Poison","floor":31}],"player_experience":298711,"relics_obtained":[{"floor":6,"key":"Strawberry"},{"floor":9,"key":"Bottled Flame"},{"floor":12,"key":"Mango"},{"floor":14,"key":"Bottled Tornado"},{"floor":26,"key":"Bronze Scales"},{"floor":28,"key":"War Paint"},{"floor":31,"key":"Smiling Mask"}],"event_choices":[{"damage_healed":0,"gold_gain":75,"player_choice":"Gather Gold","damage_taken":11,"max_hp_gain":0,"max_hp_loss":0,"event_name":"World of Goop","floor":3,"gold_loss":0},{"damage_healed":0,"gold_gain":0,"player_choice":"Got Potions","damage_taken":0,"max_hp_gain":0,"max_hp_loss":0,"event_name":"Lab","floor":20,"gold_loss":0},{"damage_healed":0,"gold_gain":0,"player_choice":"Cursed","damage_taken":0,"max_hp_gain":0,"max_hp_loss":0,"event_name":"Wheel of Change","floor":24,"gold_loss":0,"cards_obtained":["Decay"]}],"is_beta":false,"boss_relics":[{"not_picked":["Runic Pyramid","Calling Bell"],"picked":"Coffee Dripper"}],"items_purged_floors":[5,25],"is_endless":false,"potions_floor_spawned":[2,6,11,13,16,18,21],"killed_by":"Champ","ascension_level":7}