{"path_per_floor":["M","M","M","M","M","R","?","M","T","$","M","$","R","M","R","B",null,"M","?","$","M","M","R","M","M","T","$","M","M","R","M","R","B",null,"M","M","?","?","?","R","E","M","T","M","R","M","M","M","R","B"],"character_chosen":"DEFECT","items_purchased":["Storm","Heatsinks","Frozen Egg 2"],"gold_per_floor":[112,129,139,157,168,168,168,180,180,65,82,48,48,60,60,162,162,182,182,182,202,219,219,231,245,268,14,24,35,35,49,49,153,153,165,175,0,0,0,0,33,50,75,91,91,102,114,124,124,124],"floor_reached":51,"campfire_rested":2,"playtime":3524,"item_purchase_floors":[10,12,27],"current_hp_per_floor":[74,72,72,69,69,69,69,68,68,68,68,68,68,68,68,57,75,65,65,65,65,65,65,61,61,61,61,59,59,59,59,59,7,75,75,75,75,75,75,75,65,52,52,52,74,75,71,19,41,31],"items_purged":["Regret"],"gold":124,"score":656,"play_id":"5111d5f0-50dd-485b-a904-dc6e72be93d2","local_time":"20180606234516","is_prod":false,"is_daily":false,"chose_seed":false,"is_ascension_mode":false,"campfire_upgraded":7,"win_rate":0,"timestamp":1528343116,"campfire_choices":[{"data":"Defragment","floor":6,"key":"SMITH"},{"data":"Storm","floor":13,"key":"SMITH"},{"data":"Lockon","floor":15,"key":"SMITH"},{"data":"White Noise","floor":23,"key":"SMITH"},{"data":"Meteor Strike","floor":30,"key":"SMITH"},{"data":"Buffer","floor":32,"key":"SMITH"},{"data":"Blizzard","floor":40,"key":"SMITH"},{"floor":45,"key":"REST"},{"floor":49,"key":"REST"}],"path_taken":["M","M","M","M","M","R","?","M","T","$","M","?","R","M","R","BOSS","M","?","$","M","M","R","M","M","T","$","M","M","R","M","R","BOSS","M","M","?","?","?","R","E","M","T","?","R","M","M","M","R","BOSS"],"build_version":"2018-06-05","seed_source_timestamp":287691531858916,"purchased_purges":1,"victory":true,"master_deck":["Strike_B","Defend_B+1","Defend_B","Defend_B","Defend_B","Zap+1","Dualcast","Leap","Glacier+1","Defragment+1","Leap","BootSequence","Storm+1","Heatsinks","Lockon+1","Buffer+1","Double Energy+1","Beam Cell+1","White Noise+1","Redo+1","Blizzard+1","Streamline","Meteor Strike+1","Chill","Conserve Battery+1","Creative AI+1","Defragment+1","Capacitor+1"],"max_hp_per_floor":[75,75,75,75,75,75,75,75,75,75,75,75,75,75,75,75,75,75,75,75,75,75,75,75,75,75,75,75,75,75,75,75,75,75,75,75,75,75,75,75,75,75,75,75,75,75,75,75,75,75],"relics":["Cracked Core","War Paint","Mummified Hand","Astrolabe","Anchor","Frozen Egg 2","Runic Pyramid","Red Mask","Centennial Puzzle","Pen Nib"],"card_choices":[{"not_picked":["Hello World","Gash"],"picked":"Leap","floor":1},{"not_picked":["Stack","Undo"],"picked":"Glacier","floor":2},{"not_picked":["Darkness","Beam Cell","Go for the Eyes"],"picked":"SKIP","floor":3},{"not_picked":["Reprogram","Melter"],"picked":"Defragment","floor":4},{"not_picked":["Chill","Aggregate"],"picked":"Leap","floor":5},{"not_picked":["Hologram","Turbo"],"picked":"BootSequence","floor":8},{"not_picked":["Turbo","Hologram","Reprogram"],"picked":"SKIP","floor":11},{"not_picked":["Compile Driver","Rip and Tear"],"picked":"Lockon","floor":14},{"not_picked":["Core Surge","Biased Cognition"],"picked":"Buffer","floor":16},{"not_picked":["Reinforced Body","Barrage","Steam Power"],"picked":"SKIP","floor":18},{"not_picked":["Sweeping Beam","Redo"],"picked":"White Noise","floor":21},{"not_picked":["Sweeping Beam","Compile Driver"],"picked":"Redo+1","floor":22},{"not_picked":["Cold Snap+1","Skim"],"picked":"Blizzard","floor":24},{"not_picked":["Force Field","Go for the Eyes"],"picked":"Streamline","floor":25},{"not_picked":["Compile Driver","Gash"],"picked":"Meteor Strike","floor":28},{"not_picked":["Cold Snap+1","Ball Lightning"],"picked":"Chill","floor":29},{"not_picked":["Gash","Rip and Tear"],"picked":"Conserve Battery+1","floor":31},{"not_picked":["Amplify","Seek"],"picked":"Creative AI+1","floor":33},{"not_picked":["Streamline+1","Turbo","Scrape"],"picked":"SKIP","floor":35},{"not_picked":["Consume+1","Barrage","White Noise"],"picked":"SKIP","floor":36},{"not_picked":["Beam Cell+1","Skim+1","Coolheaded"],"picked":"SKIP","floor":41},{"not_picked":["Cold Snap+1","Streamline+1"],"picked":"Defragment+1","floor":42},{"not_picked":["Genetic Algorithm","Streamline","Steam"],"picked":"SKIP","floor":44},{"not_picked":["Blizzard","Melter+1","Reboot"],"picked":"SKIP","floor":46},{"not_picked":["BootSequence+1","Steam Power+1"],"picked":"Capacitor+1","floor":47},{"not_picked":["Scrape","Barrage","Reprogram+1"],"picked":"SKIP","floor":48}],"player_experience":215127,"potions_floor_usage":[16,16,16,33,47,50,50,50],"damage_taken":[{"damage":1,"enemies":"Jaw Worm","floor":1,"turns":2},{"damage":2,"enemies":"Small Slimes","floor":2,"turns":3},{"damage":0,"enemies":"Cultist","floor":3,"turns":4},{"damage":3,"enemies":"Lots of Slimes","floor":4,"turns":6},{"damage":0,"enemies":"Blue Slaver","floor":5,"turns":5},{"damage":1,"enemies":"Looter","floor":8,"turns":4},{"damage":0,"enemies":"Large Slime","floor":11,"turns":5},{"damage":0,"enemies":"Lots of Slimes","floor":14,"turns":4},{"damage":11,"enemies":"Hexaghost","floor":16,"turns":13},{"damage":10,"enemies":"2 Thieves","floor":18,"turns":4},{"damage":0,"enemies":"Shell Parasite","floor":21,"turns":6},{"damage":0,"enemies":"Snake Plant","floor":22,"turns":4},{"damage":4,"enemies":"Sentry and Sphere","floor":24,"turns":4},{"damage":7,"enemies":"Chosen and Byrds","floor":25,"turns":6},{"damage":2,"enemies":"Snake Plant","floor":28,"turns":4},{"damage":0,"enemies":"Cultist and Chosen","floor":29,"turns":5},{"damage":0,"enemies":"Centurion and Healer","floor":31,"turns":5},{"damage":52,"enemies":"Automaton","floor":33,"turns":16},{"damage":0,"enemies":"3 Darklings","floor":35,"turns":7},{"damage":0,"enemies":"Orb Walker","floor":36,"turns":4},{"damage":10,"enemies":"Giant Head","floor":41,"turns":9},{"damage":13,"enemies":"4 Shapes","floor":42,"turns":4},{"damage":0,"enemies":"3 Darklings","floor":44,"turns":4},{"damage":0,"enemies":"Transient","floor":46,"turns":5},{"damage":4,"enemies":"Spire Growth","floor":47,"turns":5},{"damage":52,"enemies":"Flame Bruiser 2 Orb","floor":48,"turns":4},{"damage":10,"enemies":"Donu and Deca","floor":50,"turns":7}],"relics_obtained":[{"floor":9,"key":"Mummified Hand"},{"floor":26,"key":"Anchor"},{"floor":41,"key":"Centennial Puzzle"},{"floor":43,"key":"Pen Nib"}],"event_choices":[{"event_name":"Big Fish","player_choice":"Box","floor":7,"damage_taken":0},{"event_name":"Drug Dealer","player_choice":"Ignored","floor":19,"damage_taken":0},{"event_name":"Tomb of Lord Red Mask","player_choice":"Paid","floor":37,"damage_taken":0},{"event_name":"Bonfire Elementals","player_choice":"UNCOMMON","floor":38,"damage_taken":0},{"event_name":"Mysterious Sphere","player_choice":"Ignore","floor":39,"damage_taken":0}],"boss_relics":[{"not_picked":["Orrery","Runic Dome"],"picked":"Astrolabe"},{"not_picked":["Calling Bell","Nuclear Battery"],"picked":"Runic Pyramid"}],"items_purged_floors":[10],"potions_floor_spawned":[2,3,4,8,24,25,29,31,36,44,46,48],"seed_played":"5783983597115467427","ascension_level":0,"potions_obtained":[{"floor":2,"key":"Swift Potion"},{"floor":3,"key":"EssenceOfSteel"},{"floor":4,"key":"Energy Potion"},{"floor":24,"key":"SpeedPotion"},{"floor":25,"key":"Swift Potion"},{"floor":29,"key":"GamblersBrew"},{"floor":36,"key":"FearPotion"},{"floor":46,"key":"FocusPotion"},{"floor":48,"key":"EssenceOfSteel"}],"is_trial":false}