{"gold_per_floor":[219,238,253,273,238,238,159,159,183,214,214,214,224,224,224,328,328,347,358,154,154],"floor_reached":21,"playtime":693,"items_purged":["Pain"],"score":215,"play_id":"99a52e39-a3ed-4a95-8c7f-a0d94ff06915","local_time":"20181222195102","is_ascension_mode":true,"campfire_choices":[{"data":"Zap","floor":6,"key":"SMITH"},{"data":"Doom and Gloom","floor":8,"key":"SMITH"},{"data":"Cold Snap","floor":11,"key":"SMITH"},{"data":"Hello World","floor":15,"key":"SMITH"}],"neow_cost":"NONE","seed_source_timestamp":13425912361400,"circlet_count":0,"master_deck":["Strike_B","Strike_B","Strike_B","Strike_B","Defend_B","Defend_B","Defend_B","Defend_B","Zap+1","Dualcast","Loop","Blizzard","Rebound","Conserve Battery","Doom and Gloom+1","Cold Snap+1","Hello World+1","Regret","Fission","Biased Cognition","Defragment","Turbo"],"relics":["Cracked Core","Art of War","Orichalcum","WarpedTongs","StoneCalendar","Snecko Eye"],"potions_floor_usage":[10,16,21],"damage_taken":[{"damage":1,"enemies":"2 Louse","floor":1,"turns":2},{"damage":0,"enemies":"Small Slimes","floor":2,"turns":3},{"damage":11,"enemies":"Cultist","floor":3,"turns":4},{"damage":11,"enemies":"3 Louse","floor":4,"turns":3},{"damage":13,"enemies":"Gremlin Nob","floor":10,"turns":3},{"damage":10,"enemies":"Large Slime","floor":13,"turns":4},{"damage":45,"enemies":"The Guardian","floor":16,"turns":8},{"damage":36,"enemies":"2 Thieves","floor":18,"turns":4},{"damage":12,"enemies":"Spheric Guardian","floor":19,"turns":3},{"damage":30,"enemies":"3 Cultists","floor":21,"turns":4}],"seed_played":"-3143027313622395960","potions_obtained":[{"floor":1,"key":"Regen Potion"},{"floor":4,"key":"Fire Potion"},{"floor":16,"key":"SteroidPotion"}],"is_trial":false,"path_per_floor":["M","M","M","M","?","R","$","R","T","E","R","?","M","?","R","B",null,"M","M","$","M"],"character_chosen":"DEFECT","items_purchased":["Doom and Gloom","Defragment","Turbo"],"campfire_rested":0,"item_purchase_floors":[7,20,20],"current_hp_per_floor":[74,74,63,52,70,70,70,70,70,57,57,57,47,47,47,17,75,39,27,27,0],"gold":154,"neow_bonus":"HUNDRED_GOLD","is_prod":false,"is_daily":false,"chose_seed":false,"campfire_upgraded":4,"win_rate":0,"timestamp":1545526262,"path_taken":["M","M","M","M","?","R","$","R","T","E","R","?","?","?","R","BOSS","M","M","$","M"],"build_version":"2018-12-20","purchased_purges":1,"victory":false,"max_hp_per_floor":[75,75,75,75,75,75,75,75,75,75,75,75,75,75,75,75,75,75,75,75,75],"card_choices":[{"not_picked":["Go for the Eyes","Chaos"],"picked":"Loop","floor":1},{"not_picked":["Double Energy","Skim"],"picked":"Blizzard","floor":2},{"not_picked":["Leap","Hello World"],"picked":"Rebound","floor":3},{"not_picked":["Sweeping Beam","Consume"],"picked":"Conserve Battery","floor":4},{"not_picked":["Gash","Reinforced Body"],"picked":"Cold Snap","floor":10},{"not_picked":["Amplify","Rebound"],"picked":"Hello World","floor":13},{"not_picked":["Seek","Amplify"],"picked":"Fission","floor":16},{"not_picked":["Rebound","Barrage","Gash+1"],"picked":"SKIP","floor":18},{"not_picked":["Leap","Steam"],"picked":"Biased Cognition","floor":19}],"player_experience":320204,"relics_obtained":[{"floor":9,"key":"Art of War"},{"floor":10,"key":"Orichalcum"}],"event_choices":[{"damage_healed":18,"gold_gain":0,"player_choice":"Healed","damage_taken":0,"max_hp_gain":0,"max_hp_loss":0,"event_name":"The Cleric","floor":5,"gold_loss":35},{"damage_healed":0,"gold_gain":0,"player_choice":"Rummage","damage_taken":0,"relics_obtained":["WarpedTongs"],"max_hp_gain":0,"max_hp_loss":0,"event_name":"Accursed Blacksmith","floor":12,"gold_loss":0,"cards_obtained":["Pain"]},{"damage_healed":0,"gold_gain":0,"player_choice":"Box","damage_taken":0,"relics_obtained":["StoneCalendar"],"max_hp_gain":0,"max_hp_loss":0,"event_name":"Big Fish","floor":14,"gold_loss":0,"cards_obtained":["Regret"]}],"is_beta":false,"boss_relics":[{"not_picked":["Coffee Dripper","Philosopher\u0027s Stone"],"picked":"Snecko Eye"}],"items_purged_floors":[20],"is_endless":false,"potions_floor_spawned":[1,4,16],"killed_by":"3 Cultists","ascension_level":4}