{"gold_per_floor":[112,62,62,74,93,127,127,160,160,180,200,200,219,73,73,176,176,194,177,24,39,56,56,56,86,139,69,69,80,80,96,96,96],"floor_reached":33,"playtime":1947,"items_purged":[],"score":374,"play_id":"4cc4dd8b-52ec-449c-bf20-a3a68a118c6f","local_time":"20190322185943","is_ascension_mode":true,"campfire_choices":[{"data":"Madness","floor":7,"key":"SMITH"},{"floor":15,"key":"REST"},{"floor":23,"key":"REST"},{"floor":28,"key":"REST"},{"data":"Capacitor","floor":30,"key":"SMITH"},{"floor":32,"key":"REST"}],"neow_cost":"NONE","seed_source_timestamp":166368797612923,"circlet_count":0,"master_deck":["Strike_B","Strike_B","Strike_B","Defend_B","Defend_B","Defend_B","Defend_B","Zap","Dualcast","Madness+1","Ball Lightning","Genetic Algorithm","Glacier","Go for the Eyes","Double Energy","Gash","Leap","Sweeping Beam","All For One","Machine Learning","Go for the Eyes","Self Repair","Electrodynamics","Beam Cell","Cold Snap","Capacitor+1","Gash+1","Sweeping Beam"],"relics":["Cracked Core","Question Card","Pear","Gremlin Horn","Sozu","PreservedInsect","GremlinMask","Turnip","Strawberry"],"potions_floor_usage":[4,5,6,8,16,16,33],"damage_taken":[{"damage":2,"enemies":"Jaw Worm","floor":1,"turns":3},{"damage":0,"enemies":"Small Slimes","floor":4,"turns":2},{"damage":0,"enemies":"Cultist","floor":5,"turns":2},{"damage":19,"enemies":"Lagavulin","floor":6,"turns":7},{"damage":20,"enemies":"3 Sentries","floor":8,"turns":5},{"damage":7,"enemies":"Blue Slaver","floor":10,"turns":3},{"damage":17,"enemies":"3 Louse","floor":11,"turns":3},{"damage":12,"enemies":"Lots of Slimes","floor":13,"turns":3},{"damage":35,"enemies":"Slime Boss","floor":16,"turns":12},{"damage":15,"enemies":"3 Byrds","floor":18,"turns":5},{"damage":9,"enemies":"2 Thieves","floor":19,"turns":4},{"damage":22,"enemies":"3 Cultists","floor":21,"turns":5},{"damage":16,"enemies":"Centurion and Healer","floor":22,"turns":7},{"damage":32,"enemies":"Gremlin Leader","floor":25,"turns":5},{"damage":30,"enemies":"Sentry and Sphere","floor":29,"turns":6},{"damage":16,"enemies":"Cultist and Chosen","floor":31,"turns":6},{"damage":68,"enemies":"Champ","floor":33,"turns":13}],"seed_played":"2343071771704397071","potions_obtained":[{"floor":3,"key":"Fruit Juice"},{"floor":3,"key":"FocusPotion"},{"floor":3,"key":"Fire Potion"},{"floor":4,"key":"AttackPotion"},{"floor":10,"key":"GamblersBrew"},{"floor":13,"key":"Weak Potion"},{"floor":16,"key":"Dexterity Potion"}],"is_trial":false,"path_per_floor":["M","?","?","M","M","E","R","E","T","M","M","?","M","$","R","B",null,"M","M","$","M","M","R","?","E","T","$","R","M","R","M","R","B"],"character_chosen":"DEFECT","items_purchased":["All For One","PreservedInsect","Capacitor"],"campfire_rested":4,"item_purchase_floors":[14,20,27],"current_hp_per_floor":[73,73,73,78,78,59,59,49,49,42,25,25,13,13,40,5,69,54,45,45,30,21,48,48,23,30,30,59,36,36,27,56,0],"gold":96,"neow_bonus":"RANDOM_COLORLESS","is_prod":false,"is_daily":false,"chose_seed":false,"campfire_upgraded":2,"win_rate":0,"timestamp":1553295583,"path_taken":["M","?","?","M","M","E","R","E","T","?","M","?","M","$","R","BOSS","M","M","$","M","M","R","?","E","T","$","R","M","R","M","R","BOSS"],"build_version":"2019-01-23","purchased_purges":0,"victory":false,"max_hp_per_floor":[75,75,75,80,80,80,80,90,90,90,90,90,90,90,90,90,90,90,90,90,90,90,90,90,90,97,97,97,97,97,97,97,97],"card_choices":[{"not_picked":["Lockon","Stack"],"picked":"Ball Lightning","floor":1},{"not_picked":["Hologram","Darkness"],"picked":"Genetic Algorithm","floor":4},{"not_picked":["Turbo","Rebound"],"picked":"Glacier","floor":5},{"not_picked":["Biased Cognition","Doom and Gloom"],"picked":"Go for the Eyes","floor":6},{"not_picked":["Sunder","Reprogram","Rebound"],"picked":"Double Energy","floor":8},{"not_picked":["Double Energy","Lockon","Streamline"],"picked":"Gash","floor":10},{"not_picked":["Barrage","Sunder","Hello World"],"picked":"Leap","floor":11},{"not_picked":["Steam","Streamline","White Noise"],"picked":"Sweeping Beam","floor":13},{"not_picked":["Creative AI","Reboot","Multi-Cast"],"picked":"Machine Learning","floor":16},{"not_picked":["Sweeping Beam","Turbo+1","Stack+1"],"picked":"Go for the Eyes","floor":18},{"not_picked":["Turbo","Reprogram+1","Coolheaded"],"picked":"Self Repair","floor":19},{"not_picked":["Steam+1","Hologram+1","Ball Lightning+1"],"picked":"Electrodynamics","floor":21},{"not_picked":["Stack+1","Go for the Eyes","Coolheaded+1"],"picked":"Beam Cell","floor":22},{"not_picked":["Lockon","Rainbow","Rip and Tear"],"picked":"Cold Snap","floor":25},{"not_picked":["Sweeping Beam","Reinforced Body","Steam Power"],"picked":"Gash+1","floor":29},{"not_picked":["Double Energy+1","Compile Driver","FTL"],"picked":"Sweeping Beam","floor":31}],"player_experience":253904,"relics_obtained":[{"floor":6,"key":"Question Card"},{"floor":8,"key":"Pear"},{"floor":9,"key":"Gremlin Horn"},{"floor":25,"key":"Turnip"},{"floor":26,"key":"Strawberry"}],"event_choices":[{"cards_removed":["Strike_B"],"damage_healed":0,"gold_gain":0,"player_choice":"Card Removal","damage_taken":0,"max_hp_gain":0,"max_hp_loss":0,"event_name":"The Cleric","floor":2,"gold_loss":50},{"damage_healed":0,"gold_gain":0,"player_choice":"Got Potions","damage_taken":0,"max_hp_gain":0,"max_hp_loss":0,"event_name":"Lab","floor":3,"gold_loss":0},{"damage_healed":0,"gold_gain":0,"player_choice":"Ignored","damage_taken":0,"max_hp_gain":0,"max_hp_loss":0,"event_name":"Golden Wing","floor":12,"gold_loss":0},{"damage_healed":0,"gold_gain":0,"player_choice":"Trade","damage_taken":0,"relics_obtained":["GremlinMask"],"max_hp_gain":0,"max_hp_loss":0,"event_name":"FaceTrader","floor":24,"gold_loss":0}],"is_beta":false,"boss_relics":[{"not_picked":["Velvet Choker","Ectoplasm"],"picked":"Sozu"}],"items_purged_floors":[],"is_endless":false,"potions_floor_spawned":[4,10,13,16,19,22,25,29],"killed_by":"Champ","ascension_level":5}