{"gold_per_floor":[117,130,130,130,149,175,50,50,73,104,104,23,34,34,34,129,129,154,14,34,34,54,93,42,60,87,87,87,122,140,153,153,247,247,266,123,0,0,24,24,68,81,81,95,95,113,113,113,113,113],"floor_reached":51,"playtime":6543,"items_purged":["Strike_R","Strike_R"],"score":1155,"play_id":"c5def224-365a-4b89-b459-5fd84a080a35","local_time":"20190406190953","is_ascension_mode":true,"campfire_choices":[{"floor":8,"key":"REST"},{"data":"Demon Form","floor":11,"key":"SMITH"},{"floor":15,"key":"REST"},{"floor":27,"key":"REST"},{"floor":32,"key":"REST"},{"data":"Shockwave","floor":40,"key":"SMITH"},{"data":"Whirlwind","floor":45,"key":"SMITH"},{"data":"Disarm","floor":49,"key":"SMITH"}],"neow_cost":"NONE","seed_source_timestamp":431898370000040,"circlet_count":0,"master_deck":["AscendersBane","Strike_R+1","Strike_R","Defend_R+1","Defend_R","Defend_R","Defend_R","Bash","Headbutt","Shockwave+1","Iron Wave","Demon Form+1","Armaments","Clothesline","Disarm+1","Bludgeon","Spot Weakness","Whirlwind+1","Flex+1","Havoc+1","Pummel","Warcry","Reaper","Disarm+1","Entrench"],"relics":["Burning Blood","Omamori","Happy Flower","Self Forming Clay","Golden Idol","Cursed Key","CultistMask","Bronze Scales","Anchor","Orichalcum","Snecko Eye","Lantern","Red Mask","Letter Opener","Juzu Bracelet"],"potions_floor_usage":[6,23,23,25],"damage_taken":[{"damage":14,"enemies":"Jaw Worm","floor":1,"turns":5},{"damage":9,"enemies":"2 Louse","floor":2,"turns":4},{"damage":6,"enemies":"Small Slimes","floor":5,"turns":4},{"damage":36,"enemies":"Lagavulin","floor":6,"turns":9},{"damage":23,"enemies":"Gremlin Nob","floor":10,"turns":4},{"damage":13,"enemies":"Exordium Thugs","floor":13,"turns":6},{"damage":22,"enemies":"Slime Boss","floor":16,"turns":5},{"damage":7,"enemies":"Chosen","floor":18,"turns":3},{"damage":0,"enemies":"3 Byrds","floor":20,"turns":4},{"damage":11,"enemies":"Snecko","floor":22,"turns":5},{"damage":31,"enemies":"Slavers","floor":23,"turns":4},{"damage":9,"enemies":"Snake Plant","floor":25,"turns":4},{"damage":23,"enemies":"Gremlin Leader","floor":29,"turns":4},{"damage":0,"enemies":"Centurion and Healer","floor":30,"turns":3},{"damage":30,"enemies":"Snecko","floor":31,"turns":5},{"damage":37,"enemies":"Champ","floor":33,"turns":8},{"damage":1,"enemies":"3 Shapes","floor":35,"turns":3},{"damage":11,"enemies":"3 Darklings","floor":39,"turns":7},{"damage":27,"enemies":"Nemesis","floor":41,"turns":5},{"damage":22,"enemies":"Spire Growth","floor":42,"turns":5},{"damage":5,"enemies":"Jaw Worm Horde","floor":44,"turns":3},{"damage":16,"enemies":"Maw","floor":46,"turns":7},{"damage":38,"enemies":"Awakened One","floor":50,"turns":12}],"seed_played":"-134860961234165349","potions_obtained":[{"floor":5,"key":"SneckoOil"},{"floor":6,"key":"Explosive Potion"},{"floor":20,"key":"GamblersBrew"},{"floor":22,"key":"PowerPotion"},{"floor":29,"key":"Explosive Potion"},{"floor":33,"key":"GamblersBrew"},{"floor":44,"key":"Energy Potion"}],"is_trial":false,"path_per_floor":["?","?","?","?","$","?","M","?","?","?","?"],"character_chosen":"IRONCLAD","items_purchased":["Armaments","Disarm","Whirlwind","Block Potion","Lantern"],"campfire_rested":4,"item_purchase_floors":[7,12,19,24,36],"current_hp_per_floor":[72,69,69,51,51,21,21,47,47,30,30,30,23,23,47,31,69,68,68,74,74,69,44,44,41,41,65,65,48,54,30,54,23,67,81,81,81,81,81,81,60,44,44,69,69,81,81,81,81,78],"gold":113,"neow_bonus":"TEN_PERCENT_HP_BONUS","is_prod":false,"is_daily":false,"chose_seed":false,"campfire_upgraded":4,"win_rate":0,"timestamp":1554574193,"path_taken":["M","M","?","?","M","E","$","R","T","E","R","$","M","?","R","BOSS","M","$","M","?","M","E","?","M","T","R","?","E","M","?","R","BOSS","M","$","?","?","M","R","E","M","T","M","R","M","?","?","R","BOSS"],"build_version":"2019-01-23","purchased_purges":2,"victory":true,"max_hp_per_floor":[88,88,88,88,88,88,88,88,88,88,88,88,88,81,81,81,81,81,81,81,81,81,81,81,81,81,81,81,81,81,81,81,81,81,81,81,81,81,81,81,81,81,81,81,81,81,81,81,81,81],"card_choices":[{"not_picked":["Heavy Blade","Corruption"],"picked":"Headbutt","floor":1},{"not_picked":["Twin Strike","Heavy Blade"],"picked":"Shockwave","floor":2},{"not_picked":["Pommel Strike","Twin Strike"],"picked":"Iron Wave","floor":5},{"not_picked":["Twin Strike","Combust"],"picked":"Demon Form","floor":6},{"not_picked":["Immolate","Rage"],"picked":"Clothesline","floor":10},{"not_picked":["Second Wind","Seeing Red","Fire Breathing"],"picked":"SKIP","floor":13},{"not_picked":["Limit Break","Offering"],"picked":"Bludgeon","floor":16},{"not_picked":["True Grit","Clash"],"picked":"Spot Weakness","floor":18},{"not_picked":["Second Wind","Perfected Strike"],"picked":"Flex+1","floor":20},{"not_picked":["Whirlwind","Wild Strike+1"],"picked":"Havoc+1","floor":22},{"not_picked":["Iron Wave","Pommel Strike","Flex"],"picked":"SKIP","floor":23},{"not_picked":["Flex+1","Clothesline","Wild Strike+1"],"picked":"SKIP","floor":25},{"not_picked":["Carnage","Armaments","Headbutt"],"picked":"SKIP","floor":29},{"not_picked":["Barricade","Twin Strike","Clash"],"picked":"SKIP","floor":30},{"not_picked":["Wild Strike","Combust"],"picked":"Warcry","floor":31},{"not_picked":["Offering","Fiend Fire"],"picked":"Reaper","floor":33},{"not_picked":["Uppercut","Havoc","True Grit"],"picked":"SKIP","floor":35},{"not_picked":["Clothesline","Headbutt","True Grit"],"picked":"SKIP","floor":39},{"not_picked":["Clothesline","Headbutt","True Grit"],"picked":"SKIP","floor":39},{"not_picked":["Warcry","Armaments"],"picked":"Disarm","floor":41},{"not_picked":["Pommel Strike","Juggernaut"],"picked":"Entrench","floor":42},{"not_picked":["Infernal Blade","Pommel Strike","Entrench+1"],"picked":"SKIP","floor":44},{"not_picked":["Rampage+1","Evolve","Havoc"],"picked":"SKIP","floor":46}],"player_experience":512228,"relics_obtained":[{"floor":6,"key":"Omamori"},{"floor":9,"key":"Happy Flower"},{"floor":10,"key":"Self Forming Clay"},{"floor":23,"key":"Bronze Scales"},{"floor":26,"key":"Anchor"},{"floor":29,"key":"Orichalcum"},{"floor":41,"key":"Letter Opener"},{"floor":43,"key":"Juzu Bracelet"}],"event_choices":[{"damage_healed":0,"gold_gain":0,"player_choice":"Ignored","damage_taken":0,"max_hp_gain":0,"max_hp_loss":0,"event_name":"Golden Wing","floor":3,"gold_loss":0},{"damage_healed":0,"gold_gain":0,"player_choice":"Entered Light","damage_taken":18,"max_hp_gain":0,"max_hp_loss":0,"event_name":"Shining Light","floor":4,"gold_loss":0,"cards_upgraded":["Strike_R","Defend_R"]},{"damage_healed":0,"gold_gain":0,"player_choice":"Lose Max HP","damage_taken":0,"relics_obtained":["Golden Idol"],"max_hp_gain":0,"max_hp_loss":7,"event_name":"Golden Idol","floor":14,"gold_loss":0},{"damage_healed":0,"gold_gain":0,"player_choice":"Trade","damage_taken":0,"relics_obtained":["CultistMask"],"max_hp_gain":0,"max_hp_loss":0,"event_name":"FaceTrader","floor":21,"gold_loss":0},{"damage_healed":0,"gold_gain":0,"player_choice":"1 cards matched","damage_taken":0,"max_hp_gain":0,"max_hp_loss":0,"event_name":"Match and Keep!","floor":28,"gold_loss":0,"cards_obtained":["Pummel"]},{"damage_healed":0,"gold_gain":0,"player_choice":"Paid","damage_taken":0,"relics_obtained":["Red Mask"],"max_hp_gain":0,"max_hp_loss":0,"event_name":"Tomb of Lord Red Mask","floor":37,"gold_loss":123},{"cards_removed":["Strike_R"],"damage_healed":0,"gold_gain":0,"player_choice":"Offered Basic","damage_taken":0,"max_hp_gain":0,"max_hp_loss":0,"event_name":"Bonfire Elementals","floor":38,"gold_loss":0},{"damage_healed":0,"gold_gain":0,"player_choice":"Memory 1","damage_taken":0,"max_hp_gain":0,"max_hp_loss":0,"event_name":"SensoryStone","floor":47,"gold_loss":0},{"damage_healed":0,"gold_gain":0,"player_choice":"Upgraded","damage_taken":0,"max_hp_gain":0,"max_hp_loss":0,"event_name":"Upgrade Shrine","floor":48,"gold_loss":0,"cards_upgraded":["Disarm"]}],"is_beta":false,"boss_relics":[{"not_picked":["Empty Cage","Eternal Feather"],"picked":"Cursed Key"},{"not_picked":["Velvet Choker","Black Star"],"picked":"Snecko Eye"}],"items_purged_floors":[7,19],"is_endless":false,"potions_floor_spawned":[5,6,20,22,29,33,35,44,46],"ascension_level":13}