{"gold_per_floor":[115,129,147,147,147,177,193,193,193,193],"floor_reached":10,"playtime":901,"items_purged":[],"score":68,"play_id":"e2421c15-0714-4d25-b2ed-7a8d58aa6fcb","local_time":"20190308183135","is_ascension_mode":false,"campfire_choices":[{"floor":8,"key":"REST"}],"neow_cost":"NONE","seed_source_timestamp":223555632128984,"circlet_count":0,"master_deck":["Defend_G","Defend_G","Defend_G","Defend_G","Defend_G","Strike_G","Strike_G","Strike_G","Strike_G","Strike_G+1","Survivor","Neutralize","Sucker Punch+1","Quick Slash","Dagger Spray","Regret","Leg Sweep","Flying Knee"],"relics":["Ring of the Snake","Blood Vial","Unceasing Top"],"potions_floor_usage":[6,6],"damage_taken":[{"damage":1,"enemies":"Cultist","floor":1,"turns":4},{"damage":0,"enemies":"Small Slimes","floor":2,"turns":3},{"damage":0,"enemies":"2 Louse","floor":3,"turns":3},{"damage":42,"enemies":"3 Sentries","floor":6,"turns":13},{"damage":5,"enemies":"Large Slime","floor":7,"turns":6},{"damage":2,"enemies":"3 Louse","floor":10,"turns":3}],"seed_played":"2584914401905839482","potions_obtained":[{"floor":1,"key":"EntropicBrew"},{"floor":6,"key":"Strength Potion"}],"is_trial":false,"path_per_floor":["M","?","?"],"character_chosen":"THE_SILENT","items_purchased":[],"campfire_rested":1,"item_purchase_floors":[],"current_hp_per_floor":[76,76,76,76,61,21,18,41,41,41],"gold":193,"neow_bonus":"TEN_PERCENT_HP_BONUS","is_prod":false,"is_daily":false,"chose_seed":false,"campfire_upgraded":0,"win_rate":0,"timestamp":1552069895,"path_taken":["M","?","M","?","?","E","M","R","T","M"],"build_version":"2019-01-23","purchased_purges":0,"victory":false,"max_hp_per_floor":[77,77,77,77,77,77,77,77,77,77],"card_choices":[{"not_picked":["Expertise","Dagger Throw"],"picked":"Sucker Punch","floor":1},{"not_picked":["Crippling Poison","Reflex"],"picked":"Quick Slash","floor":2},{"not_picked":["Deflect","Prepared"],"picked":"Dagger Spray","floor":3},{"not_picked":["Cloak And Dagger","Dodge and Roll"],"picked":"Leg Sweep","floor":6},{"not_picked":["Deflect","Poisoned Stab"],"picked":"Flying Knee","floor":7}],"player_experience":141716,"relics_obtained":[{"floor":6,"key":"Unceasing Top"}],"event_choices":[{"damage_healed":0,"gold_gain":0,"player_choice":"Box","damage_taken":0,"relics_obtained":["Blood Vial"],"max_hp_gain":0,"max_hp_loss":0,"event_name":"Big Fish","floor":4,"gold_loss":0,"cards_obtained":["Regret"]},{"damage_healed":0,"gold_gain":0,"player_choice":"Entered Light","damage_taken":15,"max_hp_gain":0,"max_hp_loss":0,"event_name":"Shining Light","floor":5,"gold_loss":0,"cards_upgraded":["Sucker Punch","Strike_G"]}],"is_beta":false,"boss_relics":[],"items_purged_floors":[],"is_endless":false,"potions_floor_spawned":[1,6],"killed_by":"3 Louse","ascension_level":0}