{"gold_per_floor":[110,129,404,418,33,33,43,60,85,113,125,163,175,201,213,303,315,337,0,18,18,32,32,63,63,63,92,192,192,211,211,211,211],"floor_reached":33,"playtime":2448,"items_purged":["Regret","Strike_G"],"score":574,"play_id":"b99836bd-bd8f-42fe-bab5-7209540a9e1c","local_time":"20190422185158","is_ascension_mode":true,"campfire_choices":[{"data":"Dagger Spray","floor":6,"key":"SMITH"},{"data":"Glass Knife","floor":11,"key":"SMITH"},{"data":"Well Laid Plans","floor":13,"key":"SMITH"},{"data":"Neutralize","floor":15,"key":"SMITH"},{"floor":23,"key":"RECALL"},{"floor":25,"key":"REST"},{"floor":32,"key":"REST"}],"neow_cost":"NONE","seed_source_timestamp":369950777044736,"circlet_count":0,"master_deck":["AscendersBane","Defend_G+1","Defend_G+1","Defend_G+1","Defend_G+1","Defend_G+1","Strike_G+1","Strike_G+1","Strike_G+1","Survivor","Neutralize+1","Dagger Spray+1","Quick Slash","Dash","Well Laid Plans+1","Adrenaline","Backflip","Glass Knife+1","Backflip+1","Dodge and Roll","Crippling Poison","PiercingWail","Ghostly","Ghostly","Ghostly","Prepared+1","Deadly Poison","Catalyst","Backflip"],"relics":["Ring of the Snake","MawBank","Orichalcum","Fusion Hammer","War Paint","Dream Catcher","WingedGreaves","Calipers","Mercury Hourglass"],"potions_floor_usage":[7,16,24],"damage_taken":[{"damage":1,"enemies":"2 Louse","floor":1,"turns":3},{"damage":0,"enemies":"Cultist","floor":2,"turns":4},{"damage":10,"enemies":"Jaw Worm","floor":4,"turns":6},{"damage":8,"enemies":"Large Slime","floor":7,"turns":8},{"damage":0,"enemies":"3 Louse","floor":8,"turns":3},{"damage":2,"enemies":"Exordium Wildlife","floor":10,"turns":4},{"damage":5,"enemies":"3 Sentries","floor":12,"turns":6},{"damage":0,"enemies":"Looter","floor":14,"turns":2},{"damage":10,"enemies":"Slime Boss","floor":16,"turns":9},{"damage":0,"enemies":"2 Thieves","floor":18,"turns":4},{"damage":1,"enemies":"Shell Parasite","floor":20,"turns":4},{"damage":3,"enemies":"Chosen and Byrds","floor":22,"turns":9},{"damage":4,"enemies":"Book of Stabbing","floor":24,"turns":7},{"damage":6,"enemies":"Slavers","floor":27,"turns":8},{"damage":0,"enemies":"Colosseum Slavers","floor":28,"turns":4},{"damage":6,"enemies":"Colosseum Nobs","floor":28,"turns":5},{"damage":0,"enemies":"Snecko","floor":30,"turns":5},{"damage":33,"enemies":"Automaton","floor":33,"turns":12}],"seed_played":"7843585589319158971","potions_obtained":[{"floor":1,"key":"Energy Potion"},{"floor":7,"key":"SteroidPotion"},{"floor":18,"key":"EssenceOfSteel"}],"is_trial":false,"path_per_floor":["?","M","?","?","?","?"],"character_chosen":"THE_SILENT","items_purchased":["Well Laid Plans","Adrenaline","Fire Potion","Crippling Poison","War Paint"],"campfire_rested":2,"item_purchase_floors":[5,5,5,19,19],"current_hp_per_floor":[58,58,58,48,48,48,40,40,40,38,38,33,33,33,33,23,55,55,55,54,33,30,30,26,33,33,27,21,21,21,21,30,0],"gold":211,"neow_bonus":"REMOVE_CARD","is_prod":false,"is_daily":false,"chose_seed":false,"campfire_upgraded":4,"win_rate":0,"timestamp":1555948318,"path_taken":["M","M","?","M","$","R","M","M","T","M","R","E","R","M","R","BOSS","M","$","?","?","M","R","E","R","T","E","?","?","M","?","R","BOSS"],"build_version":"2019-01-23","purchased_purges":2,"victory":false,"max_hp_per_floor":[66,66,66,66,66,66,66,66,66,66,66,66,66,66,66,66,66,66,66,66,33,33,33,33,33,33,33,33,33,33,33,33,33],"card_choices":[{"not_picked":["All Out Attack","Crippling Poison"],"picked":"Dagger Spray","floor":1},{"not_picked":["Cloak And Dagger","Blade Dance"],"picked":"Quick Slash","floor":2},{"not_picked":["Expertise","Acrobatics"],"picked":"Dash","floor":4},{"not_picked":["Deflect","Dodge and Roll"],"picked":"Backflip","floor":7},{"not_picked":["Poisoned Stab","Sucker Punch"],"picked":"Glass Knife","floor":8},{"not_picked":["Blade Dance","Acrobatics"],"picked":"Backflip","floor":10},{"not_picked":["Flechettes","Skewer","Slice"],"picked":"SKIP","floor":12},{"not_picked":["Slice","Setup","Dagger Spray"],"picked":"SKIP","floor":14},{"not_picked":["Dagger Spray","Outmaneuver"],"picked":"Dodge and Roll","floor":18},{"not_picked":["Sucker Punch","Cloak And Dagger+1"],"picked":"PiercingWail","floor":20},{"not_picked":["Concentrate","Dodge and Roll","Terror"],"picked":"SKIP","floor":22},{"not_picked":["Bane","Reflex"],"picked":"Prepared+1","floor":24},{"not_picked":["Dodge and Roll","Bane"],"picked":"Deadly Poison","floor":25},{"not_picked":["Dagger Spray+1","Accuracy+1"],"picked":"Catalyst","floor":27},{"not_picked":["Finisher","Prepared","Distraction"],"picked":"SKIP","floor":30},{"not_picked":["Dash","Tools of the Trade"],"picked":"Backflip","floor":32}],"player_experience":1808201,"relics_obtained":[{"floor":9,"key":"MawBank"},{"floor":12,"key":"Orichalcum"},{"floor":24,"key":"Dream Catcher"},{"floor":26,"key":"WingedGreaves"},{"floor":28,"key":"Calipers"},{"floor":28,"key":"Mercury Hourglass"}],"event_choices":[{"damage_healed":0,"gold_gain":275,"player_choice":"Desecrate","damage_taken":0,"max_hp_gain":0,"max_hp_loss":0,"event_name":"Golden Shrine","floor":3,"gold_loss":0,"cards_obtained":["Regret"]},{"damage_healed":0,"gold_gain":0,"player_choice":"Became a Ghost","damage_taken":0,"max_hp_gain":0,"max_hp_loss":33,"event_name":"Ghosts","floor":21,"gold_loss":0,"cards_obtained":["Ghostly","Ghostly","Ghostly"]},{"damage_healed":0,"gold_gain":0,"player_choice":"Fight","damage_taken":0,"max_hp_gain":0,"max_hp_loss":0,"event_name":"Colosseum","floor":28,"gold_loss":0},{"damage_healed":0,"gold_gain":0,"player_choice":"Fought Nobs","damage_taken":0,"max_hp_gain":0,"max_hp_loss":0,"event_name":"Colosseum","floor":28,"gold_loss":0},{"damage_healed":0,"gold_gain":0,"player_choice":"Ignored","damage_taken":0,"max_hp_gain":0,"max_hp_loss":0,"event_name":"Vampires","floor":29,"gold_loss":0},{"damage_healed":0,"gold_gain":0,"player_choice":"Simplicity","damage_taken":0,"max_hp_gain":0,"max_hp_loss":0,"event_name":"Back to Basics","floor":31,"gold_loss":0,"cards_upgraded":["Defend_G","Defend_G","Defend_G","Defend_G","Strike_G","Strike_G","Strike_G"]}],"is_beta":false,"boss_relics":[{"not_picked":["Astrolabe","Coffee Dripper"],"picked":"Fusion Hammer"}],"items_purged_floors":[5,19],"is_endless":false,"potions_floor_spawned":[1,7,10,12,18,22,28],"killed_by":"Automaton","ascension_level":20}