{"gold_per_floor":[111,127,127,127,147,176,193,225,225,225],"floor_reached":10,"playtime":454,"items_purged":[],"score":78,"play_id":"aedef665-a564-4b25-933f-c9a3a0e8b3b8","local_time":"20190301154026","is_ascension_mode":false,"campfire_choices":[],"neow_cost":"NONE","seed_source_timestamp":3296815889134,"circlet_count":0,"master_deck":["Strike_B","Strike_B","Strike_B","Strike_B","Defend_B","Defend_B","Defend_B","Defend_B","Zap+1","Dualcast","Machine Learning","Redo","Conserve Battery","Ball Lightning","Gash","Capacitor","Ball Lightning"],"relics":["Cracked Core","Blue Candle","Letter Opener","Ornamental Fan"],"potions_floor_usage":[10],"damage_taken":[{"damage":6,"enemies":"Jaw Worm","floor":1,"turns":3},{"damage":4,"enemies":"2 Louse","floor":2,"turns":2},{"damage":3,"enemies":"Small Slimes","floor":5,"turns":3},{"damage":13,"enemies":"Lagavulin","floor":6,"turns":7},{"damage":15,"enemies":"Gremlin Gang","floor":7,"turns":4},{"damage":31,"enemies":"3 Sentries","floor":8,"turns":7},{"damage":9,"enemies":"Red Slaver","floor":10,"turns":1}],"seed_played":"-2652010607974097209","potions_obtained":[{"floor":6,"key":"FearPotion"}],"is_trial":false,"path_per_floor":["M","M","?","?","M","E","M","E","T","M"],"character_chosen":"DEFECT","items_purchased":[],"campfire_rested":0,"item_purchase_floors":[],"current_hp_per_floor":[69,65,65,65,62,49,34,3,3,0],"gold":225,"neow_bonus":"ONE_RANDOM_RARE_CARD","is_prod":false,"is_daily":false,"chose_seed":false,"campfire_upgraded":0,"win_rate":0,"timestamp":1551472826,"path_taken":["M","M","?","?","M","E","M","E","T","M"],"build_version":"2019-01-23","purchased_purges":0,"victory":false,"max_hp_per_floor":[75,75,75,75,75,75,75,75,75,75],"card_choices":[{"not_picked":["Turbo","Rip and Tear"],"picked":"Redo","floor":1},{"not_picked":["Steam","Steam Power"],"picked":"Conserve Battery","floor":2},{"not_picked":["Leap","Redo"],"picked":"Ball Lightning","floor":5},{"not_picked":["Coolheaded","Lockon"],"picked":"Gash","floor":6},{"not_picked":["Hologram","Steam"],"picked":"Capacitor","floor":7},{"not_picked":["Lockon","Amplify"],"picked":"Ball Lightning","floor":8}],"player_experience":241982,"relics_obtained":[{"floor":6,"key":"Blue Candle"},{"floor":8,"key":"Letter Opener"},{"floor":9,"key":"Ornamental Fan"}],"event_choices":[{"damage_healed":0,"gold_gain":0,"player_choice":"Grow","damage_taken":0,"max_hp_gain":0,"max_hp_loss":0,"event_name":"Living Wall","floor":3,"gold_loss":0,"cards_upgraded":["Zap"]},{"damage_healed":0,"gold_gain":0,"player_choice":"Ignored","damage_taken":0,"max_hp_gain":0,"max_hp_loss":0,"event_name":"Liars Game","floor":4,"gold_loss":0}],"is_beta":false,"boss_relics":[],"items_purged_floors":[],"is_endless":false,"potions_floor_spawned":[6],"killed_by":"Red Slaver","ascension_level":0}