{"gold_per_floor":[113,113,75,75,87,87,116,116,116,143,143,143,218,318,318,416,416,427,47,60,72,72,72],"floor_reached":23,"playtime":1751,"items_purged":["Strike_G"],"score":273,"play_id":"ac9c157c-70bd-43bf-bf86-511a381c3d2e","local_time":"20190326181316","is_ascension_mode":true,"campfire_choices":[{"data":"Neutralize","floor":6,"key":"SMITH"},{"floor":8,"key":"REST"},{"data":"Poisoned Stab","floor":12,"key":"SMITH"},{"data":"Bouncing Flask","floor":15,"key":"SMITH"}],"neow_cost":"NONE","seed_source_timestamp":563094082813589,"circlet_count":0,"master_deck":["Defend_G","Defend_G","Defend_G","Defend_G","Defend_G","Strike_G","Strike_G","Survivor","Neutralize+1","Deadly Poison","Bouncing Flask+1","Poisoned Stab+1","Cloak And Dagger","Backflip","Envenom","Dagger Spray","Footwork","Sucker Punch","Riddle With Holes","Crippling Poison"],"relics":["Ring of the Snake","Omamori","Blood Vial","Dodecahedron","Dream Catcher","Cursed Key","Bag of Preparation"],"potions_floor_usage":[7,21],"damage_taken":[{"damage":3,"enemies":"Small Slimes","floor":1,"turns":5},{"damage":1,"enemies":"2 Louse","floor":5,"turns":3},{"damage":24,"enemies":"3 Sentries","floor":7,"turns":13},{"damage":13,"enemies":"Gremlin Nob","floor":10,"turns":4},{"damage":5,"enemies":"The Guardian","floor":16,"turns":9},{"damage":13,"enemies":"Shell Parasite","floor":18,"turns":5},{"damage":4,"enemies":"3 Byrds","floor":20,"turns":6},{"damage":19,"enemies":"3 Cultists","floor":21,"turns":6},{"damage":40,"enemies":"Slavers","floor":23,"turns":5}],"seed_played":"8625168656786526206","potions_obtained":[{"floor":1,"key":"Explosive Potion"},{"floor":5,"key":"GhostInAJar"},{"floor":7,"key":"PowerPotion"}],"is_trial":false,"path_per_floor":["?","?","?","?","?","M","?"],"character_chosen":"THE_SILENT","items_purchased":["Bouncing Flask","Footwork","Sucker Punch","Regen Potion","Bag of Preparation"],"campfire_rested":1,"item_purchase_floors":[3,19,19,19,19],"current_hp_per_floor":[60,53,53,58,57,57,33,55,55,44,62,62,51,51,51,48,68,57,57,55,38,38,0],"gold":72,"neow_bonus":"RANDOM_COMMON_RELIC","is_prod":false,"is_daily":false,"chose_seed":false,"campfire_upgraded":3,"win_rate":0,"timestamp":1553623996,"path_taken":["M","?","$","?","M","R","E","R","T","E","?","R","?","?","R","BOSS","M","$","M","?","?","E"],"build_version":"2019-01-23","purchased_purges":1,"victory":false,"max_hp_per_floor":[70,70,70,75,75,75,75,75,75,75,75,75,75,75,75,75,75,75,75,75,75,75,75],"card_choices":[{"not_picked":["Escape Plan","Outmaneuver"],"picked":"Deadly Poison","floor":1},{"not_picked":["Deflect","Outmaneuver"],"picked":"Poisoned Stab","floor":5},{"not_picked":["Well Laid Plans","A Thousand Cuts"],"picked":"Cloak And Dagger","floor":7},{"not_picked":["Dash","Acrobatics"],"picked":"Backflip","floor":10},{"not_picked":["Adrenaline","Tools of the Trade"],"picked":"Envenom","floor":16},{"not_picked":["Tactician+1","Accuracy"],"picked":"Dagger Spray","floor":18},{"not_picked":["Flying Knee+1","Bouncing Flask"],"picked":"Riddle With Holes","floor":20},{"not_picked":["Bane+1","Acrobatics"],"picked":"Crippling Poison","floor":21}],"player_experience":336878,"relics_obtained":[{"floor":7,"key":"Blood Vial"},{"floor":9,"key":"Dodecahedron"},{"floor":10,"key":"Dream Catcher"}],"event_choices":[{"cards_removed":["Strike_G"],"damage_healed":0,"gold_gain":0,"player_choice":"Card Removal","damage_taken":7,"max_hp_gain":0,"max_hp_loss":0,"event_name":"Golden Wing","floor":2,"gold_loss":0},{"damage_healed":0,"gold_gain":0,"player_choice":"Donut","damage_taken":0,"max_hp_gain":5,"max_hp_loss":0,"event_name":"Big Fish","floor":4,"gold_loss":0},{"damage_healed":18,"gold_gain":0,"player_choice":"Healed and dodged fight","damage_taken":0,"max_hp_gain":0,"max_hp_loss":0,"event_name":"Mushrooms","floor":11,"gold_loss":0,"cards_obtained":["Parasite"]},{"damage_healed":0,"gold_gain":75,"player_choice":"Gather Gold","damage_taken":11,"max_hp_gain":0,"max_hp_loss":0,"event_name":"World of Goop","floor":13,"gold_loss":0},{"damage_healed":0,"gold_gain":100,"player_choice":"Pray","damage_taken":0,"max_hp_gain":0,"max_hp_loss":0,"event_name":"Golden Shrine","floor":14,"gold_loss":0},{"cards_removed":["Strike_G"],"damage_healed":0,"gold_gain":0,"player_choice":"Card Removal","damage_taken":0,"max_hp_gain":0,"max_hp_loss":0,"event_name":"Wheel of Change","floor":22,"gold_loss":0}],"is_beta":false,"boss_relics":[{"not_picked":["Lizard Tail","Astrolabe"],"picked":"Cursed Key"}],"items_purged_floors":[19],"is_endless":false,"potions_floor_spawned":[1,5,7],"killed_by":"Slavers","ascension_level":8}