{"gold_per_floor":[119,131,58,133,145,177,177,193,270,304,479,113,129,160,160,262,262,274,294,34,45,45,45,77,77,77,106,121,131,131,231,231,326,326,342,359,75,88,0,29,41,41,64,64,111,39,52,64,64,64],"floor_reached":51,"playtime":6749,"items_purged":["Strike_R"],"score":886,"play_id":"67cf2934-403a-41d8-95f6-61888b6b6575","local_time":"20190308165202","is_ascension_mode":true,"campfire_choices":[{"data":"Feel No Pain","floor":7,"key":"SMITH"},{"data":"Iron Wave","floor":15,"key":"SMITH"},{"data":"RitualDagger","floor":23,"key":"SMITH"},{"data":"Uppercut","floor":30,"key":"SMITH"},{"data":"Clothesline","floor":32,"key":"SMITH"},{"data":"Metallicize","floor":42,"key":"SMITH"},{"data":"Corruption","floor":44,"key":"SMITH"},{"floor":49,"key":"REST"}],"neow_cost":"NONE","seed_source_timestamp":211732965626749,"circlet_count":0,"master_deck":["Strike_R","Strike_R","Strike_R","Defend_R","Defend_R","Defend_R","Defend_R","Bash","Uppercut+1","Clothesline+1","Feel No Pain+1","Shrug It Off","Intimidate","Headbutt","Iron Wave+1","Doubt","Sword Boomerang","Havoc","Feed","Metallicize","Metallicize+1","Reckless Charge","Shrug It Off","Shrug It Off","RitualDagger+1","Corruption+1","Dual Wield","Dark Embrace+1","Anger+1","Juggernaut+1","Shrug It Off","Demon Form+1"],"relics":["Black Blood","Pocketwatch","Meat on the Bone","Anchor","Du-Vu Doll","Omamori","Velvet Choker","Vajra","PreservedInsect","Frozen Egg 2","Pen Nib","Mummified Hand","StoneCalendar","Oddly Smooth Stone","Red Mask","Nunchaku","Orichalcum","Shovel"],"potions_floor_usage":[6,16,18,24,27,27,33,41,50],"damage_taken":[{"damage":6,"enemies":"Cultist","floor":1,"turns":4},{"damage":0,"enemies":"2 Louse","floor":2,"turns":2},{"damage":2,"enemies":"Jaw Worm","floor":5,"turns":3},{"damage":18,"enemies":"3 Sentries","floor":6,"turns":6},{"damage":12,"enemies":"Blue Slaver","floor":8,"turns":5},{"damage":28,"enemies":"Lagavulin","floor":10,"turns":9},{"damage":9,"enemies":"Exordium Thugs","floor":13,"turns":6},{"damage":4,"enemies":"3 Sentries","floor":14,"turns":8},{"damage":20,"enemies":"The Guardian","floor":16,"turns":15},{"damage":0,"enemies":"Spheric Guardian","floor":18,"turns":3},{"damage":11,"enemies":"Shell Parasite","floor":19,"turns":5},{"damage":6,"enemies":"3 Cultists","floor":21,"turns":6},{"damage":13,"enemies":"Slavers","floor":24,"turns":7},{"damage":68,"enemies":"Gremlin Leader","floor":27,"turns":8},{"damage":0,"enemies":"Snecko","floor":28,"turns":6},{"damage":8,"enemies":"Snake Plant","floor":29,"turns":4},{"damage":0,"enemies":"Colosseum Slavers","floor":31,"turns":3},{"damage":0,"enemies":"Colosseum Nobs","floor":31,"turns":4},{"damage":37,"enemies":"Automaton","floor":33,"turns":8},{"damage":9,"enemies":"3 Darklings","floor":35,"turns":4},{"damage":1,"enemies":"Orb Walker","floor":36,"turns":4},{"damage":4,"enemies":"Maw","floor":38,"turns":7},{"damage":0,"enemies":"Giant Head","floor":40,"turns":7},{"damage":27,"enemies":"Jaw Worm Horde","floor":41,"turns":5},{"damage":35,"enemies":"2 Orb Walkers","floor":45,"turns":5},{"damage":2,"enemies":"Sphere and 2 Shapes","floor":47,"turns":4},{"damage":8,"enemies":"3 Darklings","floor":48,"turns":6},{"damage":26,"enemies":"Donu and Deca","floor":50,"turns":7}],"seed_played":"7876109931947327550","potions_obtained":[{"floor":1,"key":"Swift Potion"},{"floor":5,"key":"Explosive Potion"},{"floor":10,"key":"Block Potion"},{"floor":16,"key":"Strength Potion"},{"floor":18,"key":"Swift Potion"},{"floor":19,"key":"Fire Potion"},{"floor":31,"key":"LiquidBronze"},{"floor":41,"key":"FearPotion"},{"floor":45,"key":"Strength Potion"},{"floor":48,"key":"SneckoOil"}],"is_trial":false,"path_per_floor":["$","?","?","?","?","M","?","?","?"],"character_chosen":"IRONCLAD","items_purchased":["Feel No Pain","Du-Vu Doll","Energy Potion","Reckless Charge","Vajra","Shrug It Off","Oddly Smooth Stone","Explosive Potion","Demon Form+1"],"campfire_rested":1,"item_purchase_floors":[3,12,12,20,20,20,37,37,46],"current_hp_per_floor":[88,88,88,77,81,69,69,63,63,53,53,53,62,64,64,62,88,91,86,86,89,83,83,79,79,79,32,50,60,60,75,75,56,103,103,103,103,103,103,103,86,86,86,86,73,73,84,89,109,93],"gold":64,"neow_bonus":"TEN_PERCENT_HP_BONUS","is_prod":false,"is_daily":false,"chose_seed":false,"campfire_upgraded":7,"win_rate":0,"timestamp":1552063922,"path_taken":["M","M","?","?","M","E","R","M","T","E","?","$","M","E","R","BOSS","M","M","$","M","?","R","E","?","T","E","?","M","R","?","R","BOSS","M","M","$","M","?","E","M","R","T","R","?","$","M","M","R","BOSS"],"build_version":"2019-01-23","purchased_purges":1,"victory":true,"max_hp_per_floor":[88,88,88,88,88,88,88,88,88,88,88,88,88,88,88,88,88,91,91,91,94,94,94,97,97,97,100,100,100,100,103,103,103,103,103,103,103,103,103,103,103,103,103,103,103,103,106,109,109,109],"card_choices":[{"not_picked":["Dropkick","Sword Boomerang"],"picked":"Uppercut","floor":1},{"not_picked":["Shrug It Off","Cleave"],"picked":"Clothesline","floor":2},{"not_picked":["Uppercut","Dual Wield"],"picked":"Shrug It Off","floor":5},{"not_picked":["Perfected Strike","Second Wind"],"picked":"Intimidate","floor":6},{"not_picked":["Wild Strike","Cleave"],"picked":"Headbutt","floor":8},{"not_picked":["Pommel Strike","Seeing Red"],"picked":"Iron Wave","floor":10},{"not_picked":["Intimidate","Dropkick"],"picked":"Sword Boomerang","floor":13},{"not_picked":["Clothesline","Thunderclap"],"picked":"Havoc","floor":14},{"not_picked":["Double Tap","Brutality"],"picked":"Feed","floor":16},{"not_picked":["Fire Breathing+1","Pommel Strike+1"],"picked":"Metallicize","floor":18},{"not_picked":["Warcry","Combust+1"],"picked":"Metallicize","floor":19},{"not_picked":["Fire Breathing","Hemokinesis"],"picked":"Shrug It Off","floor":21},{"not_picked":["Wild Strike","Sword Boomerang+1"],"picked":"Corruption","floor":24},{"not_picked":["Flex","Headbutt"],"picked":"Dual Wield","floor":27},{"not_picked":["Warcry","Wild Strike","Sword Boomerang"],"picked":"SKIP","floor":28},{"not_picked":["True Grit","Rampage+1"],"picked":"Dark Embrace+1","floor":29},{"not_picked":["Sword Boomerang","Perfected Strike"],"picked":"Anger+1","floor":31},{"not_picked":["Double Tap","Feed"],"picked":"Juggernaut+1","floor":33},{"not_picked":["Warcry","Heavy Blade+1"],"picked":"Shrug It Off","floor":35},{"not_picked":["Flex+1","Sever Soul","Clash"],"picked":"SKIP","floor":36},{"not_picked":["Uppercut+1","Fiend Fire","Twin Strike"],"picked":"SKIP","floor":38},{"not_picked":["Searing Blow","Pummel+1","Sword Boomerang+1"],"picked":"SKIP","floor":40},{"not_picked":["Twin Strike+1","Wild Strike","Cleave"],"picked":"SKIP","floor":41},{"not_picked":["Ghostly Armor+1","Headbutt","Anger"],"picked":"SKIP","floor":47},{"not_picked":["Sword Boomerang","Battle Trance","Warcry"],"picked":"SKIP","floor":48}],"player_experience":130469,"relics_obtained":[{"floor":6,"key":"Pocketwatch"},{"floor":9,"key":"Meat on the Bone"},{"floor":10,"key":"Anchor"},{"floor":14,"key":"Omamori"},{"floor":24,"key":"PreservedInsect"},{"floor":26,"key":"Frozen Egg 2"},{"floor":27,"key":"Pen Nib"},{"floor":31,"key":"Mummified Hand"},{"floor":31,"key":"StoneCalendar"},{"floor":40,"key":"Nunchaku"},{"floor":43,"key":"Orichalcum"},{"floor":45,"key":"Shovel"}],"event_choices":[{"damage_healed":0,"gold_gain":75,"player_choice":"Gather Gold","damage_taken":11,"max_hp_gain":0,"max_hp_loss":0,"event_name":"World of Goop","floor":4,"gold_loss":0},{"damage_healed":0,"gold_gain":175,"player_choice":"AGREE","damage_taken":0,"max_hp_gain":0,"max_hp_loss":0,"event_name":"Liars Game","floor":11,"gold_loss":0,"cards_obtained":["Doubt"]},{"damage_healed":0,"gold_gain":0,"player_choice":"Joined the Cult","damage_taken":6,"max_hp_gain":0,"max_hp_loss":0,"event_name":"Nest","floor":22,"gold_loss":0,"cards_obtained":["RitualDagger"]},{"cards_removed":["Strike_R"],"damage_healed":0,"gold_gain":0,"player_choice":"Purged","damage_taken":0,"max_hp_gain":0,"max_hp_loss":0,"event_name":"Purifier","floor":25,"gold_loss":0},{"damage_healed":0,"gold_gain":0,"player_choice":"Fight","damage_taken":0,"max_hp_gain":0,"max_hp_loss":0,"event_name":"Colosseum","floor":31,"gold_loss":0},{"damage_healed":0,"gold_gain":0,"player_choice":"Fought Nobs","damage_taken":0,"max_hp_gain":0,"max_hp_loss":0,"event_name":"Colosseum","floor":31,"gold_loss":0},{"damage_healed":0,"gold_gain":0,"player_choice":"Paid","damage_taken":0,"relics_obtained":["Red Mask"],"max_hp_gain":0,"max_hp_loss":0,"event_name":"Tomb of Lord Red Mask","floor":39,"gold_loss":88},{"damage_healed":0,"gold_gain":0,"player_choice":"Fight","damage_taken":0,"max_hp_gain":0,"max_hp_loss":0,"event_name":"Mysterious Sphere","floor":45,"gold_loss":0}],"is_beta":false,"boss_relics":[{"not_picked":["Calling Bell","Black Star"],"picked":"Velvet Choker"},{"not_picked":["Tiny House","Runic Pyramid"],"picked":"Black Blood"}],"items_purged_floors":[37],"is_endless":false,"potions_floor_spawned":[1,5,10,16,18,19,31,31,41,45,48],"ascension_level":2}