{"gold_per_floor":[110,110,29,40,40,40,70,70,95,130,141,171,2,12,12,12],"floor_reached":16,"playtime":458,"items_purged":[],"score":286,"play_id":"5e4a6428-9e5b-4139-bc6e-9f6279088698","local_time":"20190421204833","is_ascension_mode":true,"campfire_choices":[{"data":"Sunder","floor":6.0,"key":"SMITH"},{"data":"Zap","floor":8.0,"key":"SMITH"},{"floor":15,"key":"REST"}],"neow_cost":"NONE","seed_source_timestamp":28848023746600,"circlet_count":0,"master_deck":["AscendersBane","Strike_B","Strike_B","Strike_B","Strike_B","Defend_B","Defend_B","Defend_B","Defend_B","Zap+1","Dualcast","Cold Snap","Sunder+1","Reprogram","Genetic Algorithm","Ball Lightning","Thunder Strike","Cold Snap"],"special_seed":0,"relics":["Cracked Core","NeowsBlessing","Cables","Boot","Omamori","Ginger","Lantern","Regal Pillow"],"potions_floor_usage":[10],"damage_taken":[{"damage":0.0,"enemies":"2 Louse","floor":1.0,"turns":1.0},{"damage":0.0,"enemies":"Jaw Worm","floor":4.0,"turns":1.0},{"damage":0.0,"enemies":"Gremlin Nob","floor":7.0,"turns":1.0},{"damage":5,"enemies":"3 Sentries","floor":10,"turns":4},{"damage":0,"enemies":"Cultist","floor":11,"turns":2},{"damage":36,"enemies":"Lagavulin","floor":12,"turns":5},{"damage":7,"enemies":"2 Fungi Beasts","floor":14,"turns":3},{"damage":36,"enemies":"Hexaghost","floor":16,"turns":9}],"seed_played":"-4074947662171688183","potions_obtained":[{"floor":7.0,"key":"PowerPotion"},{"floor":10,"key":"Poison Potion"},{"floor":12,"key":"Poison Potion"}],"is_trial":false,"path_per_floor":["M","?","$","M","?","R","E","R","T","E","M","E","$","M","R","B"],"character_chosen":"DEFECT","items_purchased":["Sunder","Regal Pillow"],"campfire_rested":1,"item_purchase_floors":[3,13],"current_hp_per_floor":[64,53,53,53,53,53,53,53,53,48,48,12,12,5,41,5],"gold":12,"neow_bonus":"THREE_ENEMY_KILL","is_prod":false,"is_daily":false,"chose_seed":false,"campfire_upgraded":2,"win_rate":0,"timestamp":1555872513,"path_taken":["M","?","$","M","?","R","E","R","T","E","M","E","$","?","R","BOSS"],"build_version":"2019-04-20","purchased_purges":0,"victory":false,"max_hp_per_floor":[71,71,71,71,71,71,71,71,71,71,71,71,71,71,71,71],"card_choices":[{"not_picked":["Conserve Battery","Blizzard"],"picked":"Cold Snap","floor":1.0},{"not_picked":["Gash","Steam"],"picked":"Reprogram","floor":4.0},{"not_picked":["Meteor Strike","Stack"],"picked":"Genetic Algorithm","floor":7.0},{"not_picked":["Turbo","Fusion"],"picked":"Ball Lightning","floor":10},{"not_picked":["Hologram","Streamline"],"picked":"Thunder Strike","floor":11},{"not_picked":["Skim","Barrage"],"picked":"Cold Snap","floor":12},{"not_picked":["Beam Cell","Static Discharge","Recycle"],"picked":"SKIP","floor":14}],"player_experience":1186275,"relics_obtained":[{"floor":7.0,"key":"Boot"},{"floor":9.0,"key":"Omamori"},{"floor":10,"key":"Ginger"},{"floor":12,"key":"Lantern"}],"event_choices":[{"damage_healed":0.0,"max_hp_gain":0.0,"max_hp_loss":0.0,"gold_gain":0.0,"event_name":"Scrap Ooze","player_choice":"Success","floor":2.0,"gold_loss":0.0,"damage_taken":11.0,"relics_obtained":["Cables"]},{"damage_healed":0.0,"max_hp_gain":0.0,"max_hp_loss":0.0,"gold_gain":0.0,"event_name":"WeMeetAgain","player_choice":"Ignored","floor":5.0,"gold_loss":0.0,"damage_taken":0.0}],"is_beta":true,"boss_relics":[],"items_purged_floors":[],"is_endless":false,"potions_floor_spawned":[7,10,12],"killed_by":"Hexaghost","ascension_level":20}