{"gold_per_floor":[117,117,131,150,150,150,164,193,219,280,292,292,312,331,331,427,427,445,457,476,558,608,608],"floor_reached":23,"playtime":2165,"items_purged":[],"score":217,"play_id":"d58bc8bc-aecd-46f2-aa18-9c935a99e37c","local_time":"20190326154954","is_ascension_mode":true,"campfire_choices":[{"data":"Streamline","floor":6,"key":"SMITH"},{"data":"Go for the Eyes","floor":12,"key":"SMITH"},{"data":"Defragment","floor":15,"key":"SMITH"}],"neow_cost":"NONE","seed_source_timestamp":554078801650146,"circlet_count":0,"master_deck":["Strike_B","Strike_B","Strike_B","Defend_B","Defend_B","Defend_B","Defend_B","Zap+1","Dualcast","Fission","Streamline+1","Ball Lightning","Cold Snap","Cold Snap","Go for the Eyes+1","Defragment+1","Conserve Battery","Consume","Leap","Creative AI+1","Compile Driver+1","Chill+1","Leap+1","Sunder"],"relics":["Cracked Core","SsserpentHead","Orichalcum","Pen Nib","Nuclear Battery","Red Mask"],"potions_floor_usage":[11],"damage_taken":[{"damage":2,"enemies":"Jaw Worm","floor":1,"turns":3},{"damage":0,"enemies":"Small Slimes","floor":3,"turns":2},{"damage":1,"enemies":"Cultist","floor":4,"turns":3},{"damage":0,"enemies":"2 Fungi Beasts","floor":7,"turns":2},{"damage":11,"enemies":"3 Sentries","floor":8,"turns":7},{"damage":2,"enemies":"Looter","floor":10,"turns":3},{"damage":0,"enemies":"Lots of Slimes","floor":11,"turns":1},{"damage":0,"enemies":"Blue Slaver","floor":13,"turns":3},{"damage":1,"enemies":"Looter","floor":14,"turns":2},{"damage":8,"enemies":"Slime Boss","floor":16,"turns":12},{"damage":15,"enemies":"Shell Parasite","floor":18,"turns":7},{"damage":6,"enemies":"3 Byrds","floor":19,"turns":5},{"damage":9,"enemies":"Snake Plant","floor":20,"turns":4},{"damage":14,"enemies":"Masked Bandits","floor":21,"turns":5},{"damage":40,"enemies":"Slavers","floor":23,"turns":5}],"seed_played":"318847932660047279","potions_obtained":[{"floor":3,"key":"Explosive Potion"},{"floor":4,"key":"SteroidPotion"},{"floor":13,"key":"LiquidBronze"},{"floor":14,"key":"GamblersBrew"},{"floor":18,"key":"Weak Potion"},{"floor":19,"key":"SpeedPotion"}],"is_trial":false,"path_per_floor":["?","?","M","?","?"],"character_chosen":"DEFECT","items_purchased":[],"campfire_rested":0,"item_purchase_floors":[],"current_hp_per_floor":[73,73,73,72,72,72,72,61,61,59,59,59,59,58,58,50,75,60,54,45,31,31,0],"gold":608,"neow_bonus":"TRANSFORM_CARD","is_prod":false,"is_daily":false,"chose_seed":false,"campfire_upgraded":3,"win_rate":0,"timestamp":1553615394,"path_taken":["M","?","M","M","?","R","M","E","T","?","M","R","M","M","R","BOSS","M","M","M","?","?","E"],"build_version":"2019-01-23","purchased_purges":0,"victory":false,"max_hp_per_floor":[75,75,75,75,75,75,75,75,75,75,75,75,75,75,75,75,75,75,75,75,75,75,75],"card_choices":[{"not_picked":["Conserve Battery","Storm"],"picked":"Streamline","floor":1},{"not_picked":["Turbo","Compile Driver"],"picked":"Ball Lightning","floor":3},{"not_picked":["Ball Lightning","Static Discharge"],"picked":"Cold Snap","floor":4},{"not_picked":["Beam Cell","Thunder Strike"],"picked":"Cold Snap","floor":7},{"not_picked":["Blizzard","Scrape"],"picked":"Go for the Eyes","floor":8},{"not_picked":["Chaos","Scrape"],"picked":"Defragment","floor":10},{"not_picked":["Sweeping Beam","Recycle"],"picked":"Conserve Battery","floor":11},{"not_picked":["Fusion","Go for the Eyes"],"picked":"Consume","floor":13},{"not_picked":["Redo","Beam Cell"],"picked":"Leap","floor":14},{"not_picked":["Meteor Strike","Hyperbeam"],"picked":"Creative AI","floor":16},{"not_picked":["Redo+1","Go for the Eyes"],"picked":"Compile Driver+1","floor":18},{"not_picked":["Genetic Algorithm","Steam"],"picked":"Chill+1","floor":19},{"not_picked":["Defragment","Stack"],"picked":"Leap+1","floor":20},{"not_picked":["Undo","Reboot"],"picked":"Sunder","floor":21}],"player_experience":329452,"relics_obtained":[{"floor":8,"key":"Orichalcum"},{"floor":9,"key":"Pen Nib"},{"floor":21,"key":"Red Mask"}],"event_choices":[{"damage_healed":0,"gold_gain":0,"player_choice":"Grow","damage_taken":0,"max_hp_gain":0,"max_hp_loss":0,"event_name":"Living Wall","floor":2,"gold_loss":0,"cards_upgraded":["Zap"]},{"damage_healed":0,"gold_gain":0,"player_choice":"Trade","damage_taken":0,"relics_obtained":["SsserpentHead"],"max_hp_gain":0,"max_hp_loss":0,"event_name":"FaceTrader","floor":5,"gold_loss":0},{"damage_healed":0,"gold_gain":0,"player_choice":"Fought Bandits","damage_taken":0,"max_hp_gain":0,"max_hp_loss":0,"event_name":"Masked Bandits","floor":21,"gold_loss":0},{"damage_healed":0,"gold_gain":0,"player_choice":"Upgraded","damage_taken":0,"max_hp_gain":0,"max_hp_loss":0,"event_name":"Upgrade Shrine","floor":22,"gold_loss":0,"cards_upgraded":["Creative AI"]}],"is_beta":false,"boss_relics":[{"not_picked":["Black Star","Lizard Tail"],"picked":"Nuclear Battery"}],"items_purged_floors":[],"is_endless":false,"potions_floor_spawned":[3,4,13,14,18,19],"killed_by":"Slavers","ascension_level":2}