{"gold_per_floor":[109,125,125,125,95,122,122,153,179,194,194,214,214,230,230,330,330,345,363,125,154,43,43,58,58,109,128,155,155,180,190,190,287,287,301,351,361,361],"floor_reached":38,"playtime":2745,"items_purged":["Strike_G","Strike_G"],"score":606,"play_id":"0c451c1f-7fb2-44aa-82e0-b52c23b699cd","local_time":"20190329185147","is_ascension_mode":true,"campfire_choices":[{"data":"Skewer","floor":7.0,"key":"SMITH"},{"data":"Catalyst","floor":11,"key":"SMITH"},{"data":"Leg Sweep","floor":13,"key":"SMITH"},{"data":"Cloak And Dagger","floor":15,"key":"SMITH"},{"data":"Caltrops","floor":23,"key":"SMITH"},{"floor":25,"key":"REST"},{"data":"Noxious Fumes","floor":32,"key":"SMITH"}],"neow_cost":"NONE","seed_source_timestamp":922096579984355,"circlet_count":0,"master_deck":["Defend_G+1","Defend_G","Defend_G","Defend_G","Defend_G","Strike_G","Strike_G","Strike_G","Survivor","Neutralize+1","Skewer+1","Cloak And Dagger+1","Flying Knee","Catalyst+1","Caltrops+1","Leg Sweep+1","Backflip","Corpse Explosion","Well Laid Plans","Backstab","Noxious Fumes+1","Backflip","Noxious Fumes","PiercingWail","Deadly Poison","Well Laid Plans","Footwork","Footwork","Dash"],"special_seed":0,"relics":["Ring of the Snake","Blood Vial","Strawberry","The Courier","Happy Flower","Velvet Choker","Red Mask","Centennial Puzzle","PreservedInsect","Eternal Feather","Prayer Wheel"],"potions_floor_usage":[16,30,30,36],"damage_taken":[{"damage":0.0,"enemies":"Jaw Worm","floor":1.0,"turns":5.0},{"damage":0.0,"enemies":"Small Slimes","floor":2.0,"turns":3.0},{"damage":17.0,"enemies":"Lagavulin","floor":6.0,"turns":7.0},{"damage":21.0,"enemies":"Gremlin Nob","floor":8.0,"turns":4.0},{"damage":4,"enemies":"Cultist","floor":10,"turns":3},{"damage":0,"enemies":"Large Slime","floor":12,"turns":5},{"damage":0,"enemies":"3 Louse","floor":14,"turns":4},{"damage":24,"enemies":"Hexaghost","floor":16,"turns":14},{"damage":0,"enemies":"Chosen","floor":18,"turns":5},{"damage":6,"enemies":"Shell Parasite","floor":19,"turns":7},{"damage":18,"enemies":"Masked Bandits","floor":21,"turns":3},{"damage":9,"enemies":"Snake Plant","floor":24,"turns":3},{"damage":10,"enemies":"Cultist and Chosen","floor":27,"turns":6},{"damage":2,"enemies":"Book of Stabbing","floor":28,"turns":6},{"damage":16,"enemies":"Gremlin Leader","floor":30,"turns":6},{"damage":3,"enemies":"Shelled Parasite and Fungi","floor":31,"turns":4},{"damage":28,"enemies":"Automaton","floor":33,"turns":8},{"damage":13,"enemies":"3 Darklings","floor":35,"turns":4},{"damage":55,"enemies":"2 Orb Walkers","floor":36,"turns":5},{"damage":0,"enemies":"Orb Walker","floor":37,"turns":5}],"seed_played":"815200783878037548","potions_obtained":[{"floor":2.0,"key":"AttackPotion"},{"floor":5.0,"key":"Poison Potion"},{"floor":5.0,"key":"Fire Potion"},{"floor":14,"key":"Dexterity Potion"},{"floor":19,"key":"Explosive Potion"},{"floor":24,"key":"Swift Potion"},{"floor":33,"key":"FairyPotion"},{"floor":36,"key":"Ancient Potion"},{"floor":37,"key":"Energy Potion"}],"is_trial":false,"path_per_floor":["?","?","?","M","?","?","?","?"],"character_chosen":"THE_SILENT","items_purchased":["Well Laid Plans","Backstab","Noxious Fumes","Noxious Fumes"],"campfire_rested":1,"item_purchase_floors":[20,20,20,22],"current_hp_per_floor":[65,67,53,53,53,45,45,26,26,24,24,26,26,28,28,6,59,61,57,57,41,41,41,34,57,57,49,49,74,60,59,59,33,66,55,2,4,0],"gold":361,"neow_bonus":"RANDOM_COMMON_RELIC","is_prod":false,"is_daily":false,"chose_seed":false,"campfire_upgraded":6,"win_rate":0,"timestamp":1553910707,"path_taken":["M","M","?","?","?","E","R","E","T","?","R","M","R","M","R","BOSS","M","M","$","?","$","R","M","R","T","M","E","?","E","M","R","BOSS","M","?","M","?"],"build_version":"2019-01-23","purchased_purges":2,"victory":false,"max_hp_per_floor":[70,70,70,70,70,77,77,77,77,77,77,77,77,77,77,77,77,77,77,77,77,77,77,77,77,77,77,77,77,77,77,77,77,77,77,77,77,77],"card_choices":[{"not_picked":["Slice","Outmaneuver"],"picked":"Skewer","floor":1.0},{"not_picked":["Backflip","Deflect"],"picked":"Cloak And Dagger","floor":2.0},{"not_picked":["Dagger Spray","Skewer"],"picked":"Flying Knee","floor":6.0},{"not_picked":["Setup","Dodge and Roll"],"picked":"Catalyst","floor":8},{"not_picked":["Dagger Spray","Sucker Punch"],"picked":"Caltrops","floor":10},{"not_picked":["Skewer","Prepared"],"picked":"Leg Sweep","floor":12},{"not_picked":["Dagger Throw","Bouncing Flask"],"picked":"Backflip","floor":14},{"not_picked":["Malaise","Glass Knife"],"picked":"Corpse Explosion","floor":16},{"not_picked":["Poisoned Stab+1","Choke","Accuracy"],"picked":"SKIP","floor":18},{"not_picked":["Flying Knee","Dagger Spray","Sucker Punch+1"],"picked":"SKIP","floor":19},{"not_picked":["Quick Slash","Slice"],"picked":"Backflip","floor":21},{"not_picked":["Acrobatics","Flying Knee+1","Bullet Time"],"picked":"SKIP","floor":24},{"not_picked":["Setup+1","Flying Knee","Cloak And Dagger+1"],"picked":"SKIP","floor":27},{"not_picked":["Bane+1","Corpse Explosion"],"picked":"PiercingWail","floor":28},{"not_picked":["Leg Sweep","Prepared+1"],"picked":"Deadly Poison","floor":30},{"not_picked":["Quick Slash","Endless Agony"],"picked":"Well Laid Plans","floor":31},{"not_picked":["Backflip","Flying Knee"],"picked":"Footwork","floor":35},{"not_picked":["Dagger Throw+1","Deflect"],"picked":"Footwork","floor":37},{"not_picked":["Setup","Prepared"],"picked":"Dash","floor":37}],"player_experience":157054,"relics_obtained":[{"floor":6.0,"key":"Strawberry"},{"floor":8,"key":"The Courier"},{"floor":9,"key":"Happy Flower"},{"floor":21,"key":"Red Mask"},{"floor":28,"key":"Centennial Puzzle"},{"floor":30,"key":"PreservedInsect"},{"floor":36,"key":"Prayer Wheel"}],"event_choices":[{"damage_healed":0.0,"max_hp_gain":0.0,"max_hp_loss":0.0,"gold_gain":0.0,"event_name":"Shining Light","player_choice":"Entered Light","floor":3.0,"gold_loss":0.0,"damage_taken":14.0,"cards_upgraded":["Defend_G","Neutralize"]},{"damage_healed":0.0,"max_hp_gain":0.0,"max_hp_loss":0.0,"gold_gain":0.0,"event_name":"Liars Game","player_choice":"Ignored","floor":4.0,"gold_loss":0.0,"damage_taken":0.0},{"damage_healed":0.0,"max_hp_gain":0.0,"max_hp_loss":0.0,"gold_gain":0.0,"event_name":"The Woman in Blue","player_choice":"Bought 2 Potions","floor":5.0,"gold_loss":0.0,"damage_taken":0.0},{"damage_healed":0,"gold_gain":0,"player_choice":"Fought Bandits","damage_taken":0,"max_hp_gain":0,"max_hp_loss":0,"event_name":"Masked Bandits","floor":21,"gold_loss":0},{"damage_healed":25,"gold_gain":0,"player_choice":"Heal","damage_taken":0,"max_hp_gain":0,"max_hp_loss":0,"event_name":"The Library","floor":29,"gold_loss":0},{"damage_healed":0,"gold_gain":0,"player_choice":"Fight","damage_taken":0,"max_hp_gain":0,"max_hp_loss":0,"event_name":"Mysterious Sphere","floor":36,"gold_loss":0}],"is_beta":false,"boss_relics":[{"not_picked":["Fusion Hammer","Busted Crown"],"picked":"Velvet Choker"},{"not_picked":["HoveringKite","Black Star"],"picked":"Eternal Feather"}],"items_purged_floors":[20,22],"is_endless":false,"potions_floor_spawned":[2,14,19,24,27,33,36,37],"ascension_level":7}