{"path_per_floor":["M","?","?","?","?","R","E","R","T","T","M","R","M","M","R","B",null,"M","?","M","$"],"character_chosen":"THE_SILENT","items_purchased":["Gremlin Horn"],"gold_per_floor":[114,114,114,114,114,114,142,142,213,213,226,226,240,250,250,355,355,372,297,312,63],"floor_reached":22,"campfire_rested":0,"playtime":1375,"current_hp_per_floor":[70,70,63,49,49,49,49,49,49,49,51,51,53,53,53,6,74,72,72,31,31],"items_purged":[],"gold":63,"score":207,"play_id":"e058fca1-627d-41c8-b44a-d78b39612619","local_time":"20180306235552","is_prod":false,"is_daily":false,"is_ascension_mode":false,"campfire_upgraded":4,"timestamp":1520398552,"path_taken":["M","?","?","?","?","R","E","R","T","?","M","R","M","M","R","BOSS","M","?","M","$","M"],"build_version":"2018-03-01-PROD1","purchased_purges":0,"victory":false,"master_deck":["Defend_G+1","Defend_G","Defend_G","Defend_G+1","Defend_G","Strike_G","Strike_G","Strike_G","Strike_G","Survivor+1","Neutralize+1","Deadly Poison+1","Catalyst+1","Backflip+1","Corpse Explosion","Flying Knee+1"],"max_hp_per_floor":[70,70,70,70,70,70,70,70,70,70,72,72,74,74,74,74,74,76,76,76,76],"relics":["Ring of the Snake","NeowsBlessing","Juzu Bracelet","Singing Bowl","Pantograph","Unceasing Top","Black Star","Gremlin Horn"],"card_choices":[{"not_picked":["Acrobatics","Prepared"],"picked":"Deadly Poison"},{"not_picked":["Deflect","Grand Finale"],"picked":"Catalyst"},{"not_picked":["Underhanded Strike","Leg Sweep"],"picked":"Backflip"},{"not_picked":["Envenom","Adrenaline"],"picked":"Corpse Explosion"},{"not_picked":["Dagger Throw","Distraction"],"picked":"Flying Knee"}],"player_experience":145331,"potions_floor_usage":[16],"damage_taken":[{"damage":0,"enemies":"Jaw Worm","floor":1,"turns":1},{"damage":0,"enemies":"Gremlin Nob","floor":7,"turns":1},{"damage":0,"enemies":"2 Louse","floor":11,"turns":1},{"damage":0,"enemies":"Cultist","floor":13,"turns":4},{"damage":0,"enemies":"Exordium Wildlife","floor":14,"turns":4},{"damage":68,"enemies":"Slime Boss","floor":16,"turns":25},{"damage":4,"enemies":"Shell Parasite","floor":18,"turns":4},{"damage":41,"enemies":"3 Byrds","floor":20,"turns":8},{"damage":38,"enemies":"Sentry and Sphere","floor":22,"turns":3}],"event_choices":[{"event_name":"The Cleric","player_choice":"Leave","floor":2,"damage_taken":0},{"event_name":"Scrap Ooze","player_choice":"success","floor":3,"damage_taken":7},{"event_name":"Shining Light","player_choice":"Entered Light","floor":4,"damage_taken":0},{"event_name":"Living Wall","player_choice":"Grow","floor":5,"damage_taken":0},{"event_name":"Beggar","player_choice":"Gave Gold","floor":19,"damage_taken":0}],"boss_relics":[{"not_picked":["Snecko Eye","Runic Pyramid"],"picked":"Black Star"}],"potions_floor_spawned":[7,14,18,20],"seed_played":"-6973709522450915780","killed_by":"Sentry and Sphere","ascension_level":0,"is_trial":false}