{"gold_per_floor":[109,184,184,198,1,1,28,28,28,61,61,90,105,105,105,179,179,197,197,197,207,224,251,266,294,294,304,339,339,339,357,357,433,433,450,1499,558,569,586,621,204,238,304,366,428,465,491,513,525,537,549,561,573,91,119,119],"floor_reached":57,"playtime":4119,"items_purged":["Normality","Normality","Defend_B"],"score":3286,"play_id":"53eb06d1-7957-4824-8a66-7baa69c3df48","local_time":"20190422022219","is_ascension_mode":true,"campfire_choices":[{"data":"Defragment","floor":6.0,"key":"SMITH"},{"data":"Self Repair","floor":8.0,"key":"SMITH"},{"data":"White Noise","floor":15.0,"key":"SMITH"},{"floor":30.0,"key":"RECALL"},{"data":"Creative AI","floor":32.0,"key":"SMITH"},{"floor":49.0,"key":"DIG"},{"floor":53.0,"key":"REST"}],"neow_cost":"NONE","seed_source_timestamp":0,"circlet_count":0,"master_deck":["AscendersBane","Strike_B+1","Defend_B","Defend_B","Zap","Dualcast","Conserve Battery","Self Repair+1","Defragment+1","Darkness","Ball Lightning","White Noise+1","Cold Snap+1","Electrodynamics","Reprogram","Creative AI+1","FTL+1","Chill","Leap","Coolheaded","Glacier+1","Glacier+1","Core Surge","Double Energy+1","Rainbow+1","Reprogram+1","Capacitor","Glacier","Meteor Strike","BootSequence+1","Fission+1","Seek+1","Defragment+1","Hologram+1","Coolheaded+1","Panacea+1","Glacier+1"],"special_seed":0,"relics":["Cracked Core","NeowsBlessing","Anchor","DataDisk","Juzu Bracelet","Pear","Ice Cream","Inserter","Enchiridion","Lantern","Happy Flower","Dodecahedron","Whetstone","SsserpentHead","Astrolabe","Symbiotic Virus","Toxic Egg 2","Ginger","Shovel","MawBank","Smiling Mask","Bronze Scales","Thread and Needle","Dead Branch","Strawberry"],"potions_floor_usage":[56],"damage_taken":[{"damage":0.0,"enemies":"Small Slimes","floor":1.0,"turns":1.0},{"damage":0.0,"enemies":"2 Louse","floor":4.0,"turns":1.0},{"damage":0.0,"enemies":"Gremlin Nob","floor":7.0,"turns":1.0},{"damage":18.0,"enemies":"3 Sentries","floor":10.0,"turns":7.0},{"damage":3.0,"enemies":"Lagavulin","floor":12.0,"turns":5.0},{"damage":0.0,"enemies":"Cultist","floor":13.0,"turns":3.0},{"damage":26.0,"enemies":"Slime Boss","floor":16.0,"turns":5.0},{"damage":3.0,"enemies":"3 Byrds","floor":18.0,"turns":3.0},{"damage":5.0,"enemies":"2 Thieves","floor":21.0,"turns":2.0},{"damage":0.0,"enemies":"Snecko","floor":22.0,"turns":3.0},{"damage":20.0,"enemies":"Gremlin Leader","floor":23.0,"turns":6.0},{"damage":10.0,"enemies":"Centurion and Healer","floor":24.0,"turns":7.0},{"damage":12.0,"enemies":"Slavers","floor":25.0,"turns":4.0},{"damage":0.0,"enemies":"Sentry and Sphere","floor":27.0,"turns":4.0},{"damage":0.0,"enemies":"Gremlin Leader","floor":28.0,"turns":4.0},{"damage":0.0,"enemies":"Shelled Parasite and Fungi","floor":31.0,"turns":6.0},{"damage":0.0,"enemies":"Champ","floor":33.0,"turns":11.0},{"damage":0.0,"enemies":"3 Darklings","floor":35.0,"turns":3.0},{"damage":0.0,"enemies":"Orb Walker","floor":38.0,"turns":4.0},{"damage":0.0,"enemies":"Spire Growth","floor":39.0,"turns":5.0},{"damage":24.0,"enemies":"Reptomancer","floor":40.0,"turns":9.0},{"damage":7.0,"enemies":"Giant Head","floor":42.0,"turns":8.0},{"damage":0.0,"enemies":"Reptomancer","floor":46.0,"turns":4.0},{"damage":1.0,"enemies":"Transient","floor":47.0,"turns":6.0},{"damage":8.0,"enemies":"Sphere and 2 Shapes","floor":48.0,"turns":5.0},{"damage":46.0,"enemies":"Awakened One","floor":50.0,"turns":30.0},{"damage":0.0,"enemies":"Time Eater","floor":51.0,"turns":12.0},{"damage":52.0,"enemies":"Shield and Spear","floor":55.0,"turns":8.0},{"damage":49,"enemies":"The Heart","floor":56,"turns":10}],"seed_played":"8930025670322025955","potions_obtained":[{"floor":4.0,"key":"Energy Potion"},{"floor":7.0,"key":"Fire Potion"},{"floor":12.0,"key":"Regen Potion"},{"floor":13.0,"key":"LiquidBronze"},{"floor":18.0,"key":"SteroidPotion"},{"floor":22.0,"key":"Regen Potion"},{"floor":28.0,"key":"SkillPotion"},{"floor":31.0,"key":"FocusPotion"},{"floor":46.0,"key":"EntropicBrew"},{"floor":47.0,"key":"Poison Potion"},{"floor":55.0,"key":"Regen Potion"}],"is_trial":false,"path_per_floor":["M","?","?","M","$","R","E","R","T","E","?","E","M","?","R","B",null,"M","?","?","M","M","E","M","E","T","M","E","?","R","M","R","B",null,"M","?","$","M","M","E","$","E","T","?","?","E","M","M","R","B","B",null,"R","$","E","B",null],"character_chosen":"DEFECT","items_purchased":["Defragment","DataDisk","Capacitor","Glacier","Meteor Strike","Symbiotic Virus","Toxic Egg 2","Shovel","Dead Branch","Panacea+1"],"campfire_rested":1,"item_purchase_floors":[5,5,37,37,37,37,37,41,54,54],"current_hp_per_floor":[64,53,35,35,35,35,35,35,35,37,37,44,54,54,54,38,70,77,77,56,61,61,61,61,71,71,81,81,81,81,81,81,81,81,81,81,81,81,81,57,57,60,60,60,60,70,81,81,81,35,45,72,81,81,46,12],"gold":119,"neow_bonus":"THREE_ENEMY_KILL","is_prod":false,"is_daily":false,"chose_seed":false,"campfire_upgraded":4,"win_rate":0,"timestamp":1555892539,"path_taken":["M","?","?","M","$","R","E","R","T","E","?","E","M","?","R","BOSS","M","?","?","M","M","E","M","E","T","M","E","?","R","M","R","BOSS","M","?","$","M","M","E","$","E","T","?","?","E","M","M","R","BOSS","BOSS","R","$","E","BOSS"],"build_version":"2019-04-20","purchased_purges":3,"victory":true,"max_hp_per_floor":[71,71,71,71,71,71,71,71,71,81,81,81,81,81,81,81,81,81,81,81,81,81,81,81,81,81,81,81,81,81,81,81,81,81,81,81,81,81,81,81,81,81,81,81,81,81,81,81,81,81,81,81,81,81,88,88],"card_choices":[{"not_picked":["Hologram","Auto Shields"],"picked":"Conserve Battery","floor":1.0},{"not_picked":["Skim","Fusion"],"picked":"Self Repair","floor":4.0},{"not_picked":["Stack","Rip and Tear"],"picked":"Darkness","floor":7.0},{"not_picked":["Darkness","Rebound"],"picked":"Ball Lightning","floor":10.0},{"not_picked":["Amplify","Rip and Tear"],"picked":"White Noise","floor":12.0},{"not_picked":["Redo","Stack","Double Energy"],"picked":"SKIP","floor":13.0},{"not_picked":["Biased Cognition","Machine Learning"],"picked":"Electrodynamics","floor":16.0},{"not_picked":["Stack","Redo"],"picked":"Reprogram","floor":18.0},{"not_picked":["Tempest","Compile Driver"],"picked":"FTL+1","floor":21.0},{"not_picked":["Turbo","Aggregate"],"picked":"Chill","floor":22.0},{"not_picked":["Gash+1","Streamline"],"picked":"Leap","floor":23.0},{"not_picked":["Ball Lightning","Static Discharge"],"picked":"Coolheaded","floor":24.0},{"not_picked":["Redo","Heatsinks"],"picked":"Glacier+1","floor":25.0},{"not_picked":["Stack","Melter+1","Streamline+1"],"picked":"SKIP","floor":27.0},{"not_picked":["Go for the Eyes","Capacitor"],"picked":"Glacier+1","floor":28.0},{"not_picked":["Steam","Stack","Compile Driver"],"picked":"SKIP","floor":31.0},{"not_picked":["Echo Form","Multi-Cast"],"picked":"Core Surge","floor":33.0},{"not_picked":["Redo","Steam Power","Compile Driver"],"picked":"SKIP","floor":35.0},{"not_picked":["Chaos+1","Sweeping Beam"],"picked":"BootSequence+1","floor":38.0},{"not_picked":["Heatsinks","Static Discharge+1","Redo+1"],"picked":"SKIP","floor":39.0},{"not_picked":["Steam+1","Barrage+1"],"picked":"Fission+1","floor":40.0},{"not_picked":["Doom and Gloom","Leap+1"],"picked":"Seek+1","floor":42.0},{"not_picked":["Steam Power+1","Turbo+1"],"picked":"Hologram+1","floor":46.0},{"not_picked":["Hologram+1","Beam Cell+1","Fusion+1"],"picked":"SKIP","floor":47.0},{"not_picked":["Storm","Rebound"],"picked":"Coolheaded+1","floor":48.0},{"not_picked":["Force Field+1","Electrodynamics"],"picked":"Glacier+1","floor":55.0}],"player_experience":1190877,"relics_obtained":[{"floor":7.0,"key":"Juzu Bracelet"},{"floor":10.0,"key":"Pear"},{"floor":12.0,"key":"Ice Cream"},{"floor":20.0,"key":"Enchiridion"},{"floor":23.0,"key":"Lantern"},{"floor":25.0,"key":"Happy Flower"},{"floor":26.0,"key":"Dodecahedron"},{"floor":28.0,"key":"Whetstone"},{"floor":40.0,"key":"Ginger"},{"floor":42.0,"key":"MawBank"},{"floor":43.0,"key":"Smiling Mask"},{"floor":46.0,"key":"Bronze Scales"},{"floor":49.0,"key":"Thread and Needle"},{"floor":55.0,"key":"Strawberry"}],"event_choices":[{"damage_healed":0.0,"max_hp_gain":0.0,"max_hp_loss":0.0,"gold_gain":75.0,"event_name":"World of Goop","player_choice":"Gather Gold","floor":2.0,"gold_loss":0.0,"damage_taken":11.0},{"damage_healed":0.0,"max_hp_gain":0.0,"max_hp_loss":0.0,"gold_gain":0.0,"event_name":"Scrap Ooze","player_choice":"Success","floor":3.0,"gold_loss":0.0,"damage_taken":18.0,"relics_obtained":["Anchor"]},{"damage_healed":0.0,"max_hp_gain":0.0,"max_hp_loss":0.0,"gold_gain":0.0,"event_name":"Golden Wing","player_choice":"Ignored","floor":11.0,"gold_loss":0.0,"damage_taken":0.0},{"damage_healed":0.0,"max_hp_gain":0.0,"max_hp_loss":0.0,"gold_gain":0.0,"event_name":"Match and Keep!","player_choice":"1 cards matched","floor":14.0,"gold_loss":0.0,"damage_taken":0.0,"cards_obtained":["Cold Snap"]},{"damage_healed":0.0,"max_hp_gain":0.0,"max_hp_loss":0.0,"gold_gain":0.0,"cards_transformed":["Strike_B"],"event_name":"Transmorgrifier","player_choice":"Transformed","floor":19.0,"gold_loss":0.0,"damage_taken":0.0,"cards_obtained":["Creative AI"]},{"damage_healed":0.0,"max_hp_gain":0.0,"max_hp_loss":0.0,"gold_gain":0.0,"event_name":"Cursed Tome","player_choice":"Obtained Book","floor":20.0,"gold_loss":0.0,"damage_taken":21.0},{"damage_healed":0.0,"max_hp_gain":0.0,"max_hp_loss":0.0,"gold_gain":0.0,"event_name":"FaceTrader","player_choice":"Trade","floor":29.0,"gold_loss":0.0,"damage_taken":0.0,"relics_obtained":["SsserpentHead"]},{"damage_healed":0.0,"max_hp_gain":0.0,"max_hp_loss":0.0,"gold_gain":999.0,"event_name":"MindBloom","player_choice":"Gold","floor":36.0,"gold_loss":0.0,"damage_taken":0.0,"cards_obtained":["Normality","Normality"]},{"damage_healed":0.0,"max_hp_gain":0.0,"max_hp_loss":0.0,"gold_gain":0.0,"event_name":"Tomb of Lord Red Mask","player_choice":"Ignored","floor":44.0,"gold_loss":0.0,"damage_taken":0.0},{"damage_healed":0.0,"max_hp_gain":0.0,"max_hp_loss":0.0,"gold_gain":0.0,"event_name":"Duplicator","player_choice":"Copied","floor":45.0,"gold_loss":0.0,"damage_taken":0.0,"cards_obtained":["Defragment"]}],"is_beta":true,"boss_relics":[{"not_picked":["Tiny House","Black Star"],"picked":"Inserter"},{"not_picked":["Eternal Feather","Lizard Tail"],"picked":"Astrolabe"}],"items_purged_floors":[37,41,54],"is_endless":false,"potions_floor_spawned":[4,7,12,13,18,22,23,28,31,35,42,46,47,55],"ascension_level":20}