{"gold_per_floor":[212,231,231,298,310,310,336,336,336,336,2,12,17,29,29,29],"floor_reached":16,"playtime":730,"items_purged":[],"score":158,"play_id":"282ee9ed-74e3-40fd-8e22-5a1ba7a738d1","local_time":"20190422231023","is_ascension_mode":true,"campfire_choices":[{"data":"Bash","floor":6,"key":"SMITH"},{"floor":8,"key":"REST"},{"data":"Feel No Pain","floor":10,"key":"SMITH"},{"data":"Havoc","floor":15,"key":"SMITH"}],"neow_cost":"NONE","seed_source_timestamp":17618098538100,"circlet_count":0,"master_deck":["AscendersBane","Strike_R","Strike_R","Strike_R","Strike_R","Strike_R","Defend_R","Defend_R","Defend_R","Defend_R","Bash+1","Feel No Pain+1","Dropkick","Pummel","Havoc","Feel No Pain","Havoc+1","Shrug It Off","Armaments"],"special_seed":0,"relics":["Burning Blood","SsserpentHead","Dodecahedron","Pantograph","Meat on the Bone"],"potions_floor_usage":[7,16,16],"damage_taken":[{"damage":6.0,"enemies":"Cultist","floor":1.0,"turns":3.0},{"damage":7.0,"enemies":"2 Louse","floor":2.0,"turns":4.0},{"damage":4.0,"enemies":"Jaw Worm","floor":4.0,"turns":6.0},{"damage":48,"enemies":"Gremlin Gang","floor":5,"turns":8},{"damage":42,"enemies":"Gremlin Nob","floor":7,"turns":5},{"damage":8,"enemies":"3 Louse","floor":12,"turns":5},{"damage":17,"enemies":"Exordium Thugs","floor":14,"turns":7},{"damage":93,"enemies":"The Guardian","floor":16,"turns":22}],"seed_played":"-6061140463476402678","potions_obtained":[{"floor":4.0,"key":"Regen Potion"},{"floor":7,"key":"Fire Potion"},{"floor":12,"key":"SkillPotion"}],"is_trial":false,"path_per_floor":["M","M","?","M","M","R","E","R","T","R","$","M","$","M","R","B"],"character_chosen":"IRONCLAD","items_purchased":["Meat on the Bone","Feel No Pain","Havoc","Shrug It Off"],"campfire_rested":1,"item_purchase_floors":[11,11,11,13],"current_hp_per_floor":[72,71,71,73,31,31,9,33,33,33,33,43,43,44,44,0],"gold":29,"neow_bonus":"HUNDRED_GOLD","is_prod":false,"is_daily":false,"chose_seed":false,"campfire_upgraded":3,"win_rate":0,"timestamp":1555989023,"path_taken":["M","?","?","?","M","R","E","R","T","R","$","M","?","M","R","BOSS"],"build_version":"2019-01-23","purchased_purges":0,"victory":false,"max_hp_per_floor":[80,80,80,80,80,80,80,80,80,80,80,80,80,80,80,80],"card_choices":[{"not_picked":["Havoc","Blood for Blood"],"picked":"Feel No Pain","floor":1.0},{"not_picked":["Thunderclap","Twin Strike"],"picked":"Dropkick","floor":2.0},{"not_picked":["Twin Strike","Bludgeon"],"picked":"Pummel","floor":4.0},{"not_picked":["Iron Wave","Armaments"],"picked":"Havoc","floor":5},{"not_picked":["Thunderclap","Clash","Entrench"],"picked":"SKIP","floor":7},{"not_picked":["Twin Strike","Clothesline","Pummel"],"picked":"SKIP","floor":12},{"not_picked":["Clothesline","Fire Breathing"],"picked":"Armaments","floor":14}],"player_experience":614869,"relics_obtained":[{"floor":7,"key":"Dodecahedron"},{"floor":9,"key":"Pantograph"}],"event_choices":[{"damage_healed":0.0,"max_hp_gain":0.0,"max_hp_loss":0.0,"gold_gain":0.0,"event_name":"FaceTrader","player_choice":"Trade","floor":3.0,"gold_loss":0.0,"damage_taken":0.0,"relics_obtained":["SsserpentHead"]}],"is_beta":false,"boss_relics":[],"items_purged_floors":[],"is_endless":false,"potions_floor_spawned":[4,7,12],"killed_by":"The Guardian","ascension_level":11}