{"gold_per_floor":[119,119,135,152,152,152,182,182,264,264,57,57,85,98,98,193,193,211,230,283,297,313,313,338,338,338,338,363,382,398,412,412,515,515,528,541,127,0,10,10,41,41,65,99,113,142,157,57,57,57,57,57,21,50,50],"floor_reached":55,"playtime":2276,"items_purged":["Regret","Decay"],"score":899,"play_id":"4ea8fcb8-2c8c-4958-b6d9-81fc5e872d8c","local_time":"20190324153030","is_ascension_mode":true,"campfire_choices":[{"data":"Zap","floor":6.0,"key":"SMITH"},{"floor":8.0,"key":"REST"},{"data":"Dualcast","floor":10.0,"key":"SMITH"},{"floor":15.0,"key":"REST"},{"data":"Chaos","floor":23.0,"key":"SMITH"},{"floor":25.0,"key":"REST"},{"floor":32.0,"key":"REST"},{"data":"Fission","floor":40.0,"key":"SMITH"},{"floor":42.0,"key":"REST"},{"floor":49.0,"key":"RECALL"},{"floor":52.0,"key":"DIG"}],"neow_cost":"TEN_PERCENT_HP_LOSS","seed_source_timestamp":478290547104797,"circlet_count":0,"master_deck":["Strike_B+1","Strike_B","Defend_B","Defend_B","Defend_B","Defend_B","Zap+1","Dualcast+1","Biased Cognition","Gash+1","Steam","Beam Cell+1","Ball Lightning","BootSequence","Leap","Core Surge","Ball Lightning","Streamline+1","Ball Lightning+1","Chaos+1","Chill","Glacier","Defragment","Leap","Hologram","Fission+1","Injury","Steam+1","Loop+1","Hologram","Conserve Battery+1","Conserve Battery+1","Coolheaded+1","Loop"],"special_seed":0,"relics":["Cracked Core","Nunchaku","Blood Vial","Tiny Chest","Runic Capacitor","Letter Opener","Sozu","Potion Belt","Shuriken","CultistMask","Meat on the Bone","Calling Bell","PreservedInsect","Mercury Hourglass","Shovel","DataDisk","Strange Spoon","Red Mask","Oddly Smooth Stone","Juzu Bracelet","Strawberry","Toxic Egg 2","Dodecahedron","Bottled Flame"],"potions_floor_usage":[],"damage_taken":[{"damage":6.0,"enemies":"Cultist","floor":1.0,"turns":3.0},{"damage":2.0,"enemies":"Jaw Worm","floor":3.0,"turns":3.0},{"damage":7.0,"enemies":"Small Slimes","floor":4.0,"turns":3.0},{"damage":25.0,"enemies":"3 Sentries","floor":7.0,"turns":6.0},{"damage":16.0,"enemies":"Gremlin Nob","floor":13.0,"turns":3.0},{"damage":7.0,"enemies":"Exordium Thugs","floor":14.0,"turns":4.0},{"damage":17.0,"enemies":"Hexaghost","floor":16.0,"turns":8.0},{"damage":6.0,"enemies":"3 Byrds","floor":18.0,"turns":4.0},{"damage":0.0,"enemies":"Chosen","floor":19.0,"turns":4.0},{"damage":15.0,"enemies":"Snake Plant","floor":21.0,"turns":3.0},{"damage":12.0,"enemies":"Snecko","floor":22.0,"turns":4.0},{"damage":24.0,"enemies":"Book of Stabbing","floor":24.0,"turns":4.0},{"damage":36.0,"enemies":"Slavers","floor":28.0,"turns":5.0},{"damage":4.0,"enemies":"Centurion and Healer","floor":29.0,"turns":5.0},{"damage":8.0,"enemies":"Snake Plant","floor":30.0,"turns":2.0},{"damage":0.0,"enemies":"Cultist and Chosen","floor":31.0,"turns":4.0},{"damage":51.0,"enemies":"Champ","floor":33.0,"turns":10.0},{"damage":18.0,"enemies":"3 Darklings","floor":35.0,"turns":4.0},{"damage":3.0,"enemies":"3 Shapes","floor":36.0,"turns":5.0},{"damage":8.0,"enemies":"Sphere and 2 Shapes","floor":39.0,"turns":4.0},{"damage":19.0,"enemies":"Reptomancer","floor":41.0,"turns":5.0},{"damage":0.0,"enemies":"Nemesis","floor":44.0,"turns":5.0},{"damage":12.0,"enemies":"3 Darklings","floor":45.0,"turns":4.0},{"damage":13.0,"enemies":"Reptomancer","floor":46.0,"turns":5.0},{"damage":3.0,"enemies":"Writhing Mass","floor":47.0,"turns":6.0},{"damage":24.0,"enemies":"Donu and Deca","floor":50.0,"turns":10.0},{"damage":33.0,"enemies":"Shield and Spear","floor":54.0,"turns":4.0},{"damage":46,"enemies":"The Heart","floor":55,"turns":6}],"seed_played":"-7880996440233686166","potions_obtained":[{"floor":1.0,"key":"LiquidBronze"},{"floor":7.0,"key":"Strength Potion"},{"floor":14.0,"key":"SkillPotion"}],"is_trial":false,"path_per_floor":["T","?","?","T","?","M","?"],"character_chosen":"DEFECT","items_purchased":["Runic Capacitor","DataDisk","Strange Spoon","Loop"],"campfire_rested":5,"item_purchase_floors":[11,37,37,53],"current_hp_per_floor":[62,62,60,53,39,39,14,34,34,34,34,34,20,15,35,20,68,62,64,64,51,41,41,19,39,39,39,5,15,21,35,55,18,68,50,49,49,49,43,43,38,58,58,67,57,46,45,45,45,35,75,75,75,42,0],"gold":50,"neow_bonus":"TRANSFORM_TWO_CARDS","is_prod":false,"is_daily":false,"chose_seed":false,"campfire_upgraded":4,"win_rate":0,"timestamp":1553466630,"path_taken":["M","?","M","M","?","R","E","R","T","R","$","?","E","M","R","BOSS","M","M","?","M","M","R","E","R","T","?","E","?","M","M","R","BOSS","M","M","$","?","M","R","E","R","T","E","M","E","M","$","R","BOSS","R","$","E","BOSS"],"build_version":"2019-01-23","purchased_purges":2,"victory":false,"max_hp_per_floor":[68,68,68,68,68,68,68,68,68,68,68,68,68,68,68,68,68,68,68,68,68,68,68,68,68,68,68,68,68,68,68,68,68,68,68,68,68,68,68,68,68,68,68,75,75,75,75,75,75,75,75,75,75,75,75],"card_choices":[{"not_picked":["Rip and Tear","Blizzard"],"picked":"Steam","floor":1.0},{"not_picked":["Storm","Go for the Eyes"],"picked":"Beam Cell","floor":3.0},{"not_picked":["Rebound","Sweeping Beam"],"picked":"Ball Lightning","floor":4.0},{"not_picked":["Rebound","Barrage"],"picked":"BootSequence","floor":7.0},{"not_picked":["Rainbow","Steam"],"picked":"Leap","floor":13.0},{"not_picked":["Steam Power","Doom and Gloom","Force Field"],"picked":"SKIP","floor":14.0},{"not_picked":["Echo Form","Rainbow"],"picked":"Core Surge","floor":16.0},{"not_picked":["Darkness","Tempest"],"picked":"Ball Lightning","floor":18.0},{"not_picked":["Sweeping Beam","Fusion"],"picked":"Streamline+1","floor":19.0},{"not_picked":["Gash","Double Energy"],"picked":"Ball Lightning+1","floor":21.0},{"not_picked":["Turbo","Reboot"],"picked":"Chaos","floor":22.0},{"not_picked":["Steam","Blizzard"],"picked":"Chill","floor":24.0},{"not_picked":["Sunder","Rebound"],"picked":"Glacier","floor":28.0},{"not_picked":["Self Repair","Sweeping Beam"],"picked":"Defragment","floor":29.0},{"not_picked":["Gash","Steam"],"picked":"Leap","floor":30.0},{"not_picked":["Stack+1","Consume"],"picked":"Hologram","floor":31.0},{"not_picked":["Creative AI","Hyperbeam"],"picked":"Fission","floor":33.0},{"not_picked":["Barrage","Double Energy+1"],"picked":"Steam+1","floor":35.0},{"not_picked":["Redo+1","Stack"],"picked":"Loop+1","floor":36.0},{"not_picked":["Consume+1","Redo+1","Turbo"],"picked":"SKIP","floor":39.0},{"not_picked":["Steam+1","Streamline+1","Amplify"],"picked":"SKIP","floor":41.0},{"not_picked":["Rebound","Stack+1"],"picked":"Hologram","floor":44.0},{"not_picked":["Consume","Undo+1"],"picked":"Conserve Battery+1","floor":45.0},{"not_picked":["Redo","Rip and Tear+1"],"picked":"Conserve Battery","floor":46.0},{"not_picked":["Sweeping Beam","Cold Snap+1"],"picked":"Coolheaded+1","floor":47.0},{"not_picked":["Rip and Tear","Cold Snap","BootSequence+1"],"picked":"SKIP","floor":54.0}],"player_experience":114446,"relics_obtained":[{"floor":2.0,"key":"Nunchaku"},{"floor":7.0,"key":"Blood Vial"},{"floor":9.0,"key":"Tiny Chest"},{"floor":13.0,"key":"Letter Opener"},{"floor":24.0,"key":"Potion Belt"},{"floor":26.0,"key":"Shuriken"},{"floor":28.0,"key":"Meat on the Bone"},{"floor":34.0,"key":"PreservedInsect"},{"floor":34.0,"key":"Mercury Hourglass"},{"floor":34.0,"key":"Shovel"},{"floor":41.0,"key":"Oddly Smooth Stone"},{"floor":43.0,"key":"Juzu Bracelet"},{"floor":44.0,"key":"Strawberry"},{"floor":46.0,"key":"Toxic Egg 2"},{"floor":52.0,"key":"Dodecahedron"},{"floor":54.0,"key":"Bottled Flame"}],"event_choices":[{"damage_healed":0.0,"max_hp_gain":0.0,"max_hp_loss":0.0,"gold_gain":0.0,"event_name":"Shining Light","player_choice":"Entered Light","floor":5.0,"gold_loss":0.0,"damage_taken":14.0,"cards_upgraded":["Strike_B","Gash"]},{"damage_healed":0.0,"max_hp_gain":0.0,"max_hp_loss":0.0,"gold_gain":0.0,"event_name":"Upgrade Shrine","player_choice":"Upgraded","floor":12.0,"gold_loss":0.0,"damage_taken":0.0,"cards_upgraded":["Beam Cell"]},{"damage_healed":0.0,"max_hp_gain":0.0,"max_hp_loss":0.0,"gold_gain":0.0,"event_name":"FaceTrader","player_choice":"Trade","floor":27.0,"gold_loss":0.0,"damage_taken":0.0,"relics_obtained":["CultistMask"]},{"damage_healed":0.0,"max_hp_gain":0.0,"max_hp_loss":0.0,"gold_gain":0.0,"event_name":"Tomb of Lord Red Mask","player_choice":"Paid","floor":38.0,"gold_loss":127.0,"damage_taken":0.0,"relics_obtained":["Red Mask"]}],"is_beta":false,"boss_relics":[{"not_picked":["Runic Dome","Ectoplasm"],"picked":"Sozu"},{"not_picked":["Fusion Hammer","Astrolabe"],"picked":"Calling Bell"}],"items_purged_floors":[37,48],"is_endless":false,"potions_floor_spawned":[1,7,14,18,19,21,28,29,41,46,47],"killed_by":"The Heart","ascension_level":3}