{"path_per_floor":["M","M","M","?","?","R","M","R","T","R","?","M","M","M","R","B",null,"M","$","M","$","M","E","R","E","T","R","M","M","?","M","R"],"character_chosen":"IRONCLAD","items_purchased":["Matryoshka"],"gold_per_floor":[113,127,141,215,165,165,184,184,211,211,211,223,239,259,259,359,359,359,118,88,88,88,88,88,88,88,88,88,88,13,13,13],"floor_reached":33,"campfire_rested":3,"playtime":1545,"current_hp_per_floor":[79,80,68,68,68,68,62,62,62,62,62,66,72,78,78,34,80,80,80,80,80,57,37,61,27,27,51,48,47,47,39,63],"items_purged":[],"gold":13,"score":281,"play_id":"100b9b5e-713e-4885-b1b5-73a5b294f12d","is_prod":false,"is_daily":false,"is_ascension_mode":false,"campfire_upgraded":4,"path_taken":["M","M","M","?","?","R","M","R","T","R","?","M","M","M","R","BOSS","M","?","M","$","M","E","R","E","T","R","M","M","?","?","R","BOSS"],"build_version":"2018-02-15-PROD1","purchased_purges":1,"victory":false,"master_deck":["Strike_R","Strike_R","Strike_R","Defend_R","Defend_R","Defend_R","Defend_R","Bash+1","Metallicize+1","Whirlwind+1","Headbutt","Flame Barrier+1","Disarm","Fiend Fire","Entrench+1","Double Tap","Inflame","Rage+1","Barricade","Warcry","Spot Weakness","Shrug It Off+1","Spot Weakness"],"max_hp_per_floor":[80,80,80,80,80,80,80,80,80,80,80,80,80,80,80,80,80,80,80,80,80,80,80,80,80,80,80,80,80,80,80,80],"relics":["Burning Blood","Bag of Preparation","Ectoplasm","Matryoshka","Pen Nib","Dead Branch","Dream Catcher","Shovel"],"card_choices":[{"not_picked":["Flex","Thunderclap"],"picked":"Metallicize"},{"not_picked":["Havoc","Headbutt"],"picked":"Whirlwind"},{"not_picked":["Wild Strike","Armaments"],"picked":"Headbutt"},{"not_picked":["Sword Boomerang","Clash"],"picked":"Flame Barrier"},{"not_picked":["Perfected Strike","Heavy Blade"],"picked":"Fiend Fire"},{"not_picked":["Headbutt","Blood for Blood"],"picked":"Entrench"},{"not_picked":["Fiend Fire","Dark Embrace"],"picked":"Double Tap"},{"not_picked":["Pommel Strike","True Grit"],"picked":"Inflame"},{"not_picked":["Heavy Blade","Uppercut"],"picked":"Rage"},{"not_picked":["Clash","Searing Blow"],"picked":"Barricade"},{"not_picked":["Searing Blow","Disarm"],"picked":"Warcry"},{"not_picked":["Power Through","Fire Breathing"],"picked":"Spot Weakness"},{"not_picked":["Anger","Headbutt"],"picked":"Shrug It Off"},{"not_picked":["Evolve","Reckless Charge"],"picked":"Spot Weakness"}],"player_experience":124219,"potions_floor_usage":[16,16,16,20,23,23,29,29,31],"damage_taken":[{"damage":7,"enemies":"Small Slimes","floor":1,"turns":4},{"damage":1,"enemies":"Cultist","floor":2,"turns":3},{"damage":18,"enemies":"Jaw Worm","floor":3,"turns":3},{"damage":12,"enemies":"2 Fungi Beasts","floor":7,"turns":2},{"damage":2,"enemies":"Exordium Wildlife","floor":12,"turns":5},{"damage":0,"enemies":"Looter","floor":13,"turns":4},{"damage":0,"enemies":"Lots of Slimes","floor":14,"turns":1},{"damage":50,"enemies":"Slime Boss","floor":16,"turns":15},{"damage":0,"enemies":"Chosen","floor":18,"turns":4},{"damage":4,"enemies":"2 Thieves","floor":20,"turns":2},{"damage":29,"enemies":"Cultist and Chosen","floor":22,"turns":5},{"damage":35,"enemies":"Slavers","floor":23,"turns":4},{"damage":40,"enemies":"Book of Stabbing","floor":25,"turns":7},{"damage":9,"enemies":"Snake Plant","floor":28,"turns":4},{"damage":7,"enemies":"Snecko","floor":29,"turns":5},{"damage":14,"enemies":"Cultist and Chosen","floor":31,"turns":5},{"damage":70,"enemies":"Collector","floor":33,"turns":7}],"event_choices":[{"event_name":"Golden Wing","player_choice":"Gained Gold","floor":4,"damage_taken":0},{"event_name":"The Cleric","player_choice":"Card Removal","floor":5,"damage_taken":0},{"event_name":"Match and Keep!","player_choice":"1 cards matched","floor":11,"damage_taken":0},{"event_name":"Beggar","player_choice":"Gave Gold","floor":30,"damage_taken":0}],"boss_relics":[{"not_picked":["Black Blood","Question Card"],"picked":"Ectoplasm"}],"potions_floor_spawned":[2,7,14,16,20,22,25,28,29],"seed_played":"-7925143490901697903","killed_by":"Collector","ascension_level":0,"is_trial":false}