{"gold_per_floor":[117,117,135,148,159,159,193,193,241,241,268,285,62,82,82,183,183,203,128,7,22,22,22,49,49,97,97,108,143,413,423,423,518,518,530,455,474,474,493,493,513,187,237,263,263,293,306,18,18,18],"floor_reached":51,"playtime":3192,"items_purged":["Defend_G","Bite"],"score":1097,"play_id":"81ad8d5b-bf42-4deb-a449-b6da139cc87a","local_time":"20190415184053","is_ascension_mode":true,"campfire_choices":[{"data":"Caltrops","floor":6.0,"key":"SMITH"},{"floor":8.0,"key":"REST"},{"data":"Caltrops","floor":10.0,"key":"SMITH"},{"data":"Burst","floor":15.0,"key":"SMITH"},{"data":"Malaise","floor":23.0,"key":"SMITH"},{"data":"Catalyst","floor":25.0,"key":"SMITH"},{"floor":32.0,"key":"REST"},{"data":"Leg Sweep","floor":40,"key":"SMITH"},{"data":"Footwork","floor":45,"key":"SMITH"},{"data":"Dash","floor":49,"key":"SMITH"}],"neow_cost":"NONE","seed_source_timestamp":2389723719986913,"circlet_count":0,"master_deck":["Defend_G","Defend_G","Defend_G+1","Defend_G+1","Survivor","Neutralize+1","Backstab","Caltrops+1","Heel Hook","Caltrops+1","Endless Agony","PiercingWail","Leg Sweep+1","Burst+1","Malaise+1","Cloak And Dagger","Noxious Fumes","Catalyst+1","Dash+1","Bite","Bite","Bite","Bite","Noxious Fumes","PiercingWail","PiercingWail","Catalyst+1","Footwork+1","Well Laid Plans+1"],"special_seed":0,"relics":["Ring of the Snake","Gremlin Horn","Vajra","Bag of Marbles","Oddly Smooth Stone","Velvet Choker","Potion Belt","War Paint","Lantern","Coffee Dripper","Bronze Scales","Regal Pillow","Bottled Lightning","Thread and Needle"],"potions_floor_usage":[],"damage_taken":[{"damage":0.0,"enemies":"Cultist","floor":1.0,"turns":4.0},{"damage":0.0,"enemies":"2 Louse","floor":3.0,"turns":2.0},{"damage":0.0,"enemies":"Small Slimes","floor":4.0,"turns":4.0},{"damage":19.0,"enemies":"Exordium Wildlife","floor":5.0,"turns":7.0},{"damage":30.0,"enemies":"Lagavulin","floor":7.0,"turns":8.0},{"damage":20.0,"enemies":"3 Sentries","floor":11.0,"turns":6.0},{"damage":0.0,"enemies":"Blue Slaver","floor":12.0,"turns":3.0},{"damage":0.0,"enemies":"Lots of Slimes","floor":14.0,"turns":2.0},{"damage":2.0,"enemies":"Hexaghost","floor":16.0,"turns":9.0},{"damage":7.0,"enemies":"Spheric Guardian","floor":18.0,"turns":4.0},{"damage":0.0,"enemies":"Chosen","floor":21.0,"turns":5.0},{"damage":10.0,"enemies":"Slavers","floor":24.0,"turns":6.0},{"damage":13.0,"enemies":"Centurion and Healer","floor":28.0,"turns":14.0},{"damage":9.0,"enemies":"Book of Stabbing","floor":29.0,"turns":5.0},{"damage":0.0,"enemies":"3 Cultists","floor":31.0,"turns":6.0},{"damage":30.0,"enemies":"Champ","floor":33.0,"turns":15.0},{"damage":15.0,"enemies":"3 Shapes","floor":35.0,"turns":4.0},{"damage":0.0,"enemies":"3 Darklings","floor":37.0,"turns":7.0},{"damage":0,"enemies":"4 Shapes","floor":39,"turns":5},{"damage":0,"enemies":"Maw","floor":41,"turns":11},{"damage":18,"enemies":"Nemesis","floor":44,"turns":9},{"damage":9,"enemies":"Reptomancer","floor":46,"turns":5},{"damage":0,"enemies":"Spire Growth","floor":47,"turns":7},{"damage":62,"enemies":"Awakened One","floor":50,"turns":16}],"seed_played":"2798642224443436250","potions_obtained":[{"floor":1.0,"key":"Strength Potion"},{"floor":5.0,"key":"LiquidBronze"},{"floor":11.0,"key":"FearPotion"},{"floor":12.0,"key":"Block Potion"},{"floor":24.0,"key":"Fruit Juice"},{"floor":28.0,"key":"Swift Potion"},{"floor":33.0,"key":"Dexterity Potion"},{"floor":35.0,"key":"GamblersBrew"},{"floor":37.0,"key":"SpeedPotion"},{"floor":39,"key":"Block Potion"}],"is_trial":false,"path_per_floor":["M","$","M","M","M","R","E","R","T","R","E","M","$","M","R","B",null,"M","?","$","M","?","R","E","R","T","?","M","E","?","M","R","B",null,"M","$","M","?","M","R","M","$","T","E","R","E","M","$","R","B",null],"character_chosen":"THE_SILENT","items_purchased":["Oddly Smooth Stone","Leg Sweep","Noxious Fumes","Catalyst","Footwork","Bronze Scales","Thread and Needle"],"campfire_rested":2,"item_purchase_floors":[13,13,20,20,42,42,48],"current_hp_per_floor":[63,63,63,63,44,44,14,35,35,35,15,15,15,15,15,13,56,49,49,49,49,49,49,49,49,49,42,52,47,5,15,31,34,53,46,46,59,59,59,59,59,59,59,53,53,50,59,59,59,25],"gold":18,"neow_bonus":"UPGRADE_CARD","is_prod":false,"is_daily":false,"chose_seed":false,"campfire_upgraded":8,"win_rate":0,"timestamp":1555378853,"path_taken":["M","$","M","?","M","R","E","R","T","R","E","M","$","M","R","BOSS","M","?","$","M","?","R","E","R","T","?","?","E","?","M","R","BOSS","M","$","?","?","M","R","M","$","T","E","R","E","M","$","R","BOSS"],"build_version":"2019-01-23","purchased_purges":2,"victory":true,"max_hp_per_floor":[70,70,70,70,70,70,70,70,70,70,70,70,70,70,70,70,70,70,70,70,70,49,49,49,49,49,54,54,54,54,54,54,59,59,59,59,59,59,59,59,59,59,59,59,59,59,59,59,59,59],"card_choices":[{"not_picked":["Distraction","Deflect"],"picked":"Backstab","floor":1.0},{"not_picked":["Expertise","Choke"],"picked":"Caltrops","floor":3.0},{"not_picked":["Dodge and Roll","Finisher"],"picked":"Heel Hook","floor":4.0},{"not_picked":["Blade Dance","Prepared"],"picked":"Caltrops","floor":5.0},{"not_picked":["Calculated Gamble","Flying Knee"],"picked":"Endless Agony","floor":7.0},{"not_picked":["Flying Knee","Terror"],"picked":"PiercingWail","floor":11.0},{"not_picked":["Sucker Punch","Poisoned Stab","Dagger Spray"],"picked":"SKIP","floor":12.0},{"not_picked":["Bane","Well Laid Plans"],"picked":"Burst","floor":14.0},{"not_picked":["Glass Knife","Tools of the Trade"],"picked":"Malaise","floor":16.0},{"not_picked":["Prepared+1","Dagger Throw"],"picked":"Cloak And Dagger","floor":18.0},{"not_picked":["Backflip","Dodge and Roll"],"picked":"Dash","floor":21.0},{"not_picked":["Flechettes","Flying Knee+1","Infinite Blades"],"picked":"SKIP","floor":24.0},{"not_picked":["Escape Plan","Deflect"],"picked":"Noxious Fumes","floor":28.0},{"not_picked":["Prepared","Adrenaline"],"picked":"PiercingWail","floor":29.0},{"not_picked":["Underhanded Strike+1","Terror+1"],"picked":"PiercingWail","floor":31.0},{"not_picked":["Endless Agony","Bane","Slice+1"],"picked":"SKIP","floor":35.0},{"not_picked":["Deadly Poison+1","Blade Dance+1","Endless Agony+1"],"picked":"SKIP","floor":37.0},{"not_picked":["Tactician+1","Slice","Backstab"],"picked":"SKIP","floor":39},{"not_picked":["Poisoned Stab","Acrobatics"],"picked":"Catalyst+1","floor":41},{"not_picked":["Caltrops","Bane+1","Endless Agony+1"],"picked":"SKIP","floor":44},{"not_picked":["Finisher+1","Glass Knife"],"picked":"Well Laid Plans+1","floor":46},{"not_picked":["Quick Slash","Acrobatics","Blade Dance"],"picked":"SKIP","floor":47}],"player_experience":187618,"relics_obtained":[{"floor":7.0,"key":"Gremlin Horn"},{"floor":9.0,"key":"Vajra"},{"floor":11.0,"key":"Bag of Marbles"},{"floor":24.0,"key":"Potion Belt"},{"floor":26.0,"key":"War Paint"},{"floor":29.0,"key":"Lantern"},{"floor":44,"key":"Regal Pillow"},{"floor":46,"key":"Bottled Lightning"}],"event_choices":[{"cards_removed":["Strike_G"],"damage_healed":0.0,"max_hp_gain":0.0,"max_hp_loss":0.0,"gold_gain":0.0,"event_name":"Beggar","player_choice":"Gave Gold","floor":19.0,"gold_loss":75.0,"damage_taken":0.0},{"damage_healed":0.0,"max_hp_gain":0.0,"max_hp_loss":21.0,"gold_gain":0.0,"event_name":"Vampires","player_choice":"Became a vampire","floor":22.0,"gold_loss":0.0,"damage_taken":0.0,"cards_obtained":["Bite","Bite","Bite","Bite","Bite"]},{"damage_healed":0.0,"max_hp_gain":5.0,"max_hp_loss":0.0,"gold_gain":0.0,"event_name":"Forgotten Altar","player_choice":"Shed Blood","floor":27.0,"gold_loss":0.0,"damage_taken":12.0},{"damage_healed":0.0,"max_hp_gain":0.0,"max_hp_loss":0.0,"gold_gain":270.0,"event_name":"Knowing Skull","player_choice":"POTION POTION POTION GOLD GOLD GOLD ","floor":30.0,"potions_obtained":["GhostInAJar","SkillPotion","SneckoOil"],"gold_loss":0.0,"damage_taken":42.0,"cards_obtained":[]},{"damage_healed":0,"gold_gain":0,"player_choice":"Ignored","damage_taken":0,"max_hp_gain":0,"max_hp_loss":0,"event_name":"Mysterious Sphere","floor":38,"gold_loss":0}],"is_beta":false,"boss_relics":[{"not_picked":["Tiny House","Ring of the Serpent"],"picked":"Velvet Choker"},{"not_picked":["Eternal Feather","Pandora\u0027s Box"],"picked":"Coffee Dripper"}],"items_purged_floors":[36,42],"is_endless":false,"potions_floor_spawned":[1,5,11,12,21,24,28,31,33,35,37,39,46],"ascension_level":8}