{"gold_per_floor":[119,119,44,56,81,106,117,447,447,397,431,462,491,209,209,209],"floor_reached":16,"playtime":562,"items_purged":["Strike_B","Strike_B"],"score":189,"play_id":"48e11685-f8c4-4d7b-9ba9-4f3ea9cb760c","local_time":"20190327231150","is_ascension_mode":true,"campfire_choices":[{"data":"Reinforced Body","floor":15,"key":"SMITH"}],"neow_cost":"NONE","seed_source_timestamp":767184933202046,"circlet_count":0,"master_deck":["Strike_B","Defend_B","Defend_B","Defend_B","Defend_B+1","Zap","Dualcast+1","Gash","Gash","Reinforced Body+1","BootSequence","Hologram","Capacitor","Conserve Battery","Go for the Eyes","Conserve Battery"],"relics":["Cracked Core","NeowsBlessing","War Paint","Vajra","PreservedInsect","Old Coin","Anchor","MawBank","DataDisk"],"potions_floor_usage":[11,16,16,16],"damage_taken":[{"damage":0,"enemies":"2 Louse","floor":1,"turns":1},{"damage":0,"enemies":"Jaw Worm","floor":4,"turns":1},{"damage":0,"enemies":"Lagavulin","floor":6,"turns":1},{"damage":0,"enemies":"Cultist","floor":7,"turns":3},{"damage":10,"enemies":"Gremlin Nob","floor":8,"turns":3},{"damage":17,"enemies":"3 Sentries","floor":11,"turns":4},{"damage":0,"enemies":"Blue Slaver","floor":12,"turns":2},{"damage":0,"enemies":"Exordium Wildlife","floor":13,"turns":4},{"damage":38,"enemies":"Slime Boss","floor":16,"turns":7}],"seed_played":"-8998206200853708582","potions_obtained":[{"floor":1,"key":"Swift Potion"},{"floor":6,"key":"Explosive Potion"},{"floor":8,"key":"Poison Potion"},{"floor":13,"key":"Fire Potion"}],"is_trial":false,"path_per_floor":["?","T","?","$"],"character_chosen":"DEFECT","items_purchased":["DataDisk","Conserve Battery"],"campfire_rested":0,"item_purchase_floors":[14,14],"current_hp_per_floor":[68,56,56,56,56,56,56,46,46,46,29,29,29,29,29,0],"gold":209,"neow_bonus":"THREE_ENEMY_KILL","is_prod":false,"is_daily":false,"chose_seed":false,"campfire_upgraded":1,"win_rate":0,"timestamp":1553753510,"path_taken":["M","?","$","M","?","E","M","E","T","?","E","M","M","?","R","BOSS"],"build_version":"2019-01-23","purchased_purges":2,"victory":false,"max_hp_per_floor":[75,75,75,75,75,75,75,75,75,75,75,75,75,75,75,75],"card_choices":[{"not_picked":["Coolheaded","Capacitor"],"picked":"Gash","floor":1},{"not_picked":["Steam","Turbo"],"picked":"Gash","floor":4},{"not_picked":["Chill","Meteor Strike"],"picked":"Reinforced Body","floor":6},{"not_picked":["Leap","Fusion"],"picked":"BootSequence","floor":7},{"not_picked":["Self Repair","Coolheaded"],"picked":"Hologram","floor":8},{"not_picked":["Redo","Hello World"],"picked":"Capacitor","floor":11},{"not_picked":["Chill","Stack"],"picked":"Conserve Battery","floor":12},{"not_picked":["Ball Lightning","Turbo"],"picked":"Go for the Eyes","floor":13}],"player_experience":143913,"relics_obtained":[{"floor":5,"key":"Vajra"},{"floor":6,"key":"PreservedInsect"},{"floor":8,"key":"Old Coin"},{"floor":9,"key":"Anchor"},{"floor":11,"key":"MawBank"}],"event_choices":[{"damage_healed":0,"gold_gain":0,"player_choice":"Success","damage_taken":12,"relics_obtained":["War Paint"],"max_hp_gain":0,"max_hp_loss":0,"event_name":"Scrap Ooze","floor":2,"gold_loss":0},{"cards_removed":["Strike_B"],"damage_healed":0,"gold_gain":0,"player_choice":"Card Removal","damage_taken":0,"max_hp_gain":0,"max_hp_loss":0,"event_name":"The Cleric","floor":10,"gold_loss":50}],"is_beta":false,"boss_relics":[],"items_purged_floors":[3,14],"is_endless":false,"potions_floor_spawned":[1,6,8,13],"killed_by":"Slime Boss","ascension_level":6}