{"gold_per_floor":[113,124,124,124,124,124,159,175,175,175,18,35,35,47,47,149,149,132,142,242,257,257,257],"floor_reached":23,"playtime":952,"items_purged":[],"score":191,"play_id":"44ee5582-89c6-4e32-b2da-e4055e867f44","local_time":"20190208170226","is_ascension_mode":false,"campfire_choices":[{"data":"Juggernaut","floor":6,"key":"SMITH"},{"data":"Entrench","floor":13,"key":"SMITH"},{"floor":15,"key":"RECALL"}],"neow_cost":"NONE","seed_source_timestamp":1288472500102787,"circlet_count":0,"master_deck":["Strike_R+1","Strike_R","Strike_R","Strike_R","Strike_R","Defend_R+1","Defend_R","Defend_R","Defend_R+1","Bash","Disarm","Ghostly Armor","Bash+1","Juggernaut+1","Seeing Red","Flex","Entrench+1","Iron Wave","Demon Form","Armaments+1","Heavy Blade","Warcry+1"],"relics":["Black Blood","War Paint","Red Skull","Kunai","Bronze Scales","MutagenicStrength"],"potions_floor_usage":[7,14,21,23,23],"damage_taken":[{"damage":6,"enemies":"2 Louse","floor":1,"turns":2},{"damage":3,"enemies":"Small Slimes","floor":2,"turns":4},{"damage":2,"enemies":"Lagavulin","floor":7,"turns":7},{"damage":0,"enemies":"Cultist","floor":8,"turns":4},{"damage":11,"enemies":"Blue Slaver","floor":12,"turns":4},{"damage":15,"enemies":"Exordium Thugs","floor":14,"turns":4},{"damage":15,"enemies":"Slime Boss","floor":16,"turns":9},{"damage":30,"enemies":"2 Thieves","floor":18,"turns":4},{"damage":0,"enemies":"3 Byrds","floor":19,"turns":3},{"damage":49,"enemies":"Shelled Parasite and Fungi","floor":21,"turns":6},{"damage":39,"enemies":"Slavers","floor":23,"turns":3}],"seed_played":"-309282286667209802","potions_obtained":[{"floor":1,"key":"EssenceOfSteel"},{"floor":8,"key":"Fire Potion"},{"floor":14,"key":"EssenceOfSteel"},{"floor":16,"key":"PowerPotion"},{"floor":18,"key":"FearPotion"},{"floor":21,"key":"Poison Potion"}],"is_trial":false,"path_per_floor":["M","M","?","?","?","R","E","M","T","?","$","M","R","M","R","B",null,"M","M","?","M","?","E"],"character_chosen":"IRONCLAD","items_purchased":["Bronze Scales"],"campfire_rested":0,"item_purchase_floors":[11],"current_hp_per_floor":[80,80,85,85,85,85,85,85,85,68,68,63,63,54,54,45,85,65,75,75,36,36,0],"gold":257,"neow_bonus":"RANDOM_COMMON_RELIC","is_prod":false,"is_daily":false,"chose_seed":false,"campfire_upgraded":2,"win_rate":0,"timestamp":1549663346,"path_taken":["M","M","?","?","?","R","E","?","T","?","?","M","R","M","R","BOSS","M","M","?","?","?","E"],"build_version":"2019-01-23","purchased_purges":0,"victory":false,"max_hp_per_floor":[80,80,85,85,85,85,85,85,85,85,85,85,85,85,85,85,85,85,85,85,85,85,85],"card_choices":[{"not_picked":["Clash","True Grit"],"picked":"Disarm","floor":1},{"not_picked":["Shrug It Off","Iron Wave"],"picked":"Ghostly Armor","floor":2},{"not_picked":["Pommel Strike","Twin Strike"],"picked":"Seeing Red","floor":7},{"not_picked":["Hemokinesis","Searing Blow"],"picked":"Flex","floor":8},{"not_picked":["Body Slam","Clash"],"picked":"Entrench","floor":12},{"not_picked":["Shrug It Off","Sentinel"],"picked":"Iron Wave","floor":14},{"not_picked":["Double Tap","Limit Break"],"picked":"Demon Form","floor":16},{"not_picked":["Seeing Red","Anger"],"picked":"Armaments+1","floor":18},{"not_picked":["Armaments","Thunderclap"],"picked":"Heavy Blade","floor":19},{"not_picked":["Sword Boomerang","Burning Pact"],"picked":"Warcry+1","floor":21}],"player_experience":180791,"relics_obtained":[{"floor":7,"key":"Red Skull"},{"floor":9,"key":"Kunai"}],"event_choices":[{"damage_healed":0,"gold_gain":0,"player_choice":"Donut","damage_taken":0,"max_hp_gain":5,"max_hp_loss":0,"event_name":"Big Fish","floor":3,"gold_loss":0},{"damage_healed":0,"gold_gain":0,"player_choice":"Leave","damage_taken":0,"max_hp_gain":0,"max_hp_loss":0,"event_name":"The Cleric","floor":4,"gold_loss":0},{"damage_healed":0,"gold_gain":0,"player_choice":"2 cards matched","damage_taken":0,"max_hp_gain":0,"max_hp_loss":0,"event_name":"Match and Keep!","floor":5,"gold_loss":0,"cards_obtained":["Bash","Juggernaut"]},{"damage_healed":0,"gold_gain":0,"player_choice":"Entered Light","damage_taken":17,"max_hp_gain":0,"max_hp_loss":0,"event_name":"Shining Light","floor":10,"gold_loss":0,"cards_upgraded":["Strike_R","Bash"]},{"damage_healed":0,"gold_gain":100,"player_choice":"Pray","damage_taken":0,"max_hp_gain":0,"max_hp_loss":0,"event_name":"Golden Shrine","floor":20,"gold_loss":0},{"damage_healed":0,"gold_gain":0,"player_choice":"Inject Mutagens","damage_taken":0,"relics_obtained":["MutagenicStrength"],"max_hp_gain":0,"max_hp_loss":0,"event_name":"Drug Dealer","floor":22,"gold_loss":0}],"is_beta":false,"boss_relics":[{"not_picked":["Astrolabe","Tiny House"],"picked":"Black Blood"}],"items_purged_floors":[],"is_endless":false,"potions_floor_spawned":[1,8,14,16,18,21],"killed_by":"Slavers","ascension_level":0}