{"gold_per_floor":[13,30,30,43,43,71,91,91,91,101,113,113,113,80,80,182,182,198,198,298,309,326,326,338,338,338,373,385,397,409,441,453,465],"floor_reached":33,"playtime":1370,"items_purged":[],"score":401,"play_id":"7ff20e89-47fd-4f99-8118-bac898f7ca4c","local_time":"20190328003128","is_ascension_mode":true,"campfire_choices":[{"floor":8,"key":"REST"},{"floor":13,"key":"REST"},{"floor":15,"key":"REST"},{"floor":23,"key":"REST"},{"floor":25,"key":"REST"},{"floor":28,"key":"REST"},{"data":"Amplify","floor":30,"key":"SMITH"},{"data":"Defragment","floor":32,"key":"SMITH"}],"neow_cost":"NO_GOLD","seed_source_timestamp":798842543951400,"circlet_count":0,"master_deck":["AscendersBane","Strike_B","Strike_B","Defend_B","Defend_B+1","Defend_B","Defend_B","Zap","Dualcast","Amplify+1","Compile Driver","Cold Snap","Conserve Battery","Streamline+1","Doom and Gloom","Capacitor","Coolheaded","Defragment+1","Chill","Electrodynamics","Barrage","Conserve Battery","Decay"],"special_seed":0,"relics":["Cracked Core","Gremlin Horn","Bronze Scales","Shuriken","Cursed Key","Bird Faced Urn","Singing Bowl","Darkstone Periapt","MawBank"],"potions_floor_usage":[20,20,27,33],"damage_taken":[{"damage":1.0,"enemies":"Cultist","floor":1.0,"turns":4.0},{"damage":6.0,"enemies":"Small Slimes","floor":2.0,"turns":4.0},{"damage":0.0,"enemies":"2 Louse","floor":4.0,"turns":2.0},{"damage":26.0,"enemies":"Gremlin Nob","floor":6.0,"turns":4.0},{"damage":12,"enemies":"Exordium Wildlife","floor":7,"turns":3},{"damage":11,"enemies":"Red Slaver","floor":10,"turns":3},{"damage":6,"enemies":"Blue Slaver","floor":11,"turns":4},{"damage":45,"enemies":"Slime Boss","floor":16,"turns":9},{"damage":9,"enemies":"Shell Parasite","floor":18,"turns":5},{"damage":18,"enemies":"Colosseum Slavers","floor":20,"turns":4},{"damage":13,"enemies":"Colosseum Nobs","floor":20,"turns":3},{"damage":11,"enemies":"Spheric Guardian","floor":21,"turns":4},{"damage":22,"enemies":"Snake Plant","floor":22,"turns":4},{"damage":16,"enemies":"Centurion and Healer","floor":24,"turns":6},{"damage":30,"enemies":"Book of Stabbing","floor":27,"turns":6},{"damage":16,"enemies":"Cultist and Chosen","floor":31,"turns":3},{"damage":57,"enemies":"Champ","floor":33,"turns":7}],"seed_played":"-2684788523851747647","potions_obtained":[{"floor":1.0,"key":"EssenceOfSteel"},{"floor":6.0,"key":"Swift Potion"},{"floor":7,"key":"Poison Potion"},{"floor":21,"key":"FairyPotion"},{"floor":27,"key":"AttackPotion"},{"floor":31,"key":"Energy Potion"}],"is_trial":false,"path_per_floor":["M","M","?","M","?","E","M","R","T","M","M","$","R","$","R","B",null,"M","?","?","M","M","R","M","R","T","E","R","?","R","M","R","B"],"character_chosen":"DEFECT","items_purchased":["Chill"],"campfire_rested":6,"item_purchase_floors":[14],"current_hp_per_floor":[67,61,58,58,43,17,5,27,27,16,10,10,32,32,54,9,59,50,50,21,18,11,34,26,50,50,28,52,52,52,48,48,0],"gold":465,"neow_bonus":"TRANSFORM_TWO_CARDS","is_prod":false,"is_daily":false,"chose_seed":false,"campfire_upgraded":2,"win_rate":0,"timestamp":1553747488,"path_taken":["M","?","?","M","?","E","M","R","T","M","M","?","R","$","R","BOSS","M","?","?","M","M","R","M","R","T","E","R","?","R","M","R","BOSS"],"build_version":"2019-01-23","purchased_purges":0,"victory":false,"max_hp_per_floor":[75,75,75,75,75,75,75,75,75,75,75,75,75,75,75,75,75,75,75,77,79,79,79,81,81,81,83,83,83,83,85,85,85],"card_choices":[{"not_picked":["Tempest","Rebound"],"picked":"Cold Snap","floor":1.0},{"not_picked":["Cold Snap","Lockon"],"picked":"Conserve Battery","floor":2.0},{"not_picked":["Leap","Melter"],"picked":"Streamline","floor":4.0},{"not_picked":["Fission","Steam Power"],"picked":"Doom and Gloom","floor":6.0},{"not_picked":["Hologram","Cold Snap"],"picked":"Capacitor","floor":7},{"not_picked":["Sweeping Beam","Turbo"],"picked":"Coolheaded","floor":10},{"not_picked":["Aggregate","Meteor Strike"],"picked":"Defragment","floor":11},{"not_picked":["Buffer","Multi-Cast"],"picked":"Electrodynamics","floor":16},{"not_picked":["Cold Snap","Hologram"],"picked":"Barrage","floor":18},{"not_picked":["Chaos","Skim","Hologram"],"picked":"Singing Bowl","floor":20},{"not_picked":["Blizzard","BootSequence","Electrodynamics"],"picked":"Singing Bowl","floor":21},{"not_picked":["Steam","Recycle"],"picked":"Conserve Battery","floor":22},{"not_picked":["Beam Cell","Compile Driver","Redo"],"picked":"Singing Bowl","floor":24},{"not_picked":["Reprogram","Rainbow","Double Energy"],"picked":"Singing Bowl","floor":27},{"not_picked":["Go for the Eyes","Streamline","Cold Snap"],"picked":"Singing Bowl","floor":31}],"player_experience":557086,"relics_obtained":[{"floor":6.0,"key":"Bronze Scales"},{"floor":9,"key":"Shuriken"},{"floor":20,"key":"Bird Faced Urn"},{"floor":20,"key":"Singing Bowl"},{"floor":26,"key":"Darkstone Periapt"},{"floor":27,"key":"MawBank"}],"event_choices":[{"damage_healed":0.0,"max_hp_gain":0.0,"max_hp_loss":0.0,"gold_gain":0.0,"event_name":"Scrap Ooze","player_choice":"Success","floor":3.0,"gold_loss":0.0,"damage_taken":3.0,"relics_obtained":["Gremlin Horn"]},{"damage_healed":0.0,"max_hp_gain":0.0,"max_hp_loss":0.0,"gold_gain":0.0,"event_name":"Shining Light","player_choice":"Entered Light","floor":5.0,"gold_loss":0.0,"damage_taken":15.0,"cards_upgraded":["Defend_B","Streamline"]},{"damage_healed":0,"gold_gain":0,"player_choice":"Ignored","damage_taken":0,"max_hp_gain":0,"max_hp_loss":0,"event_name":"Vampires","floor":19,"gold_loss":0},{"damage_healed":0,"gold_gain":0,"player_choice":"Fight","damage_taken":0,"max_hp_gain":0,"max_hp_loss":0,"event_name":"Colosseum","floor":20,"gold_loss":0},{"damage_healed":0,"gold_gain":0,"player_choice":"Fought Nobs","damage_taken":0,"max_hp_gain":0,"max_hp_loss":0,"event_name":"Colosseum","floor":20,"gold_loss":0},{"damage_healed":0,"gold_gain":0,"player_choice":"Ignored","damage_taken":0,"max_hp_gain":0,"max_hp_loss":0,"event_name":"Beggar","floor":29,"gold_loss":0}],"is_beta":false,"boss_relics":[{"not_picked":["Calling Bell","Lizard Tail"],"picked":"Cursed Key"}],"items_purged_floors":[],"is_endless":false,"potions_floor_spawned":[1,6,7,20,21,27,31],"killed_by":"Champ","ascension_level":10}