{"path_per_floor":["M","M","M","M","M","R","E","?","T","R","E","M","?","M","R","B",null,"M","M","M","$","?","E","R","?","T","M","$","M","M","M","R","B",null,"M","M"],"character_chosen":"THE_SILENT","items_purchased":["Apotheosis","Pantograph","Caltrops"],"gold_per_floor":[117,137,150,162,180,180,205,205,205,205,231,251,351,364,364,466,466,481,501,512,24,24,54,54,54,54,67,17,28,44,54,54,155,155,170,189],"floor_reached":37,"campfire_rested":2,"playtime":1672,"current_hp_per_floor":[59,59,58,53,48,54,45,45,45,51,37,44,44,44,52,42,70,40,39,42,42,65,18,49,49,49,44,44,42,45,15,46,65,70,44,15],"items_purged":["Strike_G"],"gold":189,"score":408,"play_id":"7f155010-2773-4c88-9376-2fe7109830dc","is_prod":false,"is_daily":false,"is_ascension_mode":false,"campfire_upgraded":3,"path_taken":["M","?","M","M","M","R","E","?","T","R","E","M","?","?","R","BOSS","M","M","?","$","?","E","R","?","T","M","?","?","?","M","R","BOSS","M","M","M"],"build_version":"2018-02-12-PROD1","purchased_purges":1,"victory":false,"master_deck":["Defend_G","Defend_G","Defend_G","Defend_G","Defend_G","Strike_G","Strike_G","Strike_G","Strike_G","Survivor","Neutralize","Poisoned Stab+1","Poisoned Stab","Catalyst+1","Noxious Fumes+1","Poisoned Stab","Dodge and Roll","Poisoned Stab","Dodge and Roll","Adrenaline","Catalyst","Apotheosis","Caltrops","Blur","Flying Knee","Backstab+1","Prepared+1","Dodge and Roll+1","Noxious Fumes"],"max_hp_per_floor":[70,70,70,70,70,70,70,70,70,70,70,70,70,70,70,70,70,70,70,70,70,70,70,70,70,70,70,70,70,70,70,70,70,70,70,70],"relics":["Eternal Feather","Bottled Lightning","Meat on the Bone","Bronze Scales","Runic Pyramid","Pantograph","Vajra","Smiling Mask","Black Star"],"card_choices":[{"not_picked":["Bane","Wraith Form"],"picked":"Poisoned Stab"},{"not_picked":["Flying Knee","Dodge and Roll"],"picked":"Poisoned Stab"},{"not_picked":["Slice","Finisher"],"picked":"Catalyst"},{"not_picked":["Footwork","Leg Sweep"],"picked":"Noxious Fumes"},{"not_picked":["Outmaneuver","Sucker Punch"],"picked":"Poisoned Stab"},{"not_picked":["Predator","Finisher"],"picked":"Dodge and Roll"},{"not_picked":["Dodge and Roll","Acrobatics"],"picked":"Poisoned Stab"},{"not_picked":["Storm of Steel","Poisoned Stab"],"picked":"Dodge and Roll"},{"not_picked":["Wraith Form","Phantasmal Killer"],"picked":"Adrenaline"},{"not_picked":["Dagger Throw","Well Laid Plans"],"picked":"Catalyst"},{"not_picked":["Prepared","Dagger Throw"],"picked":"Blur"},{"not_picked":["Deflect","A Thousand Cuts"],"picked":"Flying Knee"},{"not_picked":["Catalyst","Malaise"],"picked":"Backstab"},{"not_picked":["Dagger Spray","Poisoned Stab"],"picked":"Prepared"},{"not_picked":["Acrobatics","PiercingWail"],"picked":"Dodge and Roll"},{"not_picked":["Poisoned Stab","Sucker Punch"],"picked":"Noxious Fumes"}],"player_experience":91498,"potions_floor_usage":[7,11,16,16,20,27,30,35],"damage_taken":[{"damage":11,"enemies":"Blue Slaver","floor":1,"turns":6},{"damage":0,"enemies":"Cultist","floor":2,"turns":6},{"damage":1,"enemies":"Small Slimes","floor":3,"turns":3},{"damage":5,"enemies":"Looter","floor":4,"turns":4},{"damage":5,"enemies":"2 Fungi Beasts","floor":5,"turns":4},{"damage":9,"enemies":"Gremlin Nob","floor":7,"turns":4},{"damage":29,"enemies":"3 Sentries","floor":11,"turns":9},{"damage":5,"enemies":"Red Slaver","floor":12,"turns":3},{"damage":0,"enemies":"Looter","floor":14,"turns":3},{"damage":22,"enemies":"Hexaghost","floor":16,"turns":7},{"damage":30,"enemies":"Chosen","floor":18,"turns":6},{"damage":13,"enemies":"Spheric Guardian","floor":19,"turns":4},{"damage":9,"enemies":"Snake Plant","floor":20,"turns":4},{"damage":59,"enemies":"Slavers","floor":23,"turns":6},{"damage":5,"enemies":"Snecko","floor":27,"turns":6},{"damage":14,"enemies":"Centurion and Healer","floor":29,"turns":6},{"damage":9,"enemies":"Snake Plant","floor":30,"turns":4},{"damage":42,"enemies":"3 Cultists","floor":31,"turns":6},{"damage":5,"enemies":"Champ","floor":33,"turns":9},{"damage":47,"enemies":"Orb Walker","floor":35,"turns":6},{"damage":41,"enemies":"3 Darklings","floor":36,"turns":6},{"damage":17,"enemies":"4 Shapes","floor":37,"turns":1}],"event_choices":[{"event_name":"Liars Game","player_choice":"disagreed","floor":8,"damage_taken":0},{"event_name":"Golden Shrine","player_choice":"Pray","floor":13,"damage_taken":0},{"event_name":"The Library","player_choice":"Heal","floor":22,"damage_taken":0},{"event_name":"Addict","player_choice":"Ignored","floor":25,"damage_taken":0}],"boss_relics":[{"not_picked":["Velvet Choker","White Beast Statue"],"picked":"Runic Pyramid"},{"not_picked":["Astrolabe","Snecko Eye"],"picked":"Black Star"}],"potions_floor_spawned":[4,7,12,14,16,23,27,29,30,33,35,36],"seed_played":"3889009523630136314","killed_by":"4 Shapes","ascension_level":0,"is_trial":false}