{"gold_per_floor":[115,131,281,281,16,51,51,66,66,96,113,126,144,178,178,249,249,261,186,15,15,26,26,76,103,126,156,172,186,186,203,203,274,274,293,69,88,99,112,137,147,175,175,175,210,226,226,257,257,257,257,257,257,39,64,64],"floor_reached":57,"playtime":4336,"items_purged":["Turbo"],"score":3368,"play_id":"fbc8151b-baa9-429b-a290-72d61e42c99e","local_time":"20190414040330","is_ascension_mode":true,"campfire_choices":[{"data":"Loop","floor":7.0,"key":"SMITH"},{"data":"Blizzard","floor":15.0,"key":"SMITH"},{"data":"Biased Cognition","floor":23.0,"key":"SMITH"},{"data":"Defragment","floor":32.0,"key":"SMITH"},{"data":"Defragment","floor":44.0,"key":"SMITH"},{"data":"White Noise","floor":47,"key":"SMITH"},{"floor":49,"key":"RECALL"},{"data":"Seek","floor":53,"key":"SMITH"}],"neow_cost":"NONE","seed_source_timestamp":0,"circlet_count":0,"master_deck":["AscendersBane","Zap+1","Dualcast","Loop+1","Glacier","Compile Driver","Go for the Eyes","Glacier","Self Repair","Blizzard+1","Blizzard","Biased Cognition+1","Doom and Gloom","Amplify","Go for the Eyes","Genetic Algorithm","Core Surge","Seek+1","Seek","Hologram","BootSequence","Defragment+1","Cold Snap","Hologram+1","Defragment+1","Echo Form","Chaos+1","Chill","Hologram+1","Coolheaded+1","Glacier","White Noise+1","Fission","Glacier+1","Capacitor"],"special_seed":0,"relics":["Cracked Core","NeowsBlessing","Symbiotic Virus","Meat on the Bone","Bag of Marbles","Oddly Smooth Stone","Pandora\u0027s Box","Blood Vial","Darkstone Periapt","Centennial Puzzle","Boot","Sozu","Runic Capacitor","Ancient Tea Set","Smiling Mask","Pen Nib","Bottled Lightning","Calipers","Bag of Preparation","Vajra"],"potions_floor_usage":[],"damage_taken":[{"damage":0.0,"enemies":"Cultist","floor":1.0,"turns":1.0},{"damage":0.0,"enemies":"2 Louse","floor":2.0,"turns":1.0},{"damage":0.0,"enemies":"Lagavulin","floor":6.0,"turns":1.0},{"damage":7.0,"enemies":"Jaw Worm","floor":8.0,"turns":2.0},{"damage":2.0,"enemies":"Gremlin Nob","floor":10.0,"turns":3.0},{"damage":13.0,"enemies":"Exordium Wildlife","floor":11.0,"turns":7.0},{"damage":11.0,"enemies":"Gremlin Gang","floor":12.0,"turns":6.0},{"damage":10.0,"enemies":"3 Louse","floor":13.0,"turns":3.0},{"damage":10.0,"enemies":"3 Sentries","floor":14.0,"turns":11.0},{"damage":36.0,"enemies":"The Guardian","floor":16.0,"turns":13.0},{"damage":11.0,"enemies":"2 Thieves","floor":18.0,"turns":3.0},{"damage":6.0,"enemies":"3 Byrds","floor":22.0,"turns":5.0},{"damage":15.0,"enemies":"Slavers","floor":25.0,"turns":7.0},{"damage":34.0,"enemies":"Gremlin Leader","floor":27.0,"turns":11.0},{"damage":19.0,"enemies":"Centurion and Healer","floor":28.0,"turns":3.0},{"damage":6.0,"enemies":"Cultist and Chosen","floor":29.0,"turns":7.0},{"damage":7.0,"enemies":"Sentry and Sphere","floor":31.0,"turns":6.0},{"damage":10.0,"enemies":"Automaton","floor":33.0,"turns":13.0},{"damage":0.0,"enemies":"3 Shapes","floor":35.0,"turns":6.0},{"damage":16.0,"enemies":"3 Darklings","floor":37.0,"turns":5.0},{"damage":2.0,"enemies":"Maw","floor":38.0,"turns":5.0},{"damage":0.0,"enemies":"Jaw Worm Horde","floor":39.0,"turns":6.0},{"damage":52.0,"enemies":"Giant Head","floor":40.0,"turns":9.0},{"damage":20.0,"enemies":"3 Darklings","floor":41.0,"turns":5.0},{"damage":25.0,"enemies":"Nemesis","floor":42.0,"turns":11.0},{"damage":17,"enemies":"Giant Head","floor":45,"turns":9},{"damage":29,"enemies":"Transient","floor":46,"turns":6},{"damage":0,"enemies":"Nemesis","floor":48,"turns":7},{"damage":0,"enemies":"Donu and Deca","floor":50,"turns":8},{"damage":0,"enemies":"Awakened One","floor":51,"turns":13},{"damage":7,"enemies":"Shield and Spear","floor":55,"turns":7},{"damage":0,"enemies":"The Heart","floor":56,"turns":14}],"seed_played":"6947313981725094108","potions_obtained":[{"floor":1.0,"key":"SkillPotion"},{"floor":6.0,"key":"Fire Potion"},{"floor":10.0,"key":"FairyPotion"},{"floor":18.0,"key":"Regen Potion"},{"floor":27.0,"key":"Regen Potion"}],"is_trial":false,"path_per_floor":["M","M","?","?","$","E","R","M","T","E","M","M","M","E","R","B",null,"M","?","$","?","M","R","?","E","T","E","M","M","?","M","R","B",null,"M","$","M","M","M","E","M","E","T","R","E","M","R","E","R","B","B",null,"R","$","E","B",null],"character_chosen":"DEFECT","items_purchased":["Symbiotic Virus","Blood Vial","Runic Capacitor","Bag of Preparation"],"campfire_rested":0,"item_purchase_floors":[5,20,36,54],"current_hp_per_floor":[64,64,64,64,64,64,64,57,57,55,42,50,40,49,49,32,61,50,50,50,50,53,53,53,47,47,34,29,44,34,55,55,54,67,69,69,62,71,71,45,53,49,49,49,53,45,45,61,61,70,71,71,71,71,71,71],"gold":64,"neow_bonus":"THREE_ENEMY_KILL","is_prod":false,"is_daily":false,"chose_seed":false,"campfire_upgraded":7,"win_rate":0,"timestamp":1555207410,"path_taken":["M","M","?","?","?","E","R","M","T","E","?","M","?","E","R","BOSS","M","?","$","?","M","R","?","E","T","E","M","M","?","M","R","BOSS","M","$","?","M","M","E","M","E","T","R","E","M","R","E","R","BOSS","BOSS","R","$","E","BOSS"],"build_version":"2019-04-04","purchased_purges":1,"victory":true,"max_hp_per_floor":[71,71,71,71,71,71,71,71,71,71,71,71,71,71,71,71,71,71,71,71,71,71,71,71,71,71,71,71,71,71,71,71,71,71,71,71,71,71,71,71,71,71,71,71,71,71,71,71,71,71,71,71,71,71,71,71],"card_choices":[{"not_picked":["Heatsinks","Streamline"],"picked":"Loop","floor":1.0},{"not_picked":["Rip and Tear","Hologram"],"picked":"Glacier","floor":2.0},{"not_picked":["Undo","Static Discharge"],"picked":"Compile Driver","floor":6.0},{"not_picked":["Compile Driver","Reinforced Body"],"picked":"Go for the Eyes","floor":8.0},{"not_picked":["Hello World","Skim"],"picked":"Glacier","floor":10.0},{"not_picked":["Beam Cell","Static Discharge"],"picked":"Self Repair","floor":11.0},{"not_picked":["Leap","Go for the Eyes"],"picked":"Blizzard","floor":12.0},{"not_picked":["Melter","Redo"],"picked":"Blizzard","floor":13.0},{"not_picked":["Hello World","Double Energy","Scrape"],"picked":"SKIP","floor":14.0},{"not_picked":["Buffer","Multi-Cast"],"picked":"Biased Cognition","floor":16.0},{"not_picked":["Steam Power+1","Stack"],"picked":"Hologram","floor":18.0},{"not_picked":["Ball Lightning+1","Conserve Battery"],"picked":"BootSequence","floor":22.0},{"not_picked":["Leap","Barrage"],"picked":"Defragment","floor":25.0},{"not_picked":["Steam","Turbo"],"picked":"Cold Snap","floor":27.0},{"not_picked":["Reinforced Body","Multi-Cast","Sweeping Beam"],"picked":"SKIP","floor":28.0},{"not_picked":["Turbo","Aggregate"],"picked":"Hologram+1","floor":29.0},{"not_picked":["Aggregate","Cold Snap+1"],"picked":"Defragment","floor":31.0},{"not_picked":["Biased Cognition","Fission"],"picked":"Echo Form","floor":33.0},{"not_picked":["Ball Lightning","Sweeping Beam"],"picked":"Chaos+1","floor":35.0},{"not_picked":["Scrape+1","BootSequence","FTL"],"picked":"SKIP","floor":37.0},{"not_picked":["Static Discharge+1","Steam+1"],"picked":"Chill","floor":38.0},{"not_picked":["Cold Snap","Darkness"],"picked":"Hologram+1","floor":39.0},{"not_picked":["Turbo","Chaos"],"picked":"Coolheaded+1","floor":40.0},{"not_picked":["Rebound","Reboot"],"picked":"Glacier","floor":41.0},{"not_picked":["Gash","Tempest"],"picked":"White Noise","floor":42.0},{"not_picked":["Undo","Cold Snap"],"picked":"Fission","floor":45},{"not_picked":["Heatsinks+1","Genetic Algorithm+1"],"picked":"Glacier+1","floor":46},{"not_picked":["Coolheaded","Leap","Ball Lightning"],"picked":"SKIP","floor":48},{"not_picked":["Conserve Battery","Leap"],"picked":"Capacitor","floor":55}],"player_experience":1125047,"relics_obtained":[{"floor":6.0,"key":"Meat on the Bone"},{"floor":10.0,"key":"Bag of Marbles"},{"floor":14.0,"key":"Oddly Smooth Stone"},{"floor":25.0,"key":"Darkstone Periapt"},{"floor":26.0,"key":"Centennial Puzzle"},{"floor":27.0,"key":"Boot"},{"floor":40.0,"key":"Ancient Tea Set"},{"floor":42.0,"key":"Smiling Mask"},{"floor":43.0,"key":"Pen Nib"},{"floor":45,"key":"Bottled Lightning"},{"floor":48,"key":"Calipers"},{"floor":55,"key":"Vajra"}],"event_choices":[{"damage_healed":0.0,"max_hp_gain":0.0,"max_hp_loss":0.0,"gold_gain":150.0,"event_name":"Liars Game","player_choice":"AGREE","floor":3.0,"gold_loss":0.0,"damage_taken":0.0,"cards_obtained":["Doubt"]},{"damage_healed":0.0,"max_hp_gain":0.0,"max_hp_loss":0.0,"gold_gain":0.0,"event_name":"Living Wall","player_choice":"Grow","floor":4.0,"gold_loss":0.0,"damage_taken":0.0,"cards_upgraded":["Zap"]},{"cards_removed":["Doubt"],"damage_healed":0.0,"max_hp_gain":0.0,"max_hp_loss":0.0,"gold_gain":0.0,"event_name":"Beggar","player_choice":"Gave Gold","floor":19.0,"gold_loss":75.0,"damage_taken":0.0},{"damage_healed":0.0,"max_hp_gain":0.0,"max_hp_loss":0.0,"gold_gain":0.0,"event_name":"Vampires","player_choice":"Ignored","floor":21.0,"gold_loss":0.0,"damage_taken":0.0},{"damage_healed":0.0,"max_hp_gain":0.0,"max_hp_loss":0.0,"gold_gain":50.0,"event_name":"Nest","player_choice":"Stole From Cult","floor":24.0,"gold_loss":0.0,"damage_taken":0.0},{"damage_healed":0.0,"max_hp_gain":0.0,"max_hp_loss":0.0,"gold_gain":0.0,"event_name":"Wheel of Change","player_choice":"Damaged","floor":30.0,"gold_loss":0.0,"damage_taken":10.0}],"is_beta":true,"boss_relics":[{"not_picked":["FrozenCore","Tiny House"],"picked":"Pandora\u0027s Box"},{"not_picked":["Orrery","Busted Crown"],"picked":"Sozu"}],"items_purged_floors":[54],"is_endless":false,"potions_floor_spawned":[1,6,8,10,12,18,25,27,31,38,40,42],"ascension_level":20}