{"gold_per_floor":[115,115,115,127,127,127,163,163,163,199,215,215,180,205,205,295,295,320,85,85,108,141,141],"floor_reached":23,"playtime":849,"items_purged":[],"score":335,"play_id":"0506d226-834f-412c-8dd2-ca55fb1499f9","local_time":"20190422232545","is_ascension_mode":true,"campfire_choices":[{"data":"Zap","floor":6,"key":"SMITH"},{"floor":8,"key":"REST"},{"data":"Coolheaded","floor":15,"key":"SMITH"}],"neow_cost":"NONE","seed_source_timestamp":18473107096200,"circlet_count":0,"master_deck":["AscendersBane","Strike_B","Defend_B","Defend_B","Defend_B","Defend_B","Zap+1","Dualcast","Ball Lightning","Ball Lightning","Coolheaded+1","Steam","Creative AI","Biased Cognition+1","Reinforced Body+1","Skim+1","Leap","Amplify","Seek","Defragment+1","Coolheaded"],"relics":["Cracked Core","Golden Idol","Kunai","Matryoshka","Sundial","Ancient Tea Set","Astrolabe","Red Mask"],"potions_floor_usage":[10,16,23],"damage_taken":[{"damage":5,"enemies":"Cultist","floor":1,"turns":4},{"damage":2,"enemies":"Jaw Worm","floor":4,"turns":4},{"damage":25,"enemies":"3 Sentries","floor":7,"turns":6},{"damage":20,"enemies":"Gremlin Nob","floor":10,"turns":4},{"damage":9,"enemies":"2 Louse","floor":11,"turns":2},{"damage":0,"enemies":"2 Fungi Beasts","floor":14,"turns":2},{"damage":32,"enemies":"The Guardian","floor":16,"turns":12},{"damage":15,"enemies":"Spheric Guardian","floor":18,"turns":4},{"damage":0,"enemies":"Chosen","floor":21,"turns":3},{"damage":32,"enemies":"Masked Bandits","floor":22,"turns":4},{"damage":48,"enemies":"Gremlin Leader","floor":23,"turns":2}],"seed_played":"-9084413136514010107","potions_obtained":[{"floor":7,"key":"Weak Potion"},{"floor":11,"key":"Fire Potion"},{"floor":14,"key":"Regen Potion"},{"floor":18,"key":"GamblersBrew"}],"is_trial":false,"path_per_floor":["M","?","?","M","?","R","E","R","T","E","M","?","?","M","R","B",null,"M","$","?","M","?","E"],"character_chosen":"DEFECT","items_purchased":["Amplify","Seek"],"campfire_rested":1,"item_purchase_floors":[19,19],"current_hp_per_floor":[66,66,71,69,69,69,44,67,67,47,38,26,45,45,45,13,61,46,46,71,71,39,0],"gold":141,"neow_bonus":"TEN_PERCENT_HP_BONUS","is_prod":false,"is_daily":false,"chose_seed":false,"campfire_upgraded":2,"win_rate":0,"timestamp":1555989945,"path_taken":["M","?","?","M","?","R","E","R","T","E","M","?","?","M","R","BOSS","M","$","?","M","?","E"],"build_version":"2019-01-23","purchased_purges":0,"victory":false,"max_hp_per_floor":[78,78,83,83,77,77,77,77,77,77,77,77,77,77,77,77,77,77,77,77,77,77,77],"card_choices":[{"not_picked":["Barrage","Storm","Turbo"],"picked":"SKIP","floor":1},{"not_picked":["Turbo","Streamline"],"picked":"Ball Lightning","floor":4},{"not_picked":["Reboot","Beam Cell"],"picked":"Ball Lightning","floor":7},{"not_picked":["Blizzard","Chill"],"picked":"Coolheaded","floor":10},{"not_picked":["Streamline","Static Discharge"],"picked":"Steam","floor":11},{"not_picked":["Compile Driver","Fusion","Barrage"],"picked":"SKIP","floor":14},{"not_picked":["Multi-Cast","Biased Cognition"],"picked":"Creative AI","floor":16},{"not_picked":["Redo+1","Barrage"],"picked":"Leap","floor":18},{"not_picked":["Cold Snap+1","Gash"],"picked":"Defragment+1","floor":21},{"not_picked":["Aggregate","Steam"],"picked":"Coolheaded","floor":22}],"player_experience":615599,"relics_obtained":[{"floor":7,"key":"Kunai"},{"floor":9,"key":"Matryoshka"},{"floor":10,"key":"Sundial"},{"floor":22,"key":"Red Mask"}],"event_choices":[{"damage_healed":0,"gold_gain":0,"player_choice":"Ignored","damage_taken":0,"max_hp_gain":0,"max_hp_loss":0,"event_name":"Liars Game","floor":2,"gold_loss":0},{"damage_healed":0,"gold_gain":0,"player_choice":"Donut","damage_taken":0,"max_hp_gain":5,"max_hp_loss":0,"event_name":"Big Fish","floor":3,"gold_loss":0},{"damage_healed":0,"gold_gain":0,"player_choice":"Lose Max HP","damage_taken":0,"relics_obtained":["Golden Idol"],"max_hp_gain":0,"max_hp_loss":6,"event_name":"Golden Idol","floor":5,"gold_loss":0},{"damage_healed":0,"gold_gain":0,"player_choice":"Success","damage_taken":12,"relics_obtained":["Ancient Tea Set"],"max_hp_gain":0,"max_hp_loss":0,"event_name":"Scrap Ooze","floor":12,"gold_loss":0},{"damage_healed":19,"gold_gain":0,"player_choice":"Healed","damage_taken":0,"max_hp_gain":0,"max_hp_loss":0,"event_name":"The Cleric","floor":13,"gold_loss":35},{"damage_healed":25,"gold_gain":0,"player_choice":"Heal","damage_taken":0,"max_hp_gain":0,"max_hp_loss":0,"event_name":"The Library","floor":20,"gold_loss":0},{"damage_healed":0,"gold_gain":0,"player_choice":"Fought Bandits","damage_taken":0,"max_hp_gain":0,"max_hp_loss":0,"event_name":"Masked Bandits","floor":22,"gold_loss":0}],"is_beta":false,"boss_relics":[{"not_picked":["White Beast Statue","Philosopher\u0027s Stone"],"picked":"Astrolabe"}],"items_purged_floors":[],"is_endless":false,"potions_floor_spawned":[7,11,14,18,22],"killed_by":"Gremlin Leader","ascension_level":14}