{"gold_per_floor":[115,126,126,140,215,215,62,62,62,62,62,62,73,86,86,86],"floor_reached":16,"playtime":479,"items_purged":[],"score":108,"play_id":"cb847066-95d8-4b63-81ab-35cc0f16672f","local_time":"20190203131946","is_ascension_mode":true,"campfire_choices":[{"data":"Neutralize","floor":6,"key":"SMITH"},{"data":"Well Laid Plans","floor":8,"key":"SMITH"},{"data":"Backstab","floor":10,"key":"SMITH"},{"data":"Survivor","floor":12,"key":"SMITH"},{"data":"Dagger Spray","floor":15,"key":"SMITH"}],"neow_cost":"NONE","seed_source_timestamp":3645290984600,"circlet_count":0,"master_deck":["Defend_G","Defend_G","Defend_G","Defend_G","Defend_G","Strike_G","Strike_G","Strike_G","Strike_G","Strike_G","Survivor+1","Neutralize+1","Backstab+1","Well Laid Plans+1","Acrobatics+1","Reflex","Dagger Spray+1"],"relics":["Ring of the Snake","NeowsBlessing","Bag of Preparation","Juzu Bracelet","Letter Opener"],"potions_floor_usage":[],"damage_taken":[{"damage":0,"enemies":"Small Slimes","floor":1,"turns":1},{"damage":0,"enemies":"2 Louse","floor":2,"turns":1},{"damage":0,"enemies":"Cultist","floor":4,"turns":1},{"damage":1,"enemies":"Red Slaver","floor":13,"turns":4},{"damage":7,"enemies":"Large Slime","floor":14,"turns":7},{"damage":66,"enemies":"Slime Boss","floor":16,"turns":12}],"seed_played":"6608121816522450771","potions_obtained":[{"floor":1,"key":"SteroidPotion"},{"floor":2,"key":"FairyPotion"}],"is_trial":false,"path_per_floor":["M","M","?","M","?","R","$","R","T","R","?","R","M","M","R","B"],"character_chosen":"THE_SILENT","items_purchased":["Juzu Bracelet"],"campfire_rested":0,"item_purchase_floors":[7],"current_hp_per_floor":[70,70,67,67,56,56,56,56,56,56,56,56,55,48,48,0],"gold":86,"neow_bonus":"THREE_ENEMY_KILL","is_prod":false,"is_daily":false,"chose_seed":false,"campfire_upgraded":5,"win_rate":0,"timestamp":1549217986,"path_taken":["M","M","?","M","?","R","$","R","T","R","?","R","M","M","R","BOSS"],"build_version":"2019-01-23","purchased_purges":0,"victory":false,"max_hp_per_floor":[70,70,70,70,70,70,70,70,70,70,70,70,70,70,70,70],"card_choices":[{"not_picked":["Poisoned Stab","Sucker Punch"],"picked":"Backstab","floor":1},{"not_picked":["PiercingWail","Prepared"],"picked":"Well Laid Plans","floor":2},{"not_picked":["Deflect","Prepared"],"picked":"Acrobatics","floor":4},{"not_picked":["Poisoned Stab","Well Laid Plans"],"picked":"Reflex","floor":13},{"not_picked":["Flying Knee","Quick Slash"],"picked":"Dagger Spray","floor":14}],"player_experience":366935,"relics_obtained":[{"floor":9,"key":"Letter Opener"}],"event_choices":[{"damage_healed":0,"gold_gain":0,"player_choice":"Success","damage_taken":3,"relics_obtained":["Bag of Preparation"],"max_hp_gain":0,"max_hp_loss":0,"event_name":"Scrap Ooze","floor":3,"gold_loss":0},{"damage_healed":0,"gold_gain":75,"player_choice":"Gather Gold","damage_taken":11,"max_hp_gain":0,"max_hp_loss":0,"event_name":"World of Goop","floor":5,"gold_loss":0},{"damage_healed":0,"gold_gain":0,"player_choice":"Grow","damage_taken":0,"max_hp_gain":0,"max_hp_loss":0,"event_name":"Living Wall","floor":11,"gold_loss":0,"cards_upgraded":["Acrobatics"]}],"is_beta":false,"boss_relics":[],"items_purged_floors":[],"is_endless":false,"potions_floor_spawned":[1,2],"killed_by":"Slime Boss","ascension_level":4}