{"gold_per_floor":[118,194,211,224,239,239,239,239,239,254,254,270,345,362,362,362],"floor_reached":16,"playtime":551,"items_purged":[],"score":103,"play_id":"87ef2601-01ea-4125-a52f-337e2d64278e","local_time":"20181212165543","is_ascension_mode":true,"campfire_choices":[{"data":"Heavy Blade","floor":6,"key":"SMITH"},{"data":"Spot Weakness","floor":11,"key":"SMITH"},{"floor":15,"key":"REST"}],"neow_cost":"TEN_PERCENT_HP_LOSS","seed_source_timestamp":3813222073000,"circlet_count":0,"master_deck":["Strike_R","Strike_R","Strike_R","Strike_R","Strike_R","Defend_R","Defend_R","Defend_R","Defend_R","Bash","Heavy Blade+1","Cleave","Spot Weakness+1","Infernal Blade","Spot Weakness"],"relics":["Burning Blood","Nunchaku","Kunai","Mummified Hand","The Courier"],"potions_floor_usage":[14,14,14],"damage_taken":[{"damage":6,"enemies":"Cultist","floor":1,"turns":4},{"damage":1,"enemies":"2 Louse","floor":3,"turns":3},{"damage":8,"enemies":"Jaw Worm","floor":4,"turns":4},{"damage":11,"enemies":"Looter","floor":5,"turns":2},{"damage":14,"enemies":"Blue Slaver","floor":10,"turns":4},{"damage":17,"enemies":"Lots of Slimes","floor":12,"turns":4},{"damage":28,"enemies":"Exordium Thugs","floor":14,"turns":3},{"damage":40,"enemies":"The Guardian","floor":16,"turns":9}],"seed_played":"48290273046976424","potions_obtained":[{"floor":4,"key":"Regen Potion"},{"floor":10,"key":"Poison Potion"},{"floor":12,"key":"Dexterity Potion"}],"is_trial":false,"path_per_floor":["M","T","M","M","M","R","?","$","T","M","R","M","?","M","R","B"],"character_chosen":"IRONCLAD","items_purchased":[],"campfire_rested":1,"item_purchase_floors":[],"current_hp_per_floor":[72,72,72,70,65,65,58,58,58,50,50,39,28,15,36,0],"gold":362,"neow_bonus":"ONE_RARE_RELIC","is_prod":false,"is_daily":false,"chose_seed":false,"campfire_upgraded":2,"win_rate":0,"timestamp":1544651743,"path_taken":["M","?","M","M","M","R","?","?","T","M","R","M","?","M","R","BOSS"],"build_version":"2018-12-11","purchased_purges":0,"victory":false,"max_hp_per_floor":[72,72,72,72,72,72,72,72,72,72,72,72,72,72,72,72],"card_choices":[{"not_picked":["Wild Strike","Headbutt"],"picked":"Heavy Blade","floor":1},{"not_picked":["Wild Strike","Clothesline","Twin Strike"],"picked":"SKIP","floor":3},{"not_picked":["Clash","Heavy Blade","Wild Strike"],"picked":"SKIP","floor":4},{"not_picked":["Iron Wave","Clash"],"picked":"Cleave","floor":5},{"not_picked":["Evolve","Flame Barrier"],"picked":"Spot Weakness","floor":10},{"not_picked":["Metallicize","Sword Boomerang"],"picked":"Infernal Blade","floor":12},{"not_picked":["Seeing Red","Rupture"],"picked":"Spot Weakness","floor":14}],"player_experience":298890,"relics_obtained":[{"floor":2,"key":"Kunai"},{"floor":9,"key":"The Courier"}],"event_choices":[{"damage_healed":0,"gold_gain":0,"player_choice":"Success","damage_taken":7,"relics_obtained":["Mummified Hand"],"max_hp_gain":0,"max_hp_loss":0,"event_name":"Scrap Ooze","floor":7,"gold_loss":0},{"damage_healed":0,"gold_gain":75,"player_choice":"Gather Gold","damage_taken":11,"max_hp_gain":0,"max_hp_loss":0,"event_name":"World of Goop","floor":13,"gold_loss":0}],"is_beta":true,"boss_relics":[],"items_purged_floors":[],"is_endless":false,"potions_floor_spawned":[4,10,12],"killed_by":"The Guardian","ascension_level":2}