{"gold_per_floor":[113,35,35,35,54,83,83,97,120,147,147,166,195,215,215,315,315,333,353,353,110,110,110,145,145],"floor_reached":25,"playtime":992,"items_purged":[],"score":290,"play_id":"ae644530-4dbd-459d-9fe4-90e39bdece68","local_time":"20190110172719","is_ascension_mode":true,"campfire_choices":[{"data":"Inflame","floor":7,"key":"SMITH"},{"data":"Heavy Blade","floor":11,"key":"SMITH"},{"data":"Rupture","floor":15,"key":"SMITH"},{"data":"Armaments","floor":23,"key":"SMITH"}],"neow_cost":"NONE","seed_source_timestamp":9535551562600,"circlet_count":0,"master_deck":["Bash","Rupture+1","Inflame+1","Heavy Blade+1","Sword Boomerang","Corruption","Spot Weakness","Pummel","Cleave","Reaper","Brutality","Offering","Carnage","Clothesline","Demon Form","Dark Embrace","Bludgeon","Berserk","Ghostly Armor+1","Shrug It Off","Flame Barrier","Armaments+1","Armaments"],"relics":["Burning Blood","NeowsBlessing","Dream Catcher","Anchor","Boot","Dodecahedron","Pandora\u0027s Box","Bag of Marbles","Turnip"],"potions_floor_usage":[12,16,16,24,25,25],"damage_taken":[{"damage":0,"enemies":"Cultist","floor":1,"turns":1},{"damage":1,"enemies":"2 Louse","floor":5,"turns":2},{"damage":0,"enemies":"Lagavulin","floor":6,"turns":1},{"damage":5,"enemies":"Small Slimes","floor":8,"turns":3},{"damage":6,"enemies":"Gremlin Nob","floor":10,"turns":3},{"damage":0,"enemies":"Exordium Thugs","floor":12,"turns":2},{"damage":39,"enemies":"3 Sentries","floor":13,"turns":8},{"damage":0,"enemies":"Large Slime","floor":14,"turns":3},{"damage":46,"enemies":"The Guardian","floor":16,"turns":7},{"damage":24,"enemies":"3 Byrds","floor":18,"turns":4},{"damage":28,"enemies":"Spheric Guardian","floor":19,"turns":4},{"damage":90,"enemies":"Gremlin Leader","floor":24,"turns":9},{"damage":13,"enemies":"Snecko","floor":25,"turns":3}],"seed_played":"2387804893706483122","potions_obtained":[{"floor":1,"key":"Explosive Potion"},{"floor":5,"key":"Dexterity Potion"},{"floor":10,"key":"Weak Potion"},{"floor":14,"key":"Weak Potion"},{"floor":18,"key":"FearPotion"},{"floor":24,"key":"Poison Potion"}],"is_trial":false,"path_per_floor":["M","$","?","?","M","E","R","M","T","E","R","M","E","M","R","B",null,"M","M","?","$","?","R","E","M"],"character_chosen":"IRONCLAD","items_purchased":["Inflame","Flame Barrier","Armaments","Bag of Marbles"],"campfire_rested":0,"item_purchase_floors":[2,21,21,21],"current_hp_per_floor":[80,80,80,80,80,80,80,80,80,80,80,80,47,53,53,13,80,68,46,90,90,81,81,13,0],"gold":145,"neow_bonus":"THREE_ENEMY_KILL","is_prod":false,"is_daily":false,"chose_seed":false,"campfire_upgraded":4,"win_rate":0,"timestamp":1547159239,"path_taken":["M","?","?","?","M","E","R","?","T","E","R","M","E","M","R","BOSS","M","M","?","$","?","R","E","?"],"build_version":"2019-01-03v4","purchased_purges":0,"victory":false,"max_hp_per_floor":[80,80,80,80,80,80,80,80,80,80,80,80,80,80,80,80,80,80,80,90,90,90,90,90,90],"card_choices":[{"not_picked":["Entrench","Havoc"],"picked":"Rupture","floor":1},{"not_picked":["Second Wind","Twin Strike"],"picked":"Heavy Blade","floor":5},{"not_picked":["Anger","Clash"],"picked":"Sword Boomerang","floor":6},{"not_picked":["Spot Weakness","Inflame"],"picked":"Corruption","floor":8},{"not_picked":["Thunderclap","Pommel Strike"],"picked":"Spot Weakness","floor":10},{"not_picked":["True Grit","Flex"],"picked":"Pummel","floor":12},{"not_picked":["Evolve","Uppercut"],"picked":"Offering","floor":13},{"not_picked":["Body Slam","Dropkick"],"picked":"Cleave","floor":14},{"not_picked":["Exhume","Barricade"],"picked":"Reaper","floor":16},{"not_picked":["Anger","Second Wind+1"],"picked":"Ghostly Armor+1","floor":18},{"not_picked":["Seeing Red+1","True Grit"],"picked":"Shrug It Off","floor":19},{"not_picked":["Clothesline","Havoc"],"picked":"Armaments","floor":24}],"player_experience":333964,"relics_obtained":[{"floor":6,"key":"Dream Catcher"},{"floor":9,"key":"Anchor"},{"floor":10,"key":"Boot"},{"floor":13,"key":"Dodecahedron"},{"floor":24,"key":"Turnip"}],"event_choices":[{"damage_healed":0,"gold_gain":0,"player_choice":"Ignored","damage_taken":0,"max_hp_gain":0,"max_hp_loss":0,"event_name":"Liars Game","floor":3,"gold_loss":0},{"cards_removed":["Strike_R"],"damage_healed":0,"gold_gain":0,"player_choice":"Purged","damage_taken":0,"max_hp_gain":0,"max_hp_loss":0,"event_name":"Purifier","floor":4,"gold_loss":0},{"cards_removed":["Offering"],"damage_healed":34,"gold_gain":0,"player_choice":"Offered Rare","damage_taken":0,"max_hp_gain":10,"max_hp_loss":0,"event_name":"Bonfire Elementals","floor":20,"gold_loss":0},{"damage_healed":0,"gold_gain":0,"player_choice":"Damaged","damage_taken":9,"max_hp_gain":0,"max_hp_loss":0,"event_name":"Wheel of Change","floor":22,"gold_loss":0}],"is_beta":false,"boss_relics":[{"not_picked":["Empty Cage","Calling Bell"],"picked":"Pandora\u0027s Box"}],"items_purged_floors":[],"is_endless":false,"potions_floor_spawned":[1,5,10,14,18,24],"killed_by":"Snecko","ascension_level":2}