{"path_per_floor":["M","?","M","T","M","M","M","M","T","?","$","M","M","M","R","B",null,"M","M","M","M","?","R","E","M","T","$","M","?","M"],"character_chosen":"DEFECT","items_purchased":["Pen Nib","Magnetism"],"gold_per_floor":[119,119,131,131,147,133,150,164,164,164,17,33,45,60,60,156,156,175,162,182,197,197,197,222,240,240,56,68,68,88,88],"floor_reached":31,"campfire_rested":1,"playtime":1351,"current_hp_per_floor":[64,39,38,38,35,29,25,29,29,29,29,33,39,38,38,37,75,75,54,64,40,40,62,53,58,72,72,59,59,41,0],"items_purged":[],"gold":88,"score":257,"play_id":"02a43ad3-6441-472c-9c56-65cf30f82820","local_time":"20180501210842","is_prod":false,"is_daily":false,"chose_seed":false,"is_ascension_mode":false,"campfire_upgraded":1,"timestamp":1525223322,"path_taken":["M","?","M","?","M","M","M","?","T","?","?","M","M","M","R","BOSS","M","M","M","M","?","R","E","M","T","$","M","?","M","E"],"build_version":"2018-05-01","seed_source_timestamp":208901259308801,"purchased_purges":0,"victory":false,"master_deck":["Strike_B","Strike_B","Strike_B","Defend_B","Defend_B","Defend_B","Defend_B","Zap","Dualcast","Leap","Capacitor","Buffer+1","Sunder+1","Auto Shields","Storm+1","Leap","Leap","Amplify","Storm+1","Biased Cognition+1","Consume+1","Magnetism+1","Hello World+1","Tempest+1"],"max_hp_per_floor":[75,75,75,75,75,75,75,75,75,75,75,75,75,75,75,75,75,75,75,75,75,75,75,75,75,89,89,89,89,89,89],"relics":["Cracked Core","Bird Faced Urn","Frozen Egg 2","Gremlin Horn","Pen Nib","Runic Pyramid","Lantern","Mango"],"card_choices":[{"not_picked":["Turbo","Melter"],"picked":"Leap","floor":1},{"not_picked":["Melter","Skim"],"picked":"Capacitor","floor":3},{"not_picked":["Coolheaded","Capacitor"],"picked":"Buffer","floor":5},{"not_picked":["Beam Cell","Coolheaded"],"picked":"Sunder","floor":6},{"not_picked":["Coolheaded","Barrage"],"picked":"Auto Shields","floor":8},{"not_picked":["Flux Capacitor","Axe Kick"],"picked":"Storm","floor":12},{"not_picked":["All For One","Rip and Tear"],"picked":"Leap","floor":13},{"not_picked":["Beam Cell","Hologram"],"picked":"Leap","floor":14},{"not_picked":["Rainbow","Prime"],"picked":"Amplify","floor":16},{"not_picked":["Ball Lightning","Hologram"],"picked":"Storm","floor":18},{"not_picked":["Streamline","Hologram"],"picked":"Consume","floor":24},{"not_picked":["Hologram","Go for the Eyes"],"picked":"Hello World","floor":28},{"not_picked":["Gash","Hologram"],"picked":"Tempest","floor":30}],"player_experience":182719,"potions_floor_usage":[13,16,16,16,30,30],"damage_taken":[{"damage":11,"enemies":"2 Louse","floor":1,"turns":3},{"damage":1,"enemies":"Jaw Worm","floor":3,"turns":4},{"damage":5,"enemies":"Small Slimes","floor":5,"turns":4},{"damage":10,"enemies":"Exordium Thugs","floor":6,"turns":5},{"damage":8,"enemies":"Red Slaver","floor":7,"turns":4},{"damage":0,"enemies":"2 Fungi Beasts","floor":8,"turns":4},{"damage":0,"enemies":"Exordium Thugs","floor":12,"turns":6},{"damage":0,"enemies":"Exordium Wildlife","floor":13,"turns":5},{"damage":7,"enemies":"Blue Slaver","floor":14,"turns":4},{"damage":7,"enemies":"Slime Boss","floor":16,"turns":12},{"damage":0,"enemies":"Spheric Guardian","floor":18,"turns":4},{"damage":21,"enemies":"2 Thieves","floor":19,"turns":4},{"damage":0,"enemies":"Snake Plant","floor":20,"turns":3},{"damage":36,"enemies":"Sentry and Sphere","floor":21,"turns":6},{"damage":21,"enemies":"Book of Stabbing","floor":24,"turns":5},{"damage":5,"enemies":"Snecko","floor":25,"turns":5},{"damage":21,"enemies":"Snake Plant","floor":28,"turns":2},{"damage":28,"enemies":"Slaver and Parasite","floor":30,"turns":4},{"damage":57,"enemies":"Slavers","floor":31,"turns":4}],"event_choices":[{"event_name":"Scrap Ooze","player_choice":"success","floor":2,"damage_taken":25},{"event_name":"Bonfire Elementals","player_choice":"BASIC","floor":10,"damage_taken":0},{"event_name":"Match and Keep!","player_choice":"1 cards matched","floor":22,"damage_taken":0},{"event_name":"Ghosts","player_choice":"Ignored","floor":29,"damage_taken":0}],"boss_relics":[{"not_picked":["Snecko Eye","Black Star"],"picked":"Runic Pyramid"}],"potions_floor_spawned":[7,8,12,14,25,28],"seed_played":"-7951964804012314288","killed_by":"Slavers","ascension_level":0,"is_trial":false}