{"gold_per_floor":[119,129,129,148,166,193,193,227,227,227,1,1,17,28,28,28],"floor_reached":16,"playtime":753,"items_purged":[],"score":134,"play_id":"dff61035-3e65-4be6-ace7-f9198cb69b38","local_time":"20190124222339","is_ascension_mode":true,"campfire_choices":[{"floor":7.0,"key":"REST"},{"floor":10.0,"key":"REST"},{"data":"Loop","floor":15.0,"key":"SMITH"}],"neow_cost":"NONE","seed_source_timestamp":11764455314832,"circlet_count":0,"master_deck":["Strike_B","Strike_B","Strike_B","Strike_B","Defend_B","Defend_B","Defend_B","Defend_B","Zap","Dualcast","Streamline","Go for the Eyes","Leap","Storm","Chaos","FTL","Barrage","Heatsinks","Loop+1","Hello World","Static Discharge"],"special_seed":0,"relics":["Cracked Core","PreservedInsect","Thread and Needle","Unceasing Top","Membership Card","Ornamental Fan"],"potions_floor_usage":[16,16],"damage_taken":[{"damage":6.0,"enemies":"Cultist","floor":1.0,"turns":3.0},{"damage":7.0,"enemies":"Jaw Worm","floor":2.0,"turns":3.0},{"damage":4.0,"enemies":"Small Slimes","floor":4.0,"turns":3.0},{"damage":0.0,"enemies":"Exordium Wildlife","floor":5.0,"turns":1.0},{"damage":30.0,"enemies":"Lagavulin","floor":6.0,"turns":5.0},{"damage":23.0,"enemies":"3 Sentries","floor":8.0,"turns":6.0},{"damage":2.0,"enemies":"2 Fungi Beasts","floor":13.0,"turns":4.0},{"damage":0.0,"enemies":"Large Slime","floor":14.0,"turns":4.0},{"damage":43,"enemies":"The Guardian","floor":16,"turns":9}],"seed_played":"5649576227480132732","potions_obtained":[{"floor":2.0,"key":"EntropicBrew"},{"floor":4.0,"key":"Explosive Potion"},{"floor":5.0,"key":"Poison Potion"},{"floor":6.0,"key":"Block Potion"}],"is_trial":false,"path_per_floor":["M","M","?","M","M","E","R","E","T","R","$","?","M","M","R","B"],"character_chosen":"DEFECT","items_purchased":["Membership Card","Loop"],"campfire_rested":2,"item_purchase_floors":[11,11],"current_hp_per_floor":[69,62,62,58,58,28,50,27,27,49,49,42,40,40,40,0],"gold":28,"neow_bonus":"THREE_CARDS","is_prod":false,"is_daily":false,"chose_seed":false,"campfire_upgraded":1,"win_rate":0,"timestamp":1548386619,"path_taken":["M","?","?","M","M","E","R","E","T","R","?","?","M","M","R","BOSS"],"build_version":"2019-01-23","purchased_purges":0,"victory":false,"max_hp_per_floor":[75,75,75,75,75,75,75,75,75,75,75,75,75,75,75,75],"card_choices":[{"not_picked":["Stack","Tempest"],"picked":"Streamline","floor":0.0},{"not_picked":["Turbo","Force Field"],"picked":"Go for the Eyes","floor":1.0},{"not_picked":["Tempest","Streamline"],"picked":"Leap","floor":2.0},{"not_picked":["Aggregate","Scrape"],"picked":"Chaos","floor":4.0},{"not_picked":["Aggregate","Steam Power"],"picked":"FTL","floor":5.0},{"not_picked":["Storm","Meteor Strike"],"picked":"Barrage","floor":6.0},{"not_picked":["Turbo","Force Field"],"picked":"Heatsinks","floor":8.0},{"not_picked":["Cold Snap","Beam Cell"],"picked":"Hello World","floor":13.0},{"not_picked":["Coolheaded","Recycle"],"picked":"Static Discharge","floor":14.0}],"player_experience":157182,"relics_obtained":[{"floor":6.0,"key":"PreservedInsect"},{"floor":8.0,"key":"Thread and Needle"},{"floor":9.0,"key":"Unceasing Top"}],"event_choices":[{"damage_healed":0.0,"max_hp_gain":0.0,"max_hp_loss":0.0,"gold_gain":0.0,"event_name":"Match and Keep!","player_choice":"1 cards matched","floor":3.0,"gold_loss":0.0,"damage_taken":0.0,"cards_obtained":["Storm"]},{"damage_healed":0.0,"max_hp_gain":0.0,"max_hp_loss":0.0,"gold_gain":0.0,"event_name":"Scrap Ooze","player_choice":"Success","floor":12.0,"gold_loss":0.0,"damage_taken":7.0,"relics_obtained":["Ornamental Fan"]}],"is_beta":false,"boss_relics":[],"items_purged_floors":[],"is_endless":false,"potions_floor_spawned":[2,4,5,6],"killed_by":"The Guardian","ascension_level":4}