{"gold_per_floor":[109,109,120,133,208,208,281,281,349,362,382,382,393,422,422,526,526,466,466,206,206,206,206,206,206],"floor_reached":25,"playtime":1073,"items_purged":[],"score":223,"play_id":"4914bc1a-ae87-4ee5-b49b-acf58132b636","local_time":"20181222033433","is_ascension_mode":true,"campfire_choices":[{"data":"Masterful Stab","floor":6,"key":"SMITH"},{"data":"Neutralize","floor":8,"key":"SMITH"},{"floor":12,"key":"REST"},{"floor":15,"key":"REST"},{"data":"Finisher","floor":23,"key":"SMITH"}],"neow_cost":"NONE","seed_source_timestamp":21783793908600,"circlet_count":0,"master_deck":["Defend_G","Defend_G","Defend_G","Defend_G","Defend_G","Strike_G","Strike_G","Strike_G","Strike_G","Survivor","Neutralize+1","Footwork+1","Cloak And Dagger+1","Caltrops","Masterful Stab+1","Blade Dance","Cloak And Dagger","Blade Dance","Bullet Time+1","Night Terror+1","Finisher+1","Caltrops+1","Masterful Stab"],"relics":["Ring of the Snake","Question Card","Toxic Egg 2","Ectoplasm","Frozen Egg 2"],"potions_floor_usage":[11,14,16,24,24,24,24,25],"damage_taken":[{"damage":0,"enemies":"Small Slimes","floor":1,"turns":5},{"damage":0,"enemies":"Jaw Worm","floor":3,"turns":5},{"damage":0,"enemies":"Cultist","floor":4,"turns":3},{"damage":0,"enemies":"Blue Slaver","floor":10,"turns":3},{"damage":13,"enemies":"Exordium Thugs","floor":11,"turns":5},{"damage":1,"enemies":"Large Slime","floor":13,"turns":5},{"damage":21,"enemies":"Lagavulin","floor":14,"turns":8},{"damage":50,"enemies":"Hexaghost","floor":16,"turns":16},{"damage":2,"enemies":"2 Thieves","floor":18,"turns":4},{"damage":3,"enemies":"Shell Parasite","floor":22,"turns":5},{"damage":4,"enemies":"Shelled Parasite and Fungi","floor":24,"turns":6},{"damage":58,"enemies":"Gremlin Leader","floor":25,"turns":9}],"seed_played":"-3850305978771996602","potions_obtained":[{"floor":3,"key":"GamblersBrew"},{"floor":10,"key":"GamblersBrew"},{"floor":13,"key":"Fruit Juice"},{"floor":16,"key":"GhostInAJar"},{"floor":18,"key":"FearPotion"},{"floor":21,"key":"EntropicBrew"},{"floor":21,"key":"Dexterity Potion"}],"is_trial":false,"path_per_floor":["M","?","M","M","?","R","?","R","T","M","M","R","M","E","R","B",null,"M","?","$","?","M","R","M","E"],"character_chosen":"THE_SILENT","items_purchased":["Frozen Egg 2"],"campfire_rested":2,"item_purchase_floors":[20],"current_hp_per_floor":[70,56,56,56,45,45,45,45,45,45,32,53,52,36,58,8,75,73,59,59,59,56,56,52,0],"gold":206,"neow_bonus":"TRANSFORM_CARD","is_prod":false,"is_daily":false,"chose_seed":false,"campfire_upgraded":3,"win_rate":0,"timestamp":1545467673,"path_taken":["M","?","M","M","?","R","?","R","T","M","M","R","M","E","R","BOSS","M","?","$","?","M","R","?","E"],"build_version":"2018-12-20","purchased_purges":0,"victory":false,"max_hp_per_floor":[70,70,70,70,70,70,70,70,70,70,70,70,70,75,75,75,75,75,80,80,80,80,80,80,80],"card_choices":[{"not_picked":["Backflip","Slice"],"picked":"Cloak And Dagger","floor":1},{"not_picked":["PiercingWail","Deadly Poison"],"picked":"Caltrops","floor":3},{"not_picked":["Acrobatics","Cloak And Dagger"],"picked":"Masterful Stab","floor":4},{"not_picked":["Poisoned Stab","Leg Sweep","Sucker Punch"],"picked":"Blade Dance","floor":10},{"not_picked":["Deadly Poison","Calculated Gamble","Outmaneuver"],"picked":"Cloak And Dagger","floor":11},{"not_picked":["PiercingWail","Prepared","Quick Slash"],"picked":"Blade Dance","floor":13},{"not_picked":["Prepared","Caltrops","Riddle With Holes"],"picked":"Bullet Time","floor":14},{"not_picked":["Malaise+1","Bullet Time+1","Unload"],"picked":"Night Terror+1","floor":16},{"not_picked":["Backflip+1","Deflect+1","Bane+1"],"picked":"Finisher","floor":18},{"not_picked":["Well Laid Plans+1","Crippling Poison+1","Quick Slash"],"picked":"Caltrops+1","floor":22},{"not_picked":["Poisoned Stab","Tactician+1","Outmaneuver+1"],"picked":"Masterful Stab","floor":24}],"player_experience":317022,"relics_obtained":[{"floor":9,"key":"Question Card"},{"floor":14,"key":"Toxic Egg 2"}],"event_choices":[{"damage_healed":0,"gold_gain":0,"player_choice":"Entered Light","damage_taken":14,"max_hp_gain":0,"max_hp_loss":0,"event_name":"Shining Light","floor":2,"gold_loss":0,"cards_upgraded":["Footwork","Cloak And Dagger"]},{"damage_healed":0,"gold_gain":75,"player_choice":"Gather Gold","damage_taken":11,"max_hp_gain":0,"max_hp_loss":0,"event_name":"World of Goop","floor":5,"gold_loss":0},{"damage_healed":0,"gold_gain":73,"player_choice":"Gained Gold","damage_taken":0,"max_hp_gain":0,"max_hp_loss":0,"event_name":"Golden Wing","floor":7,"gold_loss":0},{"damage_healed":0,"gold_gain":0,"player_choice":"Shed Blood","damage_taken":19,"max_hp_gain":5,"max_hp_loss":0,"event_name":"Forgotten Altar","floor":19,"gold_loss":0},{"damage_healed":0,"gold_gain":0,"player_choice":"Got Potions","damage_taken":0,"max_hp_gain":0,"max_hp_loss":0,"event_name":"Lab","floor":21,"gold_loss":0}],"is_beta":false,"boss_relics":[{"not_picked":["Snecko Eye","Ring of the Serpent"],"picked":"Ectoplasm"}],"items_purged_floors":[],"is_endless":false,"potions_floor_spawned":[3,10,13,16,18,22],"killed_by":"Gremlin Leader","ascension_level":2}