{"gold_per_floor":[110,120,120,136,86,86,11,11,37,37,37,37,66,86,86,215,215,235,235,235,0,0],"floor_reached":22,"playtime":526,"items_purged":["Strike_R"],"score":170,"play_id":"3ccf4657-e665-4cab-b231-e50588a47029","local_time":"20190208005532","is_ascension_mode":false,"campfire_choices":[{"data":"Clash","floor":6,"key":"SMITH"},{"data":"Bash","floor":8,"key":"SMITH"},{"floor":12,"key":"REST"},{"data":"Rampage","floor":15,"key":"SMITH"}],"neow_cost":"NONE","seed_source_timestamp":54301298257700,"circlet_count":0,"master_deck":["Strike_R+1","Strike_R","Defend_R","Defend_R","Defend_R","Bash+1","Rampage+1","Necronomicurse"],"relics":["Burning Blood","Golden Idol","Dream Catcher","Ornamental Fan","Odd Mushroom","Empty Cage","Necronomicon"],"potions_floor_usage":[13,16,18,20],"damage_taken":[{"damage":4,"enemies":"2 Louse","floor":1,"turns":3},{"damage":1,"enemies":"Jaw Worm","floor":2,"turns":3},{"damage":12,"enemies":"Small Slimes","floor":4,"turns":3},{"damage":3,"enemies":"The Mushroom Lair","floor":13,"turns":3},{"damage":3,"enemies":"3 Louse","floor":14,"turns":4},{"damage":42,"enemies":"The Guardian","floor":16,"turns":8},{"damage":32,"enemies":"Spheric Guardian","floor":18,"turns":6},{"damage":30,"enemies":"Colosseum Slavers","floor":20,"turns":5},{"damage":5,"enemies":"3 Byrds","floor":22,"turns":2}],"seed_played":"6351862081961036834","potions_obtained":[{"floor":2,"key":"Swift Potion"},{"floor":4,"key":"Explosive Potion"},{"floor":13,"key":"Block Potion"},{"floor":16,"key":"PowerPotion"}],"is_trial":false,"path_per_floor":["M","M","?","M","?","R","$","R","T","T","?","R","?","M","R","B",null,"M","?","?","?","M"],"character_chosen":"IRONCLAD","items_purchased":[],"campfire_rested":1,"item_purchase_floors":[],"current_hp_per_floor":[80,80,74,68,68,68,68,68,68,68,53,74,74,74,74,38,74,48,32,8,8,3],"gold":0,"neow_bonus":"TRANSFORM_CARD","is_prod":false,"is_daily":false,"chose_seed":false,"campfire_upgraded":3,"win_rate":0,"timestamp":1549605332,"path_taken":["M","M","?","M","?","R","$","R","T","?","?","R","?","M","R","BOSS","M","?","?","?","?"],"build_version":"2019-01-23","purchased_purges":1,"victory":false,"max_hp_per_floor":[80,80,74,74,74,74,74,74,74,74,74,74,74,74,74,74,74,74,74,74,74,74],"card_choices":[{"not_picked":["Iron Wave","Battle Trance","Clothesline"],"picked":"SKIP","floor":1},{"not_picked":["Pommel Strike","Shrug It Off","Rage"],"picked":"SKIP","floor":2},{"not_picked":["Thunderclap","Bloodletting","Clothesline"],"picked":"SKIP","floor":4},{"not_picked":["Feel No Pain","Seeing Red"],"picked":"Rampage","floor":14},{"not_picked":["Thunderclap","Rage+1","Heavy Blade"],"picked":"SKIP","floor":18}],"player_experience":416955,"relics_obtained":[{"floor":9,"key":"Dream Catcher"},{"floor":10,"key":"Ornamental Fan"},{"floor":13,"key":"Odd Mushroom"},{"floor":19,"key":"Necronomicon"}],"event_choices":[{"damage_healed":0,"gold_gain":0,"player_choice":"Lose Max HP","damage_taken":0,"relics_obtained":["Golden Idol"],"max_hp_gain":0,"max_hp_loss":6,"event_name":"Golden Idol","floor":3,"gold_loss":0},{"cards_removed":["Defend_R"],"damage_healed":0,"gold_gain":0,"player_choice":"Card Removal","damage_taken":0,"max_hp_gain":0,"max_hp_loss":0,"event_name":"The Cleric","floor":5,"gold_loss":50},{"damage_healed":0,"gold_gain":0,"player_choice":"Entered Light","damage_taken":15,"max_hp_gain":0,"max_hp_loss":0,"event_name":"Shining Light","floor":11,"gold_loss":0,"cards_upgraded":["Strike_R","Strike_R"]},{"damage_healed":0,"gold_gain":0,"player_choice":"Fought Mushrooms","damage_taken":0,"max_hp_gain":0,"max_hp_loss":0,"event_name":"Mushrooms","floor":13,"gold_loss":0},{"damage_healed":0,"gold_gain":0,"player_choice":"Obtained Book","damage_taken":16,"max_hp_gain":0,"max_hp_loss":0,"event_name":"Cursed Tome","floor":19,"gold_loss":0},{"damage_healed":0,"gold_gain":0,"player_choice":"Fight","damage_taken":0,"max_hp_gain":0,"max_hp_loss":0,"event_name":"Colosseum","floor":20,"gold_loss":0},{"damage_healed":0,"gold_gain":0,"player_choice":"Fled From Nobs","damage_taken":0,"max_hp_gain":0,"max_hp_loss":0,"event_name":"Colosseum","floor":20,"gold_loss":0},{"damage_healed":0,"gold_gain":0,"player_choice":"Paid Fearfully","damage_taken":0,"max_hp_gain":0,"max_hp_loss":0,"event_name":"Masked Bandits","floor":21,"gold_loss":235}],"is_beta":false,"boss_relics":[{"not_picked":["Runic Pyramid","Cursed Key"],"picked":"Empty Cage"}],"items_purged_floors":[7],"is_endless":false,"potions_floor_spawned":[2,4,13,16,20],"killed_by":"3 Byrds","ascension_level":0}