{"gold_per_floor":[113,129,204,215,215,215,53,80,127,27,56,86,96,111,111,111],"floor_reached":16,"playtime":1140,"items_purged":[],"score":138,"play_id":"aa9e311f-4c96-4c0e-9314-665f316f78d8","local_time":"20190326203947","is_ascension_mode":true,"campfire_choices":[{"data":"Pommel Strike","floor":6,"key":"SMITH"},{"data":"Clothesline","floor":15,"key":"SMITH"}],"neow_cost":"NONE","seed_source_timestamp":572497449105140,"circlet_count":0,"master_deck":["Strike_R+1","Strike_R+1","Strike_R","Strike_R+1","Strike_R","Defend_R","Defend_R","Defend_R","Defend_R","Bash+1","Pommel Strike+1","Sword Boomerang","Pommel Strike","Immolate","Clothesline+1","Reaper"],"relics":["Burning Blood","Ancient Tea Set","Whetstone","Potion Belt","Oddly Smooth Stone"],"potions_floor_usage":[8,11,16],"damage_taken":[{"damage":9,"enemies":"Small Slimes","floor":1,"turns":5},{"damage":4,"enemies":"Jaw Worm","floor":2,"turns":4},{"damage":1,"enemies":"2 Louse","floor":4,"turns":2},{"damage":13,"enemies":"Lagavulin","floor":8,"turns":5},{"damage":10,"enemies":"3 Sentries","floor":11,"turns":5},{"damage":16,"enemies":"Lots of Slimes","floor":13,"turns":2},{"damage":8,"enemies":"Red Slaver","floor":14,"turns":3},{"damage":35,"enemies":"Hexaghost","floor":16,"turns":9}],"seed_played":"7876419823147789016","potions_obtained":[{"floor":2,"key":"Block Potion"}],"is_trial":false,"path_per_floor":["?","?","?","M"],"character_chosen":"IRONCLAD","items_purchased":["Immolate","Weak Potion","Energy Potion"],"campfire_rested":0,"item_purchase_floors":[7,10,10],"current_hp_per_floor":[77,79,68,73,57,57,57,50,50,50,46,46,36,34,34,0],"gold":111,"neow_bonus":"RANDOM_COMMON_RELIC","is_prod":false,"is_daily":false,"chose_seed":false,"campfire_upgraded":2,"win_rate":0,"timestamp":1553632787,"path_taken":["M","M","?","M","?","R","$","E","T","$","E","?","M","?","R","BOSS"],"build_version":"2019-01-23","purchased_purges":0,"victory":false,"max_hp_per_floor":[80,80,80,80,80,80,80,80,80,80,80,80,80,80,80,80],"card_choices":[{"not_picked":["Twin Strike","Burning Pact"],"picked":"Pommel Strike","floor":1},{"not_picked":["True Grit","Corruption"],"picked":"Sword Boomerang","floor":2},{"not_picked":["Twin Strike","Havoc"],"picked":"Pommel Strike","floor":4},{"not_picked":["Fire Breathing","Warcry"],"picked":"Clothesline","floor":8},{"not_picked":["Flex","Pommel Strike","Sentinel"],"picked":"SKIP","floor":11},{"not_picked":["Perfected Strike","Sever Soul"],"picked":"Reaper","floor":13},{"not_picked":["Rage","Pommel Strike","Perfected Strike"],"picked":"SKIP","floor":14}],"player_experience":343628,"relics_obtained":[{"floor":8,"key":"Whetstone"},{"floor":9,"key":"Potion Belt"},{"floor":11,"key":"Oddly Smooth Stone"}],"event_choices":[{"damage_healed":0,"gold_gain":75,"player_choice":"Gather Gold","damage_taken":11,"max_hp_gain":0,"max_hp_loss":0,"event_name":"World of Goop","floor":3,"gold_loss":0},{"damage_healed":0,"gold_gain":0,"player_choice":"Entered Light","damage_taken":16,"max_hp_gain":0,"max_hp_loss":0,"event_name":"Shining Light","floor":5,"gold_loss":0,"cards_upgraded":["Bash","Strike_R"]},{"damage_healed":0,"gold_gain":30,"player_choice":"Searched \u00271\u0027 times","damage_taken":0,"max_hp_gain":0,"max_hp_loss":0,"event_name":"Dead Adventurer","floor":12,"gold_loss":0}],"is_beta":false,"boss_relics":[],"items_purged_floors":[],"is_endless":false,"potions_floor_spawned":[2],"killed_by":"Hexaghost","ascension_level":5}