{"gold_per_floor":[115,130,149,159,233,260,260,260,284,302,320,348,348,382,382,460,460,470,485,243,256,267,279,279,314,314,343,359,359,374,400,400,474,474,485,485,497,57,71,71,91,91,91,91,6,6,6,6,6,6],"floor_reached":51,"playtime":2597,"items_purged":["Strike_R","Defend_R"],"score":1435,"play_id":"cb09e474-f00a-4487-954c-d18a59f77ad0","local_time":"20190421143911","is_ascension_mode":true,"campfire_choices":[{"data":"Bludgeon","floor":8.0,"key":"SMITH"},{"data":"Disarm","floor":15.0,"key":"SMITH"},{"data":"Demon Form","floor":24.0,"key":"SMITH"},{"floor":29.0,"key":"REST"},{"floor":32.0,"key":"REST"},{"data":"Barricade","floor":40,"key":"SMITH"},{"data":"True Grit","floor":44,"key":"SMITH"},{"data":"Juggernaut","floor":47,"key":"SMITH"},{"floor":49,"key":"REST"}],"neow_cost":"NONE","seed_source_timestamp":376376889200749,"circlet_count":0,"master_deck":["AscendersBane","Defend_R","Defend_R","Defend_R","Bash","Carnage","Dropkick","Thunderclap+1","Shrug It Off","Bludgeon+1","Warcry","Disarm+1","Demon Form+1","Warcry","Double Tap","Armaments+1","Iron Wave","Battle Trance","True Grit+1","Power Through+1","Barricade+1","Clothesline","True Grit+1","Metallicize+1","Shrug It Off","Feel No Pain","Injury","Juggernaut+1"],"special_seed":0,"relics":["Burning Blood","Omamori","Lantern","Bronze Scales","Pen Nib","Cursed Key","Whetstone","Potion Belt","Bag of Preparation","Juzu Bracelet","Red Skull","Empty Cage","Champion Belt","Dead Branch"],"potions_floor_usage":[39,50,50,50],"damage_taken":[{"damage":7.0,"enemies":"Small Slimes","floor":1.0,"turns":4.0},{"damage":1.0,"enemies":"Cultist","floor":2.0,"turns":3.0},{"damage":4.0,"enemies":"2 Louse","floor":3.0,"turns":2.0},{"damage":23.0,"enemies":"Exordium Thugs","floor":4.0,"turns":4.0},{"damage":3.0,"enemies":"Gremlin Nob","floor":6.0,"turns":3.0},{"damage":0.0,"enemies":"Looter","floor":10.0,"turns":1.0},{"damage":3.0,"enemies":"Blue Slaver","floor":11.0,"turns":3.0},{"damage":20.0,"enemies":"Lagavulin","floor":12.0,"turns":4.0},{"damage":17.0,"enemies":"3 Sentries","floor":14.0,"turns":5.0},{"damage":15.0,"enemies":"The Guardian","floor":16.0,"turns":10.0},{"damage":0.0,"enemies":"3 Byrds","floor":18.0,"turns":3.0},{"damage":6.0,"enemies":"2 Thieves","floor":19.0,"turns":3.0},{"damage":0.0,"enemies":"Cultist and Chosen","floor":21.0,"turns":3.0},{"damage":14.0,"enemies":"Snake Plant","floor":22.0,"turns":2.0},{"damage":10.0,"enemies":"Sentry and Sphere","floor":23.0,"turns":4.0},{"damage":21.0,"enemies":"Gremlin Leader","floor":25.0,"turns":6.0},{"damage":37.0,"enemies":"Slavers","floor":27.0,"turns":6.0},{"damage":0.0,"enemies":"Chosen and Byrds","floor":28.0,"turns":3.0},{"damage":9.0,"enemies":"3 Cultists","floor":30.0,"turns":4.0},{"damage":34.0,"enemies":"Book of Stabbing","floor":31.0,"turns":6.0},{"damage":31.0,"enemies":"Automaton","floor":33.0,"turns":10.0},{"damage":0.0,"enemies":"3 Shapes","floor":35.0,"turns":8.0},{"damage":32,"enemies":"3 Darklings","floor":37,"turns":5},{"damage":4,"enemies":"Sphere and 2 Shapes","floor":39,"turns":7},{"damage":6,"enemies":"Writhing Mass","floor":41,"turns":8},{"damage":5,"enemies":"Time Eater","floor":50,"turns":10}],"seed_played":"1884628271032490488","potions_obtained":[{"floor":0.0,"key":"SkillPotion"},{"floor":0.0,"key":"LiquidBronze"},{"floor":3.0,"key":"Strength Potion"},{"floor":4.0,"key":"EssenceOfSteel"},{"floor":10.0,"key":"AttackPotion"},{"floor":14.0,"key":"Explosive Potion"},{"floor":22.0,"key":"Ancient Potion"},{"floor":27.0,"key":"EssenceOfSteel"},{"floor":28.0,"key":"Dexterity Potion"},{"floor":30.0,"key":"Explosive Potion"},{"floor":31.0,"key":"Dexterity Potion"},{"floor":33.0,"key":"PowerPotion"},{"floor":39,"key":"Poison Potion"}],"is_trial":false,"path_per_floor":["M","M","M","M","?","E","?","R","T","M","M","E","?","E","R","B",null,"M","M","$","M","M","M","R","E","T","E","M","R","M","E","R","B",null,"M","?","M","$","M","R","M","?","T","R","$","?","R","$","R","B",null],"character_chosen":"IRONCLAD","items_purchased":["Whetstone","Champion Belt","Feel No Pain"],"campfire_rested":3,"item_purchase_floors":[20,38,45],"current_hp_per_floor":[67,72,74,57,57,60,60,60,60,66,69,55,55,44,44,35,65,71,71,71,75,67,63,63,48,48,17,23,45,42,14,36,11,59,65,65,39,39,41,41,41,41,41,41,41,41,41,41,62,63],"gold":6,"neow_bonus":"THREE_SMALL_POTIONS","is_prod":false,"is_daily":false,"chose_seed":false,"campfire_upgraded":6,"win_rate":0,"timestamp":1555882751,"path_taken":["M","M","M","M","?","E","?","R","T","?","M","E","?","E","R","BOSS","M","M","$","M","M","M","R","E","T","E","M","R","M","E","R","BOSS","M","?","M","$","M","R","M","?","T","R","?","?","R","?","R","BOSS"],"build_version":"2019-01-23","purchased_purges":2,"victory":true,"max_hp_per_floor":[75,75,75,75,75,75,75,75,75,75,75,75,75,75,75,75,75,75,75,75,75,75,75,75,75,75,75,75,75,75,75,75,75,75,75,75,75,75,75,75,75,71,71,71,71,71,71,71,71,71],"card_choices":[{"not_picked":["True Grit","Wild Strike"],"picked":"Carnage","floor":1.0},{"not_picked":["Warcry","Flex"],"picked":"Dropkick","floor":2.0},{"not_picked":["Body Slam","Twin Strike"],"picked":"Thunderclap","floor":3.0},{"not_picked":["Clothesline","Sever Soul"],"picked":"Shrug It Off","floor":4.0},{"not_picked":["Entrench","Armaments"],"picked":"Bludgeon","floor":6.0},{"not_picked":["Cleave","Pommel Strike"],"picked":"Warcry","floor":10.0},{"not_picked":["Cleave","Armaments"],"picked":"Disarm","floor":11.0},{"not_picked":["Headbutt","Rupture"],"picked":"Demon Form","floor":12.0},{"not_picked":["Twin Strike","Pommel Strike","Shockwave"],"picked":"SKIP","floor":14.0},{"not_picked":["Impervious","Exhume"],"picked":"Double Tap","floor":16.0},{"not_picked":["Havoc","Shrug It Off"],"picked":"Armaments+1","floor":18.0},{"not_picked":["Cleave","Havoc","Rage"],"picked":"SKIP","floor":19.0},{"not_picked":["Blood for Blood","Havoc","Thunderclap"],"picked":"SKIP","floor":21.0},{"not_picked":["Infernal Blade","Pummel"],"picked":"Iron Wave","floor":22.0},{"not_picked":["Pommel Strike","Flex","Sword Boomerang"],"picked":"SKIP","floor":23.0},{"not_picked":["Twin Strike","Reckless Charge","Cleave"],"picked":"SKIP","floor":25.0},{"not_picked":["Wild Strike","Barricade"],"picked":"Battle Trance","floor":27.0},{"not_picked":["Reckless Charge","Dual Wield","Thunderclap+1"],"picked":"SKIP","floor":28.0},{"not_picked":["Twin Strike+1","Sword Boomerang"],"picked":"True Grit","floor":30.0},{"not_picked":["Feel No Pain","Heavy Blade"],"picked":"Power Through+1","floor":31.0},{"not_picked":["Impervious","Offering"],"picked":"Barricade","floor":33.0},{"not_picked":["Headbutt","Heavy Blade"],"picked":"Clothesline","floor":35.0},{"not_picked":["Headbutt","Rage"],"picked":"True Grit+1","floor":37},{"not_picked":["Clash","Burning Pact"],"picked":"Metallicize+1","floor":39},{"not_picked":["Flex+1","Havoc"],"picked":"Shrug It Off","floor":41}],"player_experience":222509,"relics_obtained":[{"floor":6.0,"key":"Omamori"},{"floor":9.0,"key":"Lantern"},{"floor":12.0,"key":"Bronze Scales"},{"floor":14.0,"key":"Pen Nib"},{"floor":25.0,"key":"Potion Belt"},{"floor":26.0,"key":"Bag of Preparation"},{"floor":27.0,"key":"Juzu Bracelet"},{"floor":31.0,"key":"Red Skull"},{"floor":43,"key":"Dead Branch"}],"event_choices":[{"damage_healed":0.0,"max_hp_gain":0.0,"max_hp_loss":0.0,"gold_gain":74.0,"event_name":"Golden Wing","player_choice":"Gained Gold","floor":5.0,"gold_loss":0.0,"damage_taken":0.0},{"cards_removed":["Strike_R"],"damage_healed":0.0,"max_hp_gain":0.0,"max_hp_loss":0.0,"gold_gain":0.0,"event_name":"Bonfire Elementals","player_choice":"Offered Basic","floor":7.0,"gold_loss":0.0,"damage_taken":0.0},{"damage_healed":0.0,"max_hp_gain":0.0,"max_hp_loss":0.0,"gold_gain":0.0,"cards_transformed":["Strike_R"],"event_name":"Transmorgrifier","player_choice":"Transformed","floor":13.0,"gold_loss":0.0,"damage_taken":0.0,"cards_obtained":["Warcry"]},{"damage_healed":0,"gold_gain":0,"player_choice":"Ignored","damage_taken":0,"max_hp_gain":0,"max_hp_loss":0,"event_name":"Mysterious Sphere","floor":36,"gold_loss":0},{"damage_healed":0,"gold_gain":0,"player_choice":"Max HP","damage_taken":0,"max_hp_gain":0,"max_hp_loss":4,"event_name":"Winding Halls","floor":42,"gold_loss":0},{"damage_healed":0,"gold_gain":0,"player_choice":"2 cards matched","damage_taken":0,"max_hp_gain":0,"max_hp_loss":0,"event_name":"Match and Keep!","floor":46,"gold_loss":0,"cards_obtained":["Injury","Juggernaut"]}],"is_beta":false,"boss_relics":[{"not_picked":["Mark of Pain","Calling Bell"],"picked":"Cursed Key"},{"not_picked":["Runic Dome","Black Star"],"picked":"Empty Cage"}],"items_purged_floors":[20,38],"is_endless":false,"potions_floor_spawned":[3,4,10,14,16,22,27,28,30,31,33,35,37,39],"ascension_level":18}