{"gold_per_floor":[114,26,26,51,103,139,139,164,164,183,183,204,247,271,271,271],"floor_reached":16,"playtime":433,"items_purged":[],"score":263,"play_id":"cbd83cfe-0448-4deb-ad01-572686742871","local_time":"20190421211053","is_ascension_mode":true,"campfire_choices":[{"data":"Whirlwind","floor":7,"key":"SMITH"},{"data":"Corruption","floor":11,"key":"SMITH"},{"data":"Armaments","floor":15,"key":"SMITH"}],"neow_cost":"NONE","seed_source_timestamp":402214755211967,"circlet_count":0,"master_deck":["AscendersBane","Strike_R","Strike_R","Strike_R","Strike_R","Strike_R","Defend_R","Defend_R","Defend_R","Defend_R","Bash","Warcry","Clothesline","Wild Strike","Injury","Perfected Strike","Whirlwind+1","Wild Strike","Corruption+1","Perfected Strike","Armaments+1"],"special_seed":0,"relics":["Burning Blood","NeowsBlessing","Golden Idol","Lantern","Odd Mushroom","The Courier","Ancient Tea Set"],"potions_floor_usage":[8,16,16],"damage_taken":[{"damage":0.0,"enemies":"Small Slimes","floor":1.0,"turns":1.0},{"damage":0,"enemies":"2 Louse","floor":4,"turns":1},{"damage":0,"enemies":"Gremlin Nob","floor":6,"turns":1},{"damage":0,"enemies":"The Mushroom Lair","floor":8,"turns":1},{"damage":0,"enemies":"Cultist","floor":10,"turns":2},{"damage":29,"enemies":"Exordium Wildlife","floor":12,"turns":5},{"damage":37,"enemies":"Lagavulin","floor":13,"turns":8},{"damage":7,"enemies":"3 Louse","floor":14,"turns":2},{"damage":33,"enemies":"Slime Boss","floor":16,"turns":5}],"seed_played":"-9171895188710169431","potions_obtained":[{"floor":1.0,"key":"Strength Potion"},{"floor":10,"key":"Weak Potion"},{"floor":13,"key":"BloodPotion"},{"floor":14,"key":"EssenceOfSteel"}],"is_trial":false,"path_per_floor":["M","$","?","M","?","E","R","?","T","M","R","M","E","M","R","B"],"character_chosen":"IRONCLAD","items_purchased":["Clothesline","Wild Strike"],"campfire_rested":0,"item_purchase_floors":[2,2],"current_hp_per_floor":[74,74,74,75,75,75,75,75,75,75,75,52,21,20,20,0],"gold":271,"neow_bonus":"THREE_ENEMY_KILL","is_prod":false,"is_daily":false,"chose_seed":false,"campfire_upgraded":3,"win_rate":0,"timestamp":1555906253,"path_taken":["M","$","?","M","?","E","R","?","T","M","R","M","E","M","R","BOSS"],"build_version":"2019-01-23","purchased_purges":0,"victory":false,"max_hp_per_floor":[75,75,75,75,75,75,75,75,75,75,75,75,75,75,75,75],"card_choices":[{"not_picked":["Sentinel","Flex"],"picked":"Warcry","floor":1.0},{"not_picked":["Shockwave","Armaments"],"picked":"Perfected Strike","floor":4},{"not_picked":["Anger","Bludgeon"],"picked":"Whirlwind","floor":6},{"not_picked":["Cleave","Heavy Blade"],"picked":"Wild Strike","floor":8},{"not_picked":["True Grit","Wild Strike"],"picked":"Corruption","floor":10},{"not_picked":["Sword Boomerang","Heavy Blade","Flex"],"picked":"SKIP","floor":12},{"not_picked":["Rampage","Sword Boomerang"],"picked":"Perfected Strike","floor":13},{"not_picked":["Clothesline","Warcry"],"picked":"Armaments","floor":14}],"player_experience":225795,"relics_obtained":[{"floor":6,"key":"Lantern"},{"floor":8,"key":"Odd Mushroom"},{"floor":9,"key":"The Courier"},{"floor":13,"key":"Ancient Tea Set"}],"event_choices":[{"damage_healed":0,"gold_gain":0,"player_choice":"Take Wound","damage_taken":0,"relics_obtained":["Golden Idol"],"max_hp_gain":0,"max_hp_loss":0,"event_name":"Golden Idol","floor":3,"gold_loss":0,"cards_obtained":["Injury"]},{"damage_healed":0,"gold_gain":52,"player_choice":"Gained Gold","damage_taken":0,"max_hp_gain":0,"max_hp_loss":0,"event_name":"Golden Wing","floor":5,"gold_loss":0},{"damage_healed":0,"gold_gain":0,"player_choice":"Fought Mushrooms","damage_taken":0,"max_hp_gain":0,"max_hp_loss":0,"event_name":"Mushrooms","floor":8,"gold_loss":0}],"is_beta":false,"boss_relics":[],"items_purged_floors":[],"is_endless":false,"potions_floor_spawned":[1,10,13,14],"killed_by":"Slime Boss","ascension_level":19}