{"gold_per_floor":[112,128,128,12,12,12,46,46,46,61,79,79,179,29,29,132,132,132],"floor_reached":18,"playtime":665,"items_purged":["Strike_B"],"score":237,"play_id":"eab54b55-72b2-4775-afac-19e75143e5fb","local_time":"20190320001345","is_ascension_mode":true,"campfire_choices":[{"floor":6,"key":"REST"},{"data":"Rainbow","floor":8,"key":"SMITH"},{"data":"Zap","floor":12,"key":"SMITH"},{"floor":15,"key":"REST"}],"neow_cost":"NONE","seed_source_timestamp":107287264735300,"circlet_count":0,"master_deck":["AscendersBane","Strike_B","Strike_B+1","Defend_B","Defend_B","Defend_B","Defend_B","Zap+1","Dualcast","Sweeping Beam+1","Cold Snap","Rainbow+1","Gash","Core Surge","Cold Snap","Capacitor","Seek"],"relics":["Cracked Core","Oddly Smooth Stone","Ancient Tea Set","Kunai","Philosopher\u0027s Stone"],"potions_floor_usage":[],"damage_taken":[{"damage":10,"enemies":"Cultist","floor":1,"turns":4},{"damage":2,"enemies":"2 Louse","floor":2,"turns":3},{"damage":10,"enemies":"3 Sentries","floor":7,"turns":8},{"damage":0,"enemies":"Small Slimes","floor":10,"turns":2},{"damage":9,"enemies":"Exordium Thugs","floor":11,"turns":5},{"damage":20,"enemies":"The Guardian","floor":16,"turns":12},{"damage":74,"enemies":"3 Byrds","floor":18,"turns":3}],"seed_played":"-1312030140481023393","potions_obtained":[{"floor":7,"key":"FairyPotion"},{"floor":16,"key":"Energy Potion"}],"is_trial":false,"path_per_floor":["M","M","?","$","?","R","E","R","T","M","M","R","?","$","R","B",null,"M"],"character_chosen":"DEFECT","items_purchased":["Rainbow","Gash","Capacitor"],"campfire_rested":2,"item_purchase_floors":[4,4,14],"current_hp_per_floor":[58,56,49,49,34,56,46,46,46,46,37,37,37,37,59,39,66,0],"gold":132,"neow_bonus":"RANDOM_COMMON_RELIC","is_prod":false,"is_daily":false,"chose_seed":false,"campfire_upgraded":2,"win_rate":0,"timestamp":1553055225,"path_taken":["M","?","?","$","?","R","E","R","T","M","?","R","?","?","R","BOSS","M"],"build_version":"2019-01-23","purchased_purges":1,"victory":false,"max_hp_per_floor":[75,75,75,75,75,75,75,75,75,75,75,75,75,75,75,75,75,75],"card_choices":[{"not_picked":["Coolheaded","FTL"],"picked":"Sweeping Beam","floor":1},{"not_picked":["Auto Shields","Rebound"],"picked":"Cold Snap","floor":2},{"not_picked":["Hologram","Compile Driver"],"picked":"Core Surge","floor":7},{"not_picked":["Hologram","Stack","Fusion"],"picked":"SKIP","floor":10},{"not_picked":["Streamline","Heatsinks"],"picked":"Cold Snap","floor":11},{"not_picked":["Hyperbeam","Reboot"],"picked":"Seek","floor":16}],"player_experience":549031,"relics_obtained":[{"floor":7,"key":"Ancient Tea Set"},{"floor":9,"key":"Kunai"}],"event_choices":[{"cards_removed":["Strike_B"],"damage_healed":0,"gold_gain":0,"player_choice":"Card Removal","damage_taken":7,"max_hp_gain":0,"max_hp_loss":0,"event_name":"Golden Wing","floor":3,"gold_loss":0},{"damage_healed":0,"gold_gain":0,"player_choice":"Entered Light","damage_taken":15,"max_hp_gain":0,"max_hp_loss":0,"event_name":"Shining Light","floor":5,"gold_loss":0,"cards_upgraded":["Sweeping Beam","Strike_B"]},{"damage_healed":0,"gold_gain":100,"player_choice":"Pray","damage_taken":0,"max_hp_gain":0,"max_hp_loss":0,"event_name":"Golden Shrine","floor":13,"gold_loss":0}],"is_beta":false,"boss_relics":[{"not_picked":["Ectoplasm","FrozenCore"],"picked":"Philosopher\u0027s Stone"}],"items_purged_floors":[14],"is_endless":false,"potions_floor_spawned":[7,16],"killed_by":"3 Byrds","ascension_level":10}