{"gold_per_floor":[111,128,128,53,64,90,102,127,151,171,171,186,186,215,215,310,310,330,364,289,271,12,12],"floor_reached":23,"playtime":2570,"items_purged":["Strike_B"],"score":327,"play_id":"fc587544-58b2-44b6-befb-471b5f766f2d","local_time":"20190420161553","is_ascension_mode":true,"campfire_choices":[{"floor":11,"key":"REST"},{"data":"Static Discharge","floor":13,"key":"SMITH"},{"data":"Coolheaded","floor":15,"key":"SMITH"}],"neow_cost":"NONE","seed_source_timestamp":235800349273484,"circlet_count":0,"master_deck":["AscendersBane","Zap+1","Dualcast","Sweeping Beam","Static Discharge+1","FTL","Undo","Ball Lightning","Coolheaded+1","Echo Form","Seek","All For One","Doom and Gloom","BootSequence","Reboot","Self Repair","Sweeping Beam","Genetic Algorithm","Stack","Coolheaded"],"relics":["Cracked Core","Art of War","Anchor","Centennial Puzzle","Juzu Bracelet","Pandora\u0027s Box","Red Mask","Toxic Egg 2"],"potions_floor_usage":[8,14,14,14,16,19],"damage_taken":[{"damage":8,"enemies":"Jaw Worm","floor":1,"turns":4},{"damage":0,"enemies":"Cultist","floor":2,"turns":4},{"damage":6,"enemies":"Small Slimes","floor":5,"turns":3},{"damage":35,"enemies":"3 Sentries","floor":6,"turns":6},{"damage":4,"enemies":"Exordium Wildlife","floor":7,"turns":4},{"damage":4,"enemies":"Lagavulin","floor":8,"turns":5},{"damage":6,"enemies":"Looter","floor":10,"turns":3},{"damage":0,"enemies":"Blue Slaver","floor":12,"turns":3},{"damage":7,"enemies":"3 Sentries","floor":14,"turns":7},{"damage":27,"enemies":"The Guardian","floor":16,"turns":13},{"damage":16,"enemies":"Shell Parasite","floor":18,"turns":4},{"damage":34,"enemies":"Masked Bandits","floor":19,"turns":3},{"damage":0,"enemies":"2 Thieves","floor":21,"turns":4},{"damage":41,"enemies":"Book of Stabbing","floor":23,"turns":7}],"seed_played":"4336430055798457916","potions_obtained":[{"floor":0,"key":"Strength Potion"},{"floor":0,"key":"EntropicBrew"},{"floor":6,"key":"Fire Potion"},{"floor":8,"key":"Regen Potion"},{"floor":18,"key":"Poison Potion"},{"floor":21,"key":"SteroidPotion"}],"is_trial":false,"path_per_floor":["?","$","M","?","?"],"character_chosen":"DEFECT","items_purchased":["Toxic Egg 2"],"campfire_rested":1,"item_purchase_floors":[22],"current_hp_per_floor":[60,60,60,60,54,19,15,11,11,5,27,27,27,35,35,8,58,49,22,22,36,36,0],"gold":12,"neow_bonus":"THREE_SMALL_POTIONS","is_prod":false,"is_daily":false,"chose_seed":false,"campfire_upgraded":2,"win_rate":0,"timestamp":1555773353,"path_taken":["M","M","?","?","M","E","M","E","T","M","R","?","R","E","R","BOSS","M","?","?","M","$","E"],"build_version":"2019-01-23","purchased_purges":1,"victory":false,"max_hp_per_floor":[75,75,75,75,75,75,75,75,75,75,75,75,75,75,75,75,75,75,75,75,75,75,75],"card_choices":[{"not_picked":["Loop","Consume"],"picked":"Sweeping Beam","floor":1},{"not_picked":["Sweeping Beam","Lockon","Stack"],"picked":"SKIP","floor":2},{"not_picked":["Chaos","Lockon"],"picked":"Static Discharge","floor":5},{"not_picked":["Static Discharge","Steam"],"picked":"FTL","floor":6},{"not_picked":["Stack","Rip and Tear"],"picked":"Undo","floor":7},{"not_picked":["Hologram","Amplify","Heatsinks"],"picked":"SKIP","floor":8},{"not_picked":["Hologram","Redo"],"picked":"Ball Lightning","floor":10},{"not_picked":["Fusion","Heatsinks"],"picked":"Coolheaded","floor":12},{"not_picked":["Redo","Steam"],"picked":"Echo Form","floor":14},{"not_picked":["Hyperbeam","Core Surge"],"picked":"Seek","floor":16},{"not_picked":["Rebound+1","Heatsinks"],"picked":"Genetic Algorithm","floor":18},{"not_picked":["Streamline","Static Discharge+1"],"picked":"Stack","floor":19},{"not_picked":["Ball Lightning","Stack+1"],"picked":"Coolheaded","floor":21}],"player_experience":670763,"relics_obtained":[{"floor":6,"key":"Art of War"},{"floor":8,"key":"Anchor"},{"floor":9,"key":"Centennial Puzzle"},{"floor":14,"key":"Juzu Bracelet"},{"floor":19,"key":"Red Mask"}],"event_choices":[{"damage_healed":0,"gold_gain":0,"player_choice":"Upgraded","damage_taken":0,"max_hp_gain":0,"max_hp_loss":0,"event_name":"Upgrade Shrine","floor":3,"gold_loss":0,"cards_upgraded":["Zap"]},{"damage_healed":0,"gold_gain":0,"player_choice":"Fought Bandits","damage_taken":0,"max_hp_gain":0,"max_hp_loss":0,"event_name":"Masked Bandits","floor":19,"gold_loss":0},{"cards_removed":["Meteor Strike"],"damage_healed":0,"gold_gain":0,"player_choice":"Gave Gold","damage_taken":0,"max_hp_gain":0,"max_hp_loss":0,"event_name":"Beggar","floor":20,"gold_loss":75}],"is_beta":false,"boss_relics":[{"not_picked":["Lizard Tail","Eternal Feather"],"picked":"Pandora\u0027s Box"}],"items_purged_floors":[4],"is_endless":false,"potions_floor_spawned":[5,6,7,8,10,18,21],"killed_by":"Book of Stabbing","ascension_level":11}