{"gold_per_floor":[117,135,155,155,168,180,196,226,226,226,226,236,250,271,271,368,368,380,380,391,246,266,266,281,281,281,281,61,61,81,81,81,179,179,190,21,0,11,11,11,11,11,37,37,48,61,61,161,161,161],"floor_reached":51,"playtime":7227,"items_purged":["Strike_G"],"score":624,"play_id":"cf773249-a1df-4cdd-b438-16c7d88ee7f1","local_time":"20190419224646","is_ascension_mode":false,"campfire_choices":[{"floor":11,"key":"DIG"},{"floor":15,"key":"DIG"},{"floor":23,"key":"REST"},{"floor":25,"key":"DIG"},{"floor":27,"key":"REST"},{"data":"Accuracy","floor":32,"key":"SMITH"},{"floor":40,"key":"DIG"},{"floor":41,"key":"DIG"},{"floor":44,"key":"DIG"},{"data":"Thinking Ahead","floor":47,"key":"SMITH"},{"data":"Well Laid Plans","floor":49,"key":"SMITH"}],"neow_cost":"NONE","seed_source_timestamp":597191123255632,"circlet_count":0,"master_deck":["Defend_G+1","Defend_G+1","Defend_G+1","Defend_G+1","Strike_G+1","Strike_G+1","Strike_G+1","Survivor","Neutralize","Dagger Throw+1","Cloak And Dagger+1","Expertise+1","Backstab","Calculated Gamble","Skewer","Quick Slash","Blade Dance+1","Expertise","PiercingWail","Backflip","Storm of Steel","Well Laid Plans+1","Accuracy+1","Acrobatics+1","Backflip","Infinite Blades","Backflip+1","Regret","Clumsy","Parasite","Dash","Panache","Prepared","Thinking Ahead+1","Expertise+1","Bullet Time"],"relics":["Ring of the Snake","Bag of Preparation","Shovel","Orichalcum","Odd Mushroom","Pantograph","HoveringKite","Ginger","Dodecahedron","Happy Flower","War Paint","Calling Bell","Omamori","Question Card","WingedGreaves","Red Mask","FossilizedHelix","Gambling Chip","Potion Belt","Mercury Hourglass","Incense Burner"],"potions_floor_usage":[8,8,16,24,33,33,50,50],"damage_taken":[{"damage":0,"enemies":"Small Slimes","floor":1,"turns":5},{"damage":0,"enemies":"2 Louse","floor":2,"turns":3},{"damage":4,"enemies":"Cultist","floor":3,"turns":4},{"damage":0,"enemies":"Exordium Wildlife","floor":5,"turns":5},{"damage":0,"enemies":"Blue Slaver","floor":6,"turns":3},{"damage":0,"enemies":"3 Louse","floor":7,"turns":3},{"damage":7,"enemies":"Lagavulin","floor":8,"turns":5},{"damage":2,"enemies":"Large Slime","floor":12,"turns":4},{"damage":4,"enemies":"Looter","floor":13,"turns":2},{"damage":0,"enemies":"The Mushroom Lair","floor":14,"turns":3},{"damage":72,"enemies":"Slime Boss","floor":16,"turns":18},{"damage":9,"enemies":"Chosen","floor":18,"turns":5},{"damage":19,"enemies":"Shell Parasite","floor":20,"turns":5},{"damage":32,"enemies":"Snake Plant","floor":22,"turns":5},{"damage":7,"enemies":"3 Cultists","floor":24,"turns":5},{"damage":4,"enemies":"Cultist and Chosen","floor":30,"turns":7},{"damage":51,"enemies":"Collector","floor":33,"turns":11},{"damage":19,"enemies":"3 Shapes","floor":35,"turns":5},{"damage":1,"enemies":"3 Darklings","floor":38,"turns":2},{"damage":7,"enemies":"Jaw Worm Horde","floor":45,"turns":3},{"damage":0,"enemies":"4 Shapes","floor":46,"turns":5},{"damage":12,"enemies":"Mind Bloom Boss Battle","floor":48,"turns":7},{"damage":60,"enemies":"Donu and Deca","floor":50,"turns":9}],"seed_played":"1644353510717449593","potions_obtained":[{"floor":2,"key":"SteroidPotion"},{"floor":5,"key":"SteroidPotion"},{"floor":12,"key":"Poison Potion"},{"floor":13,"key":"Regen Potion"},{"floor":16,"key":"Explosive Potion"},{"floor":18,"key":"SkillPotion"},{"floor":20,"key":"FearPotion"},{"floor":24,"key":"Block Potion"},{"floor":35,"key":"GhostInAJar"}],"is_trial":false,"path_per_floor":["M","M","M","?","M","M","M","E","T","?","R","M","M","?","R","B",null,"M","?","M","$","M","R","M","R","T","R","$","?","M","T","R","B",null,"M","$","?","M","?","R","R","?","T","R","M","M","R","?","R","B",null],"character_chosen":"THE_SILENT","items_purchased":["Accuracy","Infinite Blades","Happy Flower","Panache"],"campfire_rested":2,"item_purchase_floors":[21,28,28,36],"current_hp_per_floor":[70,70,66,52,52,52,52,45,45,50,50,48,44,44,44,12,75,66,66,47,47,15,37,30,30,30,52,52,52,48,48,48,22,75,56,56,56,55,55,55,55,55,55,55,48,48,48,61,61,15],"gold":161,"neow_bonus":"TRANSFORM_CARD","is_prod":false,"is_daily":false,"chose_seed":false,"campfire_upgraded":3,"win_rate":0,"timestamp":1555685206,"path_taken":["M","M","M","?","M","M","M","E","T","?","R","M","M","?","R","BOSS","M","?","M","$","M","R","M","R","T","R","?","?","M","?","R","BOSS","M","$","?","M","?","R","R","?","T","R","M","M","R","?","R","BOSS"],"build_version":"2019-01-23","purchased_purges":1,"victory":true,"max_hp_per_floor":[70,70,70,70,70,70,70,70,70,75,75,75,75,75,75,75,75,75,75,75,75,75,75,75,75,75,75,75,75,75,75,75,75,75,75,75,75,75,75,75,75,75,75,75,75,75,75,75,75,75],"card_choices":[{"not_picked":["Dash","Quick Slash"],"picked":"Cloak And Dagger","floor":1},{"not_picked":["Underhanded Strike","Backflip"],"picked":"Expertise","floor":2},{"not_picked":["Bane","Crippling Poison"],"picked":"Backstab","floor":3},{"not_picked":["Endless Agony","Skewer"],"picked":"Calculated Gamble","floor":5},{"not_picked":["Dagger Throw","Sucker Punch"],"picked":"Skewer","floor":6},{"not_picked":["Bane","Poisoned Stab"],"picked":"Quick Slash","floor":7},{"not_picked":["Flying Knee","Cloak And Dagger"],"picked":"Blade Dance","floor":8},{"not_picked":["Heel Hook","Poisoned Stab"],"picked":"Expertise","floor":12},{"not_picked":["Dagger Spray","Dagger Throw"],"picked":"PiercingWail","floor":13},{"not_picked":["Deadly Poison","Slice"],"picked":"Backflip","floor":14},{"not_picked":["Corpse Explosion","Unload"],"picked":"Storm of Steel","floor":16},{"not_picked":["Deadly Poison","Deflect","Slice"],"picked":"SKIP","floor":18},{"not_picked":["Bouncing Flask","Catalyst"],"picked":"Well Laid Plans","floor":20},{"not_picked":["Quick Slash","Slice"],"picked":"Acrobatics+1","floor":22},{"not_picked":["PiercingWail+1","Caltrops"],"picked":"Backflip","floor":24},{"not_picked":["Flying Knee","Backstab"],"picked":"Backflip+1","floor":30},{"not_picked":["Dagger Spray+1","Blade Dance+1","Skewer"],"picked":"Dash","floor":35},{"not_picked":["Deflect","Quick Slash+1","Masterful Stab+1"],"picked":"Prepared","floor":38},{"not_picked":["Finesse","Flash of Steel","Madness"],"picked":"Thinking Ahead","floor":39},{"not_picked":["Distraction+1","Sucker Punch","Flechettes","Underhanded Strike"],"picked":"SKIP","floor":45},{"not_picked":["Dagger Spray+1","Deadly Poison+1","Backflip"],"picked":"Expertise+1","floor":46},{"not_picked":["Masterful Stab","Underhanded Strike+1","PiercingWail"],"picked":"Bullet Time","floor":48}],"player_experience":37044,"relics_obtained":[{"floor":8,"key":"Bag of Preparation"},{"floor":9,"key":"Shovel"},{"floor":11,"key":"Orichalcum"},{"floor":14,"key":"Odd Mushroom"},{"floor":15,"key":"Pantograph"},{"floor":25,"key":"Ginger"},{"floor":26,"key":"Dodecahedron"},{"floor":31,"key":"War Paint"},{"floor":34,"key":"Omamori"},{"floor":34,"key":"Question Card"},{"floor":34,"key":"WingedGreaves"},{"floor":40,"key":"FossilizedHelix"},{"floor":41,"key":"Gambling Chip"},{"floor":43,"key":"Potion Belt"},{"floor":44,"key":"Mercury Hourglass"},{"floor":48,"key":"Incense Burner"}],"event_choices":[{"damage_healed":0,"gold_gain":0,"player_choice":"Entered Light","damage_taken":14,"max_hp_gain":0,"max_hp_loss":0,"event_name":"Shining Light","floor":4,"gold_loss":0,"cards_upgraded":["Dagger Throw","Expertise"]},{"damage_healed":0,"gold_gain":0,"player_choice":"Donut","damage_taken":0,"max_hp_gain":5,"max_hp_loss":0,"event_name":"Big Fish","floor":10,"gold_loss":0},{"damage_healed":0,"gold_gain":0,"player_choice":"Fought Mushrooms","damage_taken":0,"max_hp_gain":0,"max_hp_loss":0,"event_name":"Mushrooms","floor":14,"gold_loss":0},{"damage_healed":0,"gold_gain":0,"player_choice":"Bought 0 Potions","damage_taken":0,"max_hp_gain":0,"max_hp_loss":0,"event_name":"The Woman in Blue","floor":19,"gold_loss":0},{"damage_healed":0,"gold_gain":0,"player_choice":"Simplicity","damage_taken":0,"max_hp_gain":0,"max_hp_loss":0,"event_name":"Back to Basics","floor":29,"gold_loss":0,"cards_upgraded":["Defend_G","Defend_G","Defend_G","Defend_G","Strike_G","Strike_G","Strike_G","Strike_G"]},{"damage_healed":0,"gold_gain":0,"player_choice":"Paid","damage_taken":0,"relics_obtained":["Red Mask"],"max_hp_gain":0,"max_hp_loss":0,"event_name":"Tomb of Lord Red Mask","floor":37,"gold_loss":21},{"damage_healed":0,"gold_gain":0,"player_choice":"Memory 1","damage_taken":0,"max_hp_gain":0,"max_hp_loss":0,"event_name":"SensoryStone","floor":39,"gold_loss":0},{"cards_removed":["Strike_G"],"damage_healed":0,"gold_gain":0,"player_choice":"Removed Attack","damage_taken":0,"max_hp_gain":0,"max_hp_loss":0,"event_name":"Falling","floor":42,"gold_loss":0},{"damage_healed":0,"gold_gain":0,"player_choice":"Fight","damage_taken":0,"max_hp_gain":0,"max_hp_loss":0,"event_name":"MindBloom","floor":48,"gold_loss":0}],"is_beta":false,"boss_relics":[{"not_picked":["Tiny House","White Beast Statue"],"picked":"HoveringKite"},{"not_picked":["Black Star","Runic Dome"],"picked":"Calling Bell"}],"items_purged_floors":[21],"is_endless":false,"potions_floor_spawned":[2,5,12,13,16,18,20,24,35],"ascension_level":0}