{"gold_per_floor":[113,128,93,113,125,154,154,187,187,198,274,304,304,17,17,121,121,140,159,174,174,193,228,22,38,38,52,151,151,181,195,195,291,291,306,306,319,16,29,92,92,121,121,156,167,167,167,180,180,180],"floor_reached":51,"playtime":2614,"items_purged":[],"score":1034,"play_id":"3bc812d1-da99-4b3f-abcb-44a4a34cd5d0","local_time":"20190115195429","is_ascension_mode":true,"campfire_choices":[{"floor":7,"key":"REST"},{"floor":13,"key":"REST"},{"data":"Rainbow","floor":15,"key":"SMITH"},{"data":"Echo Form","floor":29,"key":"SMITH"},{"data":"Defragment","floor":32,"key":"SMITH"},{"data":"Thunder Strike","floor":47,"key":"SMITH"},{"data":"Capacitor","floor":49,"key":"SMITH"}],"neow_cost":"TEN_PERCENT_HP_LOSS","seed_source_timestamp":6576352208100,"circlet_count":0,"master_deck":["Strike_B","Strike_B","Strike_B","Strike_B","Defend_B","Defend_B","Defend_B","Defend_B","Zap","Dualcast","Undo","Storm","Self Repair","Ball Lightning","Glacier","Static Discharge","Doom and Gloom","Core Surge","White Noise","Auto Shields","Self Repair","Rainbow+1","Creative AI","Double Energy+1","Turbo","Storm","Conserve Battery","Defragment+1","Multi-Cast","Meteor Strike","Tempest+1","Leap+1","Self Repair+1","Echo Form+1","Thunder Strike+1","Conserve Battery+1","Madness","Madness","Undo+1","Defragment+1","Defragment+1","Parasite","Capacitor+1"],"relics":["Cracked Core","Prayer Wheel","Ginger","Lantern","Pantograph","Shuriken","Membership Card","Snecko Eye","PreservedInsect","Bottled Lightning","Art of War","Bird Faced Urn","Strawberry","Black Star","DollysMirror","Meat on the Bone","Anchor","Vajra","Tiny Chest","Gremlin Horn","Calipers","Toxic Egg 2","Juzu Bracelet","Orichalcum"],"potions_floor_usage":[8,12,23,23,25,27,39,40,40,44],"damage_taken":[{"damage":6,"enemies":"Cultist","floor":1,"turns":4},{"damage":14,"enemies":"Small Slimes","floor":2,"turns":4},{"damage":0,"enemies":"2 Louse","floor":4,"turns":3},{"damage":26,"enemies":"2 Fungi Beasts","floor":5,"turns":4},{"damage":35,"enemies":"Gremlin Nob","floor":6,"turns":4},{"damage":23,"enemies":"Lagavulin","floor":8,"turns":8},{"damage":15,"enemies":"Large Slime","floor":10,"turns":5},{"damage":15,"enemies":"3 Sentries","floor":12,"turns":7},{"damage":0,"enemies":"Slime Boss","floor":16,"turns":6},{"damage":2,"enemies":"Spheric Guardian","floor":18,"turns":3},{"damage":2,"enemies":"Chosen","floor":19,"turns":3},{"damage":10,"enemies":"Snecko","floor":20,"turns":3},{"damage":22,"enemies":"Shelled Parasite and Fungi","floor":22,"turns":4},{"damage":35,"enemies":"Book of Stabbing","floor":23,"turns":5},{"damage":9,"enemies":"Centurion and Healer","floor":25,"turns":3},{"damage":13,"enemies":"Snake Plant","floor":27,"turns":4},{"damage":22,"enemies":"Slavers","floor":30,"turns":2},{"damage":1,"enemies":"Cultist and Chosen","floor":31,"turns":4},{"damage":75,"enemies":"Automaton","floor":33,"turns":8},{"damage":0,"enemies":"Orb Walker","floor":35,"turns":2},{"damage":22,"enemies":"3 Shapes","floor":37,"turns":4},{"damage":4,"enemies":"Transient","floor":39,"turns":5},{"damage":39,"enemies":"Nemesis","floor":40,"turns":5},{"damage":3,"enemies":"Giant Head","floor":42,"turns":5},{"damage":55,"enemies":"Reptomancer","floor":44,"turns":6},{"damage":0,"enemies":"Sphere and 2 Shapes","floor":45,"turns":3},{"damage":12,"enemies":"Writhing Mass","floor":48,"turns":6},{"damage":48,"enemies":"Time Eater","floor":50,"turns":11}],"seed_played":"-5472693032068634130","potions_obtained":[{"floor":1,"key":"FairyPotion"},{"floor":4,"key":"Regen Potion"},{"floor":8,"key":"Strength Potion"},{"floor":10,"key":"FocusPotion"},{"floor":18,"key":"FocusPotion"},{"floor":23,"key":"Poison Potion"},{"floor":25,"key":"Fire Potion"},{"floor":33,"key":"PowerPotion"},{"floor":37,"key":"EssenceOfSteel"},{"floor":39,"key":"AttackPotion"},{"floor":42,"key":"Fire Potion"},{"floor":46,"key":"FairyPotion"},{"floor":46,"key":"Strength Potion"}],"is_trial":false,"path_per_floor":["M","M","?","M","M","E","R","E","T","M","?","E","R","$","R","B",null,"M","M","M","?","M","E","$","M","T","M","?","R","E","M","R","B",null,"M","?","M","$","M","E","?","E","T","E","M","?","R","M","R","B",null],"character_chosen":"DEFECT","items_purchased":["Membership Card","Rainbow","Bottled Lightning","Art of War","DollysMirror","Meat on the Bone","Anchor"],"campfire_rested":2,"item_purchase_floors":[14,14,24,24,38,38,38],"current_hp_per_floor":[62,48,65,68,49,21,41,34,34,26,26,18,38,38,38,68,68,66,68,65,65,50,29,29,27,27,48,48,48,57,71,71,18,75,75,66,67,67,75,52,52,75,75,72,75,75,75,73,73,71],"gold":180,"neow_bonus":"ONE_RARE_RELIC","is_prod":false,"is_daily":false,"chose_seed":false,"campfire_upgraded":5,"win_rate":0,"timestamp":1547600069,"path_taken":["M","M","?","M","M","E","R","E","T","M","?","E","R","$","R","BOSS","M","M","M","?","M","E","$","M","T","M","?","R","E","M","R","BOSS","M","?","M","$","M","E","?","E","T","E","M","?","R","M","R","BOSS"],"build_version":"2019-01-10","purchased_purges":0,"victory":true,"max_hp_per_floor":[68,68,68,68,68,68,68,68,68,68,68,68,68,68,68,68,68,68,68,68,68,68,68,68,68,68,68,68,68,75,75,75,75,75,75,75,75,75,75,75,75,75,75,75,75,75,75,75,75,75],"card_choices":[{"not_picked":["Rip and Tear","Redo"],"picked":"Undo","floor":1},{"not_picked":["Capacitor","Stack"],"picked":"Storm","floor":1},{"not_picked":["Hello World","Streamline"],"picked":"Self Repair","floor":2},{"not_picked":["Blizzard","Compile Driver"],"picked":"Ball Lightning","floor":2},{"not_picked":["Ball Lightning","Chill"],"picked":"Glacier","floor":4},{"not_picked":["Tempest","Beam Cell"],"picked":"Static Discharge","floor":4},{"not_picked":["Leap","Go for the Eyes"],"picked":"Doom and Gloom","floor":5},{"not_picked":["Reinforced Body","FTL","Genetic Algorithm"],"picked":"SKIP","floor":5},{"not_picked":["Blizzard","Streamline"],"picked":"Core Surge","floor":6},{"not_picked":["FTL","Doom and Gloom"],"picked":"White Noise","floor":8},{"not_picked":["Darkness","Ball Lightning"],"picked":"Auto Shields","floor":10},{"not_picked":["Scrape","Steam","Go for the Eyes"],"picked":"SKIP","floor":10},{"not_picked":["Turbo","Sweeping Beam"],"picked":"Self Repair","floor":12},{"not_picked":["Multi-Cast","Thunder Strike"],"picked":"Creative AI","floor":16},{"not_picked":["Lockon","Coolheaded"],"picked":"Double Energy+1","floor":18},{"not_picked":["Lockon","Stack"],"picked":"Turbo","floor":18},{"not_picked":["Compile Driver","Rebound"],"picked":"Storm","floor":19},{"not_picked":["Chaos","Steam"],"picked":"Conserve Battery","floor":19},{"not_picked":["Hello World","Cold Snap"],"picked":"Defragment","floor":20},{"not_picked":["Turbo","Steam","Beam Cell+1"],"picked":"SKIP","floor":20},{"not_picked":["Turbo","Steam","Beam Cell+1"],"picked":"SKIP","floor":20},{"not_picked":["Force Field","Self Repair"],"picked":"Meteor Strike","floor":22},{"not_picked":["Tempest+1","Redo","Turbo"],"picked":"SKIP","floor":22},{"not_picked":["Redo","Turbo"],"picked":"Tempest+1","floor":22},{"not_picked":["Coolheaded","Melter"],"picked":"Leap+1","floor":23},{"not_picked":["Lockon","Gash"],"picked":"Self Repair+1","floor":25},{"not_picked":["Compile Driver","Blizzard+1","Redo"],"picked":"SKIP","floor":25},{"not_picked":["Turbo","Compile Driver+1"],"picked":"Echo Form","floor":27},{"not_picked":["Rebound","Fusion+1","Streamline"],"picked":"SKIP","floor":27},{"not_picked":["Steam","Cold Snap+1","Storm+1"],"picked":"SKIP","floor":30},{"not_picked":["Sweeping Beam+1","Cold Snap+1","Ball Lightning+1"],"picked":"SKIP","floor":31},{"not_picked":["Doom and Gloom+1","Tempest","Go for the Eyes"],"picked":"SKIP","floor":31},{"not_picked":["Seek","Amplify"],"picked":"Thunder Strike","floor":33},{"not_picked":["Tempest+1","Hologram"],"picked":"Conserve Battery+1","floor":35},{"not_picked":["Ball Lightning+1","Hologram","Rebound+1"],"picked":"SKIP","floor":35},{"not_picked":["Ball Lightning+1","White Noise"],"picked":"Undo+1","floor":37},{"not_picked":["Biased Cognition","Leap+1","Compile Driver+1"],"picked":"SKIP","floor":37},{"not_picked":["Redo","Melter+1","Chaos+1"],"picked":"SKIP","floor":39},{"not_picked":["Heatsinks","BootSequence+1","Machine Learning"],"picked":"SKIP","floor":39},{"not_picked":["Streamline","Sweeping Beam","Gash"],"picked":"SKIP","floor":40},{"not_picked":["Rebound+1","Self Repair+1","Amplify"],"picked":"SKIP","floor":42},{"not_picked":["Redo+1","Self Repair+1","Go for the Eyes"],"picked":"SKIP","floor":44},{"not_picked":["Static Discharge","White Noise+1","Force Field+1"],"picked":"SKIP","floor":45},{"not_picked":["White Noise+1","Redo+1","Coolheaded+1"],"picked":"SKIP","floor":45},{"not_picked":["Rebound+1","Go for the Eyes+1"],"picked":"Capacitor","floor":48},{"not_picked":["Hello World","Conserve Battery+1","Storm+1"],"picked":"SKIP","floor":48}],"player_experience":339632,"relics_obtained":[{"floor":6,"key":"Ginger"},{"floor":8,"key":"Lantern"},{"floor":9,"key":"Pantograph"},{"floor":12,"key":"Shuriken"},{"floor":23,"key":"PreservedInsect"},{"floor":26,"key":"Bird Faced Urn"},{"floor":30,"key":"Strawberry"},{"floor":40,"key":"Vajra"},{"floor":40,"key":"Tiny Chest"},{"floor":42,"key":"Gremlin Horn"},{"floor":42,"key":"Calipers"},{"floor":43,"key":"Toxic Egg 2"},{"floor":44,"key":"Juzu Bracelet"},{"floor":44,"key":"Orichalcum"}],"event_choices":[{"damage_healed":17,"gold_gain":0,"player_choice":"Healed","damage_taken":0,"max_hp_gain":0,"max_hp_loss":0,"event_name":"The Cleric","floor":3,"gold_loss":35},{"damage_healed":0,"gold_gain":76,"player_choice":"Gained Gold","damage_taken":0,"max_hp_gain":0,"max_hp_loss":0,"event_name":"Golden Wing","floor":11,"gold_loss":0},{"damage_healed":0,"gold_gain":0,"player_choice":"Read","damage_taken":0,"max_hp_gain":0,"max_hp_loss":0,"event_name":"The Library","floor":21,"gold_loss":0,"cards_obtained":["Multi-Cast"]},{"damage_healed":0,"gold_gain":99,"player_choice":"Stole From Cult","damage_taken":0,"max_hp_gain":0,"max_hp_loss":0,"event_name":"Nest","floor":28,"gold_loss":0},{"damage_healed":0,"gold_gain":0,"player_choice":"Embrace Madness","damage_taken":9,"max_hp_gain":0,"max_hp_loss":0,"event_name":"Winding Halls","floor":36,"gold_loss":0,"cards_obtained":["Madness","Madness"]},{"damage_healed":0,"gold_gain":0,"player_choice":"Copied","damage_taken":0,"max_hp_gain":0,"max_hp_loss":0,"event_name":"Duplicator","floor":41,"gold_loss":0,"cards_obtained":["Defragment"]},{"damage_healed":0,"gold_gain":0,"player_choice":"Got Potions","damage_taken":0,"max_hp_gain":0,"max_hp_loss":0,"event_name":"Lab","floor":46,"gold_loss":0}],"is_beta":false,"boss_relics":[{"not_picked":["Nuclear Battery","Calling Bell"],"picked":"Snecko Eye"},{"not_picked":["Coffee Dripper","Eternal Feather"],"picked":"Black Star"}],"items_purged_floors":[],"is_endless":false,"potions_floor_spawned":[1,4,8,10,18,20,23,25,33,37,39,42],"ascension_level":4}