{"gold_per_floor":[118,137,137,137,113,148,148,173,227,252,292,292],"floor_reached":12,"playtime":198,"items_purged":[],"score":124,"play_id":"d1c18273-63de-4dd6-9485-07d475bae0db","local_time":"20181109235852","is_ascension_mode":true,"campfire_choices":[{"data":"Gash","floor":7,"key":"SMITH"}],"neow_cost":"NONE","seed_source_timestamp":198896912469000,"circlet_count":0,"master_deck":["Strike_B","Strike_B","Strike_B","Strike_B","Defend_B","Defend_B","Defend_B","Defend_B","Zap+1","Dualcast","Ball Lightning","Go for the Eyes","Gash+1","Hologram","Rebound","Streamline"],"relics":["Cracked Core","NeowsBlessing","Golden Idol","Dream Catcher","Art of War","Pear"],"potions_floor_usage":[],"damage_taken":[{"damage":0,"enemies":"Jaw Worm","floor":1,"turns":1},{"damage":0,"enemies":"Small Slimes","floor":2,"turns":1},{"damage":0,"enemies":"Lagavulin","floor":6,"turns":1},{"damage":9,"enemies":"2 Louse","floor":8,"turns":2},{"damage":3,"enemies":"Looter","floor":10,"turns":2},{"damage":38,"enemies":"Gremlin Nob","floor":11,"turns":4}],"seed_played":"-2054904428733610588","potions_obtained":[{"floor":6,"key":"Ancient Potion"},{"floor":11,"key":"Weak Potion"}],"is_trial":false,"path_per_floor":["M","M","?","?","$","E","R","M","T","M","E","?"],"character_chosen":"DEFECT","items_purchased":["Gash"],"campfire_rested":0,"item_purchase_floors":[5],"current_hp_per_floor":[75,75,57,57,57,57,57,48,48,45,17,0],"gold":292,"neow_bonus":"THREE_ENEMY_KILL","is_prod":false,"is_daily":false,"chose_seed":false,"campfire_upgraded":1,"win_rate":0,"timestamp":1541825932,"path_taken":["M","M","?","?","$","E","R","M","T","M","E","?"],"build_version":"2018-11-08","purchased_purges":0,"victory":false,"max_hp_per_floor":[75,75,75,75,75,75,75,75,75,75,85,85],"card_choices":[{"not_picked":["Steam","Rebound"],"picked":"Ball Lightning","floor":1},{"not_picked":["Compile Driver","Rebound"],"picked":"Go for the Eyes","floor":2},{"not_picked":["Capacitor","Beam Cell"],"picked":"Hologram","floor":6},{"not_picked":["Stack","Blizzard"],"picked":"Rebound","floor":8},{"not_picked":["Recycle","Steam"],"picked":"Streamline","floor":10},{"not_picked":["Skim","Rainbow","Defragment"],"picked":"SKIP","floor":11}],"player_experience":277260,"relics_obtained":[{"floor":6,"key":"Dream Catcher"},{"floor":9,"key":"Art of War"},{"floor":11,"key":"Pear"}],"event_choices":[{"damage_healed":0,"gold_gain":0,"player_choice":"Take Damage","damage_taken":18,"relics_obtained":["Golden Idol"],"max_hp_gain":0,"max_hp_loss":0,"event_name":"Golden Idol","floor":3,"gold_loss":0},{"damage_healed":0,"gold_gain":0,"player_choice":"Grow","damage_taken":0,"max_hp_gain":0,"max_hp_loss":0,"event_name":"Living Wall","floor":4,"gold_loss":0,"cards_upgraded":["Zap"]}],"is_beta":true,"boss_relics":[],"items_purged_floors":[],"is_endless":false,"potions_floor_spawned":[6,11],"ascension_level":2}