{"path_per_floor":["M","M","M","M","M","R","M","R","T","R","M","M","R","M","R","B",null,"M","?","M","$","M","R","M","?","T","R","$","R","M","E","R","B",null,"M","?","?","M","?","R","$","?","T","M","$","R","M","M","R"],"character_chosen":"THE_SILENT","items_purchased":["Footwork","Whetstone","Prepared","Deflect"],"gold_per_floor":[112,124,139,154,164,164,174,174,200,200,216,228,228,243,243,340,340,360,360,370,31,49,49,64,64,64,64,12,12,29,64,64,166,166,185,185,185,201,201,201,101,0,27,41,41,41,53,66,66],"floor_reached":50,"campfire_rested":5,"playtime":2320,"current_hp_per_floor":[70,70,70,65,54,54,36,36,36,36,36,34,34,34,55,20,70,68,68,67,67,58,58,39,39,39,60,60,60,48,19,40,28,70,54,45,45,36,36,57,57,57,57,51,51,51,54,29,50],"items_purged":["Night Terror","Strike_G"],"gold":66,"score":434,"play_id":"0f74093d-f6cb-4c32-ab33-1914a629d062","local_time":"20180307162217","is_prod":false,"is_daily":false,"is_ascension_mode":false,"campfire_upgraded":7,"timestamp":1520457737,"path_taken":["M","M","M","M","M","R","M","R","T","R","M","M","R","M","R","BOSS","M","?","M","$","M","R","M","?","T","R","$","R","M","E","R","BOSS","M","?","?","M","?","R","$","?","T","M","$","R","M","M","R","BOSS"],"build_version":"2018-03-01-PROD1","purchased_purges":2,"victory":false,"master_deck":["Defend_G","Defend_G","Defend_G","Defend_G","Defend_G","Strike_G","Strike_G","Strike_G","Strike_G+1","Survivor","Neutralize+1","Adrenaline+1","Deflect+1","Backflip","Dagger Spray","Noxious Fumes+1","Blur","Deflect+1","Deadly Poison","Envenom","Deflect","Footwork+1","Dodge and Roll","Footwork+1","Prepared","Backflip","Deflect","Corpse Explosion+1","Madness","Madness","Catalyst+1"],"max_hp_per_floor":[70,70,70,70,70,70,70,70,70,70,70,70,70,70,70,70,70,70,70,70,70,70,70,70,70,70,70,70,70,70,70,70,70,70,70,70,70,70,70,70,70,70,70,70,70,70,70,70,70],"relics":["Ring of the Snake","Orichalcum","White Beast Statue","Whetstone","Frozen Eye","Snake Skull","Lizard Tail","Red Mask","Lantern"],"card_choices":[{"not_picked":["All Out Attack","Distraction"],"picked":"Deflect"},{"not_picked":["Quick Slash","Acrobatics"],"picked":"Backflip"},{"not_picked":["Outmaneuver","Underhanded Strike"],"picked":"Night Terror"},{"not_picked":["Deflect","Endless Agony"],"picked":"Cloak And Dagger"},{"not_picked":["Caltrops","Reflex"],"picked":"Dagger Spray"},{"not_picked":["Finisher","Underhanded Strike"],"picked":"Noxious Fumes"},{"not_picked":["Cloak And Dagger","Heel Hook"],"picked":"Blur"},{"not_picked":["Endless Agony","Prepared"],"picked":"Deflect"},{"not_picked":["Deflect","Flying Knee"],"picked":"Deadly Poison"},{"not_picked":["Venomology","After Image"],"picked":"Envenom"},{"not_picked":["Flying Knee","Poisoned Stab"],"picked":"Deflect"},{"not_picked":["Flying Knee","Slice"],"picked":"Dodge and Roll"},{"not_picked":["Cloak And Dagger","Poisoned Stab"],"picked":"Backflip"},{"not_picked":["Unload","Adrenaline"],"picked":"Corpse Explosion"},{"not_picked":["Quick Slash","Slice"],"picked":"Catalyst"}],"player_experience":147072,"potions_floor_usage":[16,16,20,24,30,31,31,33,33,44,47,47,50,50],"damage_taken":[{"damage":0,"enemies":"2 Louse","floor":1,"turns":3},{"damage":0,"enemies":"Small Slimes","floor":2,"turns":3},{"damage":0,"enemies":"Cultist","floor":3,"turns":3},{"damage":5,"enemies":"Looter","floor":4,"turns":4},{"damage":11,"enemies":"2 Fungi Beasts","floor":5,"turns":4},{"damage":18,"enemies":"Exordium Thugs","floor":7,"turns":8},{"damage":0,"enemies":"Exordium Wildlife","floor":11,"turns":3},{"damage":2,"enemies":"2 Fungi Beasts","floor":12,"turns":5},{"damage":0,"enemies":"Blue Slaver","floor":14,"turns":4},{"damage":35,"enemies":"Slime Boss","floor":16,"turns":12},{"damage":2,"enemies":"Shell Parasite","floor":18,"turns":6},{"damage":8,"enemies":"Chosen","floor":20,"turns":8},{"damage":9,"enemies":"Snake Plant","floor":22,"turns":7},{"damage":19,"enemies":"Slaver and Parasite","floor":24,"turns":8},{"damage":12,"enemies":"Snecko","floor":30,"turns":8},{"damage":29,"enemies":"Slavers","floor":31,"turns":7},{"damage":12,"enemies":"Collector","floor":33,"turns":12},{"damage":16,"enemies":"3 Shapes","floor":35,"turns":10},{"damage":9,"enemies":"Orb Walker","floor":38,"turns":8},{"damage":6,"enemies":"4 Shapes","floor":44,"turns":6},{"damage":12,"enemies":"3 Darklings","floor":47,"turns":6},{"damage":25,"enemies":"Sphere and 2 Shapes","floor":48,"turns":6},{"damage":107,"enemies":"Awakened One","floor":50,"turns":5}],"event_choices":[{"event_name":"The Library","player_choice":"Read","floor":19,"damage_taken":0},{"event_name":"Vampires","player_choice":"Ignored","floor":25,"damage_taken":0},{"event_name":"Winding Halls","player_choice":"Embrace Madness","floor":36,"damage_taken":0},{"event_name":"Mysterious Sphere","player_choice":"Ignore","floor":39,"damage_taken":0},{"event_name":"Tomb of Lord Red Mask","player_choice":"Paid","floor":42,"damage_taken":0}],"boss_relics":[{"not_picked":["Astrolabe","Philosopher\u0027s Stone"],"picked":"White Beast Statue"},{"not_picked":["Question Card","Black Star"],"picked":"Lizard Tail"}],"potions_floor_spawned":[1,4,7,16,18,20,22,24,30,31,33,35,38,44,47,48],"seed_played":"-963492885397096563","killed_by":"Awakened One","ascension_level":0,"is_trial":false}