{"gold_per_floor":[114,114,128,146,164,164,182,182,182,182],"floor_reached":10,"playtime":311,"items_purged":[],"score":60,"play_id":"c1fd6e92-0812-4c42-9f77-bf577b9398d1","local_time":"20190208015159","is_ascension_mode":false,"campfire_choices":[{"data":"Bash","floor":6,"key":"SMITH"},{"floor":8,"key":"REST"}],"neow_cost":"NONE","seed_source_timestamp":57872363866100,"circlet_count":0,"master_deck":["Strike_R","Strike_R","Strike_R","Strike_R","Strike_R","Defend_R","Defend_R","Defend_R","Defend_R","Bash+1"],"special_seed":0,"relics":["Burning Blood","Art of War","GremlinMask","The Courier"],"potions_floor_usage":[5],"damage_taken":[{"damage":7,"enemies":"2 Louse","floor":1,"turns":3},{"damage":10,"enemies":"Cultist","floor":3,"turns":4},{"damage":11,"enemies":"Jaw Worm","floor":4,"turns":4},{"damage":15,"enemies":"3 Louse","floor":5,"turns":4},{"damage":28,"enemies":"Lots of Slimes","floor":7,"turns":6},{"damage":73,"enemies":"The Mushroom Lair","floor":10,"turns":6}],"seed_played":"-4054631407506212081","potions_obtained":[{"floor":4,"key":"SkillPotion"},{"floor":7,"key":"SneckoOil"}],"is_trial":false,"path_per_floor":["M","?","M","M","M","R","M","R","T","?"],"character_chosen":"IRONCLAD","items_purchased":[],"campfire_rested":1,"item_purchase_floors":[],"current_hp_per_floor":[79,79,75,70,61,61,39,63,63,0],"gold":182,"neow_bonus":"RANDOM_COMMON_RELIC","is_prod":false,"is_daily":false,"chose_seed":false,"campfire_upgraded":1,"win_rate":0,"timestamp":1549608719,"path_taken":["M","?","?","M","M","R","M","R","T","?"],"build_version":"2019-01-23","purchased_purges":0,"victory":false,"max_hp_per_floor":[80,80,80,80,80,80,80,80,80,80],"card_choices":[{"not_picked":["Cleave","Clothesline","Pommel Strike"],"picked":"SKIP","floor":1},{"not_picked":["Clash","Wild Strike","Iron Wave"],"picked":"SKIP","floor":3},{"not_picked":["Anger","Rage","Havoc"],"picked":"SKIP","floor":4},{"not_picked":["Twin Strike","Exhume","Ghostly Armor"],"picked":"SKIP","floor":5},{"not_picked":["Headbutt","Body Slam","Second Wind"],"picked":"SKIP","floor":7}],"player_experience":420453,"relics_obtained":[{"floor":9,"key":"The Courier"}],"event_choices":[{"damage_healed":0,"gold_gain":0,"player_choice":"Trade","damage_taken":0,"relics_obtained":["GremlinMask"],"max_hp_gain":0,"max_hp_loss":0,"event_name":"FaceTrader","floor":2,"gold_loss":0},{"damage_healed":0,"gold_gain":0,"player_choice":"Fought Mushrooms","damage_taken":0,"max_hp_gain":0,"max_hp_loss":0,"event_name":"Mushrooms","floor":10,"gold_loss":0}],"is_beta":false,"boss_relics":[],"items_purged_floors":[],"is_endless":false,"potions_floor_spawned":[4,7],"killed_by":"The Mushroom Lair","ascension_level":0}