{"gold_per_floor":[109,34,51,67,67,93,93,45,45,45,63,80,80,80,80,176,176,163,179,22,42,55,88,88,88,88,106,106],"floor_reached":28,"playtime":2201,"items_purged":["Defend_B"],"score":240,"play_id":"23880a7f-bbf9-4efd-b866-1021d8ec353a","local_time":"20181211193211","is_ascension_mode":false,"campfire_choices":[{"floor":7.0,"key":"REST"},{"data":"Capacitor","floor":13.0,"key":"SMITH"},{"data":"Genetic Algorithm","floor":15.0,"key":"SMITH"},{"floor":24,"key":"REST"}],"neow_cost":"NONE","seed_source_timestamp":0,"circlet_count":0,"master_deck":["Strike_B","Strike_B","Strike_B","Defend_B","Defend_B","Defend_B","Zap","Dualcast","Capacitor+1","Auto Shields","Genetic Algorithm+1","Cold Snap","Cold Snap","FTL","Biased Cognition","Cold Snap+1","Storm","Hologram+1","FTL+1","Iron Wave"],"special_seed":0,"relics":["Cracked Core","Bottled Tornado","Anchor","Ice Cream","Inserter","Orichalcum","Ornamental Fan","Shuriken"],"potions_floor_usage":[23,23],"damage_taken":[{"damage":1.0,"enemies":"Cultist","floor":1.0,"turns":4.0},{"damage":11.0,"enemies":"Jaw Worm","floor":3.0,"turns":4.0},{"damage":0.0,"enemies":"Small Slimes","floor":4.0,"turns":3.0},{"damage":12.0,"enemies":"Gremlin Nob","floor":6.0,"turns":4.0},{"damage":2.0,"enemies":"Red Slaver","floor":11.0,"turns":3.0},{"damage":17.0,"enemies":"Gremlin Gang","floor":12.0,"turns":6.0},{"damage":22.0,"enemies":"Slime Boss","floor":16.0,"turns":16.0},{"damage":7,"enemies":"2 Thieves","floor":18,"turns":4},{"damage":0,"enemies":"Shell Parasite","floor":19,"turns":6},{"damage":0,"enemies":"Cultist and Chosen","floor":21,"turns":7},{"damage":11,"enemies":"Snecko","floor":22,"turns":7},{"damage":62,"enemies":"Slavers","floor":23,"turns":9},{"damage":18,"enemies":"Sentry and Sphere","floor":27,"turns":6},{"damage":10,"enemies":"Snake Plant","floor":28,"turns":3}],"seed_played":"-8767140845811450631","potions_obtained":[{"floor":3.0,"key":"PowerPotion"},{"floor":12.0,"key":"GamblersBrew"},{"floor":16.0,"key":"Ancient Potion"},{"floor":19,"key":"EssenceOfSteel"},{"floor":23,"key":"FearPotion"}],"is_trial":false,"path_per_floor":["M","$","M","M","?","E","R","$","T","?","M","M","R","$","R","B",null,"M","M","$","M","M","E","R","?","T","M","M"],"character_chosen":"DEFECT","items_purchased":["Cold Snap","Orichalcum"],"campfire_rested":2,"item_purchase_floors":[8,20],"current_hp_per_floor":[81,81,70,70,70,58,82,82,82,82,80,63,63,63,63,41,82,75,75,75,75,64,2,26,26,26,8,0],"gold":106,"neow_bonus":"TEN_PERCENT_HP_BONUS","is_prod":false,"is_daily":false,"chose_seed":false,"campfire_upgraded":2,"win_rate":0.0,"timestamp":1544574731,"path_taken":["M","$","?","M","?","E","R","$","T","?","?","M","R","?","R","BOSS","M","M","$","?","M","E","R","?","T","?","M"],"build_version":"2018-12-06","purchased_purges":1,"victory":false,"max_hp_per_floor":[82,82,82,82,82,82,82,82,82,82,82,82,82,82,82,82,82,82,82,82,82,82,82,82,82,82,82,82],"card_choices":[{"not_picked":["Steam","Heatsinks"],"picked":"Capacitor","floor":1.0},{"not_picked":["Gash","Reinforced Body"],"picked":"Auto Shields","floor":3.0},{"not_picked":["Streamline","Hologram"],"picked":"Beam Cell","floor":4.0},{"not_picked":["Hologram","Fusion"],"picked":"Genetic Algorithm","floor":6.0},{"not_picked":["Hologram","Sweeping Beam"],"picked":"Cold Snap","floor":11.0},{"not_picked":["Leap","Glacier"],"picked":"FTL","floor":12.0},{"not_picked":["Thunder Strike","Buffer"],"picked":"Biased Cognition","floor":16.0},{"not_picked":["Fusion+1","Stack"],"picked":"Cold Snap+1","floor":18},{"not_picked":["Sweeping Beam","Hologram","Stack"],"picked":"SKIP","floor":19},{"not_picked":["Gash","Aggregate+1"],"picked":"Storm","floor":21},{"not_picked":["Cold Snap","Streamline"],"picked":"Hologram+1","floor":22},{"not_picked":["Steam","Streamline"],"picked":"FTL+1","floor":23},{"not_picked":["Ball Lightning","Hologram+1","Rebound"],"picked":"SKIP","floor":27}],"player_experience":27746,"relics_obtained":[{"floor":6.0,"key":"Bottled Tornado"},{"floor":9.0,"key":"Anchor"},{"floor":23,"key":"Ornamental Fan"},{"floor":26,"key":"Shuriken"}],"event_choices":[{"damage_healed":0.0,"max_hp_gain":0.0,"max_hp_loss":0.0,"gold_gain":0.0,"event_name":"Liars Game","player_choice":"Ignored","floor":5.0,"gold_loss":0.0,"damage_taken":0.0},{"cards_removed":["Beam Cell"],"damage_healed":0.0,"max_hp_gain":0.0,"max_hp_loss":0.0,"gold_gain":0.0,"event_name":"WeMeetAgain","player_choice":"Gave Card","floor":10.0,"gold_loss":0.0,"damage_taken":0.0,"relics_obtained":["Ice Cream"]},{"cards_removed":["Strike_B"],"damage_healed":0,"gold_gain":0,"player_choice":"Took Card","damage_taken":0,"max_hp_gain":0,"max_hp_loss":0,"event_name":"NoteForYourself","floor":25,"gold_loss":0,"cards_obtained":["Iron Wave"]}],"is_beta":false,"boss_relics":[{"not_picked":["Empty Cage","Runic Pyramid"],"picked":"Inserter"}],"items_purged_floors":[2],"is_endless":false,"potions_floor_spawned":[3,12,16,19,22,23],"killed_by":"Snake Plant","ascension_level":0}