{"gold_per_floor":[119,119,24,99,19,48,48,62,62,95,110,110,110,126,126,126],"floor_reached":16,"playtime":367,"items_purged":[],"score":266,"play_id":"45de9f79-e72b-49cd-961a-fc1e5d51ee60","local_time":"20190424222824","is_ascension_mode":true,"campfire_choices":[{"data":"Zap","floor":7.0,"key":"SMITH"},{"floor":15,"key":"REST"}],"neow_cost":"NONE","seed_source_timestamp":27103933467415,"circlet_count":0,"master_deck":["AscendersBane","Strike_B","Strike_B+1","Strike_B","Defend_B","Defend_B","Defend_B","Defend_B","Zap+1","Dualcast","BootSequence","Gash","BootSequence","Chill","FTL+1","Static Discharge+1","Gash","Gash","Hologram"],"special_seed":0,"relics":["Cracked Core","NeowsBlessing","Sundial","Ornamental Fan","Happy Flower"],"potions_floor_usage":[10,16],"damage_taken":[{"damage":0.0,"enemies":"Cultist","floor":1.0,"turns":1.0},{"damage":0.0,"enemies":"Gremlin Nob","floor":6.0,"turns":1.0},{"damage":0.0,"enemies":"Jaw Worm","floor":8.0,"turns":1.0},{"damage":11,"enemies":"3 Sentries","floor":10,"turns":6},{"damage":4,"enemies":"Small Slimes","floor":11,"turns":3},{"damage":0,"enemies":"3 Louse","floor":14,"turns":4},{"damage":32,"enemies":"The Guardian","floor":16,"turns":9}],"seed_played":"6732939694224116032","potions_obtained":[{"floor":1.0,"key":"Explosive Potion"},{"floor":10,"key":"SkillPotion"},{"floor":14,"key":"Explosive Potion"}],"is_trial":false,"path_per_floor":["M","?","$","?","$","E","R","M","T","E","M","?","?","M","R","B"],"character_chosen":"DEFECT","items_purchased":["Gash","BootSequence","Chill"],"campfire_rested":1,"item_purchase_floors":[3,3,5],"current_hp_per_floor":[64,57,57,46,46,46,46,46,46,35,31,10,10,10,31,0],"gold":126,"neow_bonus":"THREE_ENEMY_KILL","is_prod":false,"is_daily":false,"chose_seed":false,"campfire_upgraded":1,"win_rate":0,"timestamp":1556137704,"path_taken":["M","?","$","?","$","E","R","M","T","E","M","?","?","M","R","BOSS"],"build_version":"2019-04-23","purchased_purges":0,"victory":false,"max_hp_per_floor":[71,71,71,71,71,71,71,71,71,71,71,71,71,71,71,71],"card_choices":[{"not_picked":["Doom and Gloom","Sweeping Beam"],"picked":"BootSequence","floor":1.0},{"not_picked":["Turbo","Stack"],"picked":"FTL","floor":6.0},{"not_picked":["Steam","Heatsinks"],"picked":"Static Discharge","floor":8.0},{"not_picked":["Reboot","Blizzard"],"picked":"Gash","floor":10},{"not_picked":["Doom and Gloom","Force Field"],"picked":"Gash","floor":11},{"not_picked":["Steam","Conserve Battery"],"picked":"Hologram","floor":14}],"player_experience":1209150,"relics_obtained":[{"floor":6.0,"key":"Sundial"},{"floor":9.0,"key":"Ornamental Fan"},{"floor":10,"key":"Happy Flower"}],"event_choices":[{"cards_removed":["Strike_B"],"damage_healed":0.0,"max_hp_gain":0.0,"max_hp_loss":0.0,"gold_gain":0.0,"event_name":"Golden Wing","player_choice":"Card Removal","floor":2.0,"gold_loss":0.0,"damage_taken":7.0},{"damage_healed":0.0,"max_hp_gain":0.0,"max_hp_loss":0.0,"gold_gain":75.0,"event_name":"World of Goop","player_choice":"Gather Gold","floor":4.0,"gold_loss":0.0,"damage_taken":11.0},{"damage_healed":0,"gold_gain":0,"player_choice":"Entered Light","damage_taken":21,"max_hp_gain":0,"max_hp_loss":0,"event_name":"Shining Light","floor":12,"gold_loss":0,"cards_upgraded":["FTL","Strike_B"]},{"damage_healed":0,"gold_gain":0,"player_choice":"Grow","damage_taken":0,"max_hp_gain":0,"max_hp_loss":0,"event_name":"Living Wall","floor":13,"gold_loss":0,"cards_upgraded":["Static Discharge"]}],"is_beta":true,"boss_relics":[],"items_purged_floors":[],"is_endless":false,"potions_floor_spawned":[1,10,14],"killed_by":"The Guardian","ascension_level":20}