{"gold_per_floor":[116,127,127,127,143,143,143,143,143,173,223,261,275,316,316,410,410,425,475,493,768,768,768,251,282,282,282,11,11,11,31,31,125,125,144,167,167],"floor_reached":37,"playtime":1486,"items_purged":["Regret","Writhe"],"score":786,"play_id":"8b264765-14fe-48e5-92c3-9560ace5704d","local_time":"20190416122038","is_ascension_mode":true,"campfire_choices":[{"floor":6.0,"key":"REST"},{"data":"Reinforced Body","floor":8.0,"key":"SMITH"},{"floor":15.0,"key":"REST"},{"data":"Electrodynamics","floor":23.0,"key":"SMITH"},{"data":"Fission","floor":29.0,"key":"SMITH"},{"floor":32.0,"key":"REST"}],"neow_cost":"NONE","seed_source_timestamp":0,"circlet_count":0,"master_deck":["AscendersBane","Strike_B","Strike_B","Strike_B","Strike_B+1","Defend_B","Defend_B","Defend_B","Defend_B","Zap+1","Dualcast","Conserve Battery","Doom and Gloom+1","Reinforced Body+1","Coolheaded","Barrage","Cold Snap","Electrodynamics+1","Defragment+1","Fission+1","Coolheaded","Seek","Redo+1","Coolheaded"],"special_seed":0,"relics":["Cracked Core","Juzu Bracelet","Golden Idol","Art of War","Pear","Boot","Cursed Key","Tiny Chest","Medical Kit","Orichalcum","Centennial Puzzle","Oddly Smooth Stone","Enchiridion","Inserter"],"potions_floor_usage":[],"damage_taken":[{"damage":14.0,"enemies":"Jaw Worm","floor":1.0,"turns":4.0},{"damage":0.0,"enemies":"Small Slimes","floor":2.0,"turns":4.0},{"damage":0.0,"enemies":"Cultist","floor":5.0,"turns":3.0},{"damage":12.0,"enemies":"Lagavulin","floor":12.0,"turns":5.0},{"damage":3.0,"enemies":"2 Fungi Beasts","floor":13.0,"turns":4.0},{"damage":34.0,"enemies":"Gremlin Nob","floor":14.0,"turns":4.0},{"damage":35.0,"enemies":"Slime Boss","floor":16.0,"turns":12.0},{"damage":6.0,"enemies":"Chosen","floor":18.0,"turns":4.0},{"damage":0.0,"enemies":"Spheric Guardian","floor":20.0,"turns":4.0},{"damage":21.0,"enemies":"Book of Stabbing","floor":25.0,"turns":5.0},{"damage":0.0,"enemies":"Centurion and Healer","floor":31.0,"turns":5.0},{"damage":24.0,"enemies":"Automaton","floor":33.0,"turns":12.0},{"damage":5,"enemies":"Orb Walker","floor":35,"turns":4},{"damage":16,"enemies":"3 Darklings","floor":36,"turns":2},{"damage":0,"enemies":"2 Orb Walkers","floor":37,"turns":1}],"seed_played":"-5637421129938365338","potions_obtained":[{"floor":2.0,"key":"Regen Potion"},{"floor":5.0,"key":"Weak Potion"},{"floor":13.0,"key":"PowerPotion"},{"floor":18.0,"key":"Block Potion"},{"floor":20.0,"key":"SkillPotion"},{"floor":33.0,"key":"EssenceOfSteel"},{"floor":36,"key":"Poison Potion"}],"is_trial":false,"path_per_floor":["M","M","?","?","M","R","?","R","T","?","?","E","M","E","R","B",null,"M","?","M","?","?","R","$","E","T","?","$","R","?","M","R","B",null,"M","M","?"],"character_chosen":"DEFECT","items_purchased":["Tiny Chest","Medical Kit","Fission","Oddly Smooth Stone"],"campfire_rested":3,"item_purchase_floors":[24,24,24,28],"current_hp_per_floor":[50,50,29,29,29,48,48,48,48,48,48,46,43,9,31,10,58,52,52,52,52,52,52,52,31,31,31,31,31,10,10,32,8,58,53,37,37],"gold":167,"neow_bonus":"RANDOM_COMMON_RELIC","is_prod":false,"is_daily":false,"chose_seed":false,"campfire_upgraded":3,"win_rate":0,"timestamp":1555410038,"path_taken":["M","M","?","?","M","R","?","R","T","?","?","E","M","E","R","BOSS","M","?","M","?","?","R","$","E","T","?","$","R","?","M","R","BOSS","M","M","?"],"build_version":"2019-04-04","purchased_purges":2,"victory":false,"max_hp_per_floor":[71,71,71,64,64,64,64,64,64,64,64,74,74,74,74,74,74,74,74,74,74,74,74,74,74,74,74,74,74,74,74,74,74,74,74,74,74],"card_choices":[{"not_picked":["Gash","Sweeping Beam"],"picked":"Conserve Battery","floor":1.0},{"not_picked":["Rip and Tear","Conserve Battery"],"picked":"Doom and Gloom","floor":2.0},{"not_picked":["Steam","Recycle"],"picked":"Reinforced Body","floor":5.0},{"not_picked":["Ball Lightning","Storm"],"picked":"Coolheaded","floor":12.0},{"not_picked":["Steam Power","Blizzard"],"picked":"Barrage","floor":13.0},{"not_picked":["Ball Lightning","Skim"],"picked":"Cold Snap","floor":14.0},{"not_picked":["All For One","Thunder Strike"],"picked":"Electrodynamics","floor":16.0},{"not_picked":["Sweeping Beam","Force Field","Beam Cell"],"picked":"SKIP","floor":18.0},{"not_picked":["Go for the Eyes","Lockon"],"picked":"Defragment","floor":20.0},{"not_picked":["Go for the Eyes","Rebound"],"picked":"Coolheaded","floor":25.0},{"not_picked":["Blizzard","Conserve Battery","Steam"],"picked":"SKIP","floor":31.0},{"not_picked":["Rainbow","Thunder Strike"],"picked":"Seek","floor":33.0},{"not_picked":["Gash","Beam Cell"],"picked":"Redo+1","floor":35},{"not_picked":["Beam Cell+1","Coolheaded","Turbo"],"picked":"SKIP","floor":36},{"not_picked":["Beam Cell+1","Turbo"],"picked":"Coolheaded","floor":36}],"player_experience":1139963,"relics_obtained":[{"floor":12.0,"key":"Pear"},{"floor":14.0,"key":"Boot"},{"floor":25.0,"key":"Orichalcum"},{"floor":30.0,"key":"Enchiridion"}],"event_choices":[{"damage_healed":0.0,"max_hp_gain":0.0,"max_hp_loss":0.0,"gold_gain":0.0,"event_name":"Shining Light","player_choice":"Entered Light","floor":3.0,"gold_loss":0.0,"damage_taken":21.0,"cards_upgraded":["Doom and Gloom","Strike_B"]},{"damage_healed":0.0,"max_hp_gain":0.0,"max_hp_loss":7.0,"gold_gain":0.0,"event_name":"Golden Idol","player_choice":"Lose Max HP","floor":4.0,"gold_loss":0.0,"damage_taken":0.0,"relics_obtained":["Golden Idol"]},{"damage_healed":0.0,"max_hp_gain":0.0,"max_hp_loss":0.0,"gold_gain":0.0,"event_name":"Upgrade Shrine","player_choice":"Upgraded","floor":7.0,"gold_loss":0.0,"damage_taken":0.0,"cards_upgraded":["Zap"]},{"damage_healed":0.0,"max_hp_gain":0.0,"max_hp_loss":0.0,"gold_gain":30.0,"event_name":"Dead Adventurer","player_choice":"Searched \u00273\u0027 times","floor":10.0,"gold_loss":0.0,"damage_taken":0.0,"relics_obtained":["Art of War"]},{"damage_healed":0.0,"max_hp_gain":0.0,"max_hp_loss":0.0,"gold_gain":50.0,"event_name":"Golden Shrine","player_choice":"Pray","floor":11.0,"gold_loss":0.0,"damage_taken":0.0},{"damage_healed":0.0,"max_hp_gain":0.0,"max_hp_loss":0.0,"gold_gain":50.0,"event_name":"Nest","player_choice":"Stole From Cult","floor":19.0,"gold_loss":0.0,"damage_taken":0.0},{"damage_healed":0.0,"max_hp_gain":0.0,"max_hp_loss":0.0,"gold_gain":275.0,"event_name":"Golden Shrine","player_choice":"Desecrate","floor":21.0,"gold_loss":0.0,"damage_taken":0.0,"cards_obtained":["Regret"]},{"damage_healed":0.0,"max_hp_gain":0.0,"max_hp_loss":0.0,"gold_gain":0.0,"event_name":"Upgrade Shrine","player_choice":"Upgraded","floor":22.0,"gold_loss":0.0,"damage_taken":0.0,"cards_upgraded":["Defragment"]},{"damage_healed":0.0,"max_hp_gain":0.0,"max_hp_loss":0.0,"gold_gain":0.0,"event_name":"The Mausoleum","player_choice":"Opened","floor":27.0,"gold_loss":0.0,"damage_taken":0.0,"relics_obtained":["Centennial Puzzle"],"cards_obtained":["Writhe"]},{"damage_healed":0.0,"max_hp_gain":0.0,"max_hp_loss":0.0,"gold_gain":0.0,"event_name":"Cursed Tome","player_choice":"Obtained Book","floor":30.0,"gold_loss":0.0,"damage_taken":21.0},{"damage_healed":0,"gold_gain":0,"player_choice":"Fight","damage_taken":0,"max_hp_gain":0,"max_hp_loss":0,"event_name":"Mysterious Sphere","floor":37,"gold_loss":0}],"is_beta":true,"boss_relics":[{"not_picked":["Nuclear Battery","White Beast Statue"],"picked":"Cursed Key"},{"not_picked":["Empty Cage","Black Star"],"picked":"Inserter"}],"items_purged_floors":[24,28],"is_endless":false,"potions_floor_spawned":[2,5,13,18,20,33,36],"killed_by":"2 Orb Walkers","ascension_level":20}