{"gold_per_floor":[112,123,138,148,148,148,98,108,132,307,274,291,261,30,30,134,134,151,171,189,204,64,64,64],"floor_reached":24,"playtime":1294,"items_purged":["Strike_G","Strike_G"],"score":239,"play_id":"1b8f59fe-a728-44a9-8306-e641944e6aac","local_time":"20181223220450","is_ascension_mode":true,"campfire_choices":[{"data":"Neutralize","floor":6,"key":"SMITH"},{"data":"Catalyst","floor":15,"key":"SMITH"},{"floor":23,"key":"REST"}],"neow_cost":"NONE","seed_source_timestamp":52634564514100,"circlet_count":0,"master_deck":["Defend_G","Defend_G","Defend_G","Defend_G","Defend_G","Strike_G","Strike_G","Survivor","Neutralize+1","Dodge and Roll","Noxious Fumes+1","Outmaneuver","Blur","A Thousand Cuts","Choke","Catalyst","Bouncing Flask","Catalyst+1","Corpse Explosion","PiercingWail","Footwork"],"relics":["Ring of the Snake","Art of War","Omamori","Busted Crown"],"potions_floor_usage":[8,11,12,24],"damage_taken":[{"damage":4,"enemies":"Small Slimes","floor":1,"turns":3},{"damage":0,"enemies":"2 Louse","floor":2,"turns":3},{"damage":0,"enemies":"Jaw Worm","floor":3,"turns":7},{"damage":23,"enemies":"Lots of Slimes","floor":4,"turns":4},{"damage":0,"enemies":"2 Fungi Beasts","floor":8,"turns":4},{"damage":0,"enemies":"Exordium Thugs","floor":11,"turns":6},{"damage":0,"enemies":"Large Slime","floor":12,"turns":5},{"damage":0,"enemies":"Looter","floor":13,"turns":4},{"damage":8,"enemies":"Hexaghost","floor":16,"turns":6},{"damage":7,"enemies":"Shell Parasite","floor":18,"turns":5},{"damage":13,"enemies":"Chosen","floor":19,"turns":5},{"damage":11,"enemies":"3 Cultists","floor":20,"turns":3},{"damage":22,"enemies":"Chosen and Byrds","floor":21,"turns":5},{"damage":42,"enemies":"Gremlin Leader","floor":24,"turns":5}],"seed_played":"-7731470098668216232","potions_obtained":[{"floor":4,"key":"Poison Potion"},{"floor":8,"key":"Block Potion"},{"floor":11,"key":"SkillPotion"},{"floor":21,"key":"Energy Potion"}],"is_trial":false,"path_per_floor":["M","M","M","M","?","R","?","M","T","?","M","M","M","$","R","B",null,"M","M","M","M","$","R","E"],"character_chosen":"THE_SILENT","items_purchased":["Bouncing Flask","Catalyst","Footwork"],"campfire_rested":1,"item_purchase_floors":[14,14,22],"current_hp_per_floor":[66,66,66,43,43,43,43,43,43,43,43,43,43,43,43,35,70,63,50,39,17,17,38,0],"gold":64,"neow_bonus":"RANDOM_COMMON_RELIC","is_prod":false,"is_daily":false,"chose_seed":false,"campfire_upgraded":2,"win_rate":0,"timestamp":1545620690,"path_taken":["M","M","M","M","?","R","?","M","T","?","M","M","M","$","R","BOSS","M","M","M","M","$","R","E"],"build_version":"2018-12-20","purchased_purges":2,"victory":false,"max_hp_per_floor":[70,70,70,70,70,70,70,70,70,70,70,70,70,70,70,70,70,70,70,70,70,70,70,70],"card_choices":[{"not_picked":["Cloak And Dagger","Skewer"],"picked":"Dodge and Roll","floor":1},{"not_picked":["Poisoned Stab","Calculated Gamble"],"picked":"Noxious Fumes","floor":2},{"not_picked":["Backstab","PiercingWail"],"picked":"Outmaneuver","floor":3},{"not_picked":["Flying Knee","Poisoned Stab"],"picked":"Blur","floor":4},{"not_picked":["Dodge and Roll","Endless Agony"],"picked":"A Thousand Cuts","floor":8},{"not_picked":["Dagger Spray","Deflect"],"picked":"Choke","floor":11},{"not_picked":["Backstab","Outmaneuver"],"picked":"Catalyst","floor":12},{"not_picked":["Calculated Gamble","Escape Plan","Cloak And Dagger"],"picked":"SKIP","floor":13},{"not_picked":["A Thousand Cuts","Night Terror"],"picked":"Corpse Explosion","floor":16},{"not_picked":[],"picked":"PiercingWail","floor":18},{"not_picked":["Slice+1"],"picked":"SKIP","floor":19},{"not_picked":["Acrobatics"],"picked":"SKIP","floor":20},{"not_picked":["Quick Slash"],"picked":"SKIP","floor":21}],"player_experience":329737,"relics_obtained":[{"floor":9,"key":"Omamori"}],"event_choices":[{"damage_healed":0,"gold_gain":0,"player_choice":"Grow","damage_taken":0,"max_hp_gain":0,"max_hp_loss":0,"event_name":"Living Wall","floor":5,"gold_loss":0,"cards_upgraded":["Noxious Fumes"]},{"cards_removed":["Strike_G"],"damage_healed":0,"gold_gain":0,"player_choice":"Card Removal","damage_taken":0,"max_hp_gain":0,"max_hp_loss":0,"event_name":"The Cleric","floor":7,"gold_loss":50},{"damage_healed":0,"gold_gain":175,"player_choice":"AGREE","damage_taken":0,"max_hp_gain":0,"max_hp_loss":0,"event_name":"Liars Game","floor":10,"gold_loss":0,"cards_obtained":["Doubt"]}],"is_beta":false,"boss_relics":[{"not_picked":["Coffee Dripper","Lizard Tail"],"picked":"Busted Crown"}],"items_purged_floors":[14,22],"is_endless":false,"potions_floor_spawned":[4,8,11,21],"killed_by":"Gremlin Leader","ascension_level":2}