{"gold_per_floor":[113,130,130,143,160,160,260,121,145,161,196,196,196,211,211,315,315,334,345,361,321,321,321,31,62,88,13,13],"floor_reached":28,"playtime":1482,"items_purged":["Decay"],"score":250,"play_id":"741811c2-88bb-46de-8b21-d2404f520e5d","local_time":"20181023230514","is_ascension_mode":true,"campfire_choices":[{"data":"Hello World","floor":6,"key":"SMITH"},{"data":"Echo Form","floor":13,"key":"SMITH"},{"data":"Capacitor","floor":15,"key":"SMITH"},{"data":"Buffer","floor":23,"key":"SMITH"}],"neow_cost":"NONE","seed_source_timestamp":17178031578499,"circlet_count":0,"master_deck":["Strike_B","Strike_B","Strike_B+1","Defend_B","Defend_B","Defend_B+1","Defend_B","Zap","Dualcast","Heatsinks","Hello World+1","Auto Shields","Leap","Echo Form+1","Capacitor+1","Buffer+1","Leap+1","Self Repair+1","Static Discharge+1"],"relics":["Cracked Core","Pen Nib","Centennial Puzzle","Velvet Choker","Frozen Egg 2","Bag of Preparation","DataDisk"],"potions_floor_usage":[11,11,16,18,20,20],"damage_taken":[{"damage":3,"enemies":"Jaw Worm","floor":1,"turns":4},{"damage":1,"enemies":"Cultist","floor":2,"turns":5},{"damage":0,"enemies":"Small Slimes","floor":4,"turns":4},{"damage":0,"enemies":"Red Slaver","floor":5,"turns":5},{"damage":0,"enemies":"Exordium Wildlife","floor":10,"turns":4},{"damage":19,"enemies":"Gremlin Nob","floor":11,"turns":6},{"damage":7,"enemies":"Blue Slaver","floor":14,"turns":4},{"damage":16,"enemies":"Slime Boss","floor":16,"turns":16},{"damage":9,"enemies":"Shell Parasite","floor":18,"turns":11},{"damage":0,"enemies":"Spheric Guardian","floor":19,"turns":6},{"damage":21,"enemies":"Centurion and Healer","floor":20,"turns":9},{"damage":44,"enemies":"Slavers","floor":25,"turns":5},{"damage":39,"enemies":"Cultist and Chosen","floor":28,"turns":4}],"seed_played":"313512025204185289","potions_obtained":[{"floor":1,"key":"EssenceOfSteel"},{"floor":2,"key":"Dexterity Potion"},{"floor":4,"key":"Dexterity Potion"},{"floor":11,"key":"Explosive Potion"},{"floor":14,"key":"Swift Potion"},{"floor":18,"key":"SpeedPotion"},{"floor":19,"key":"AttackPotion"}],"is_trial":false,"path_per_floor":["M","M","?","M","M","R","?","$","T","M","E","?","R","M","R","B",null,"M","M","M","?","?","R","$","E","T","$"],"character_chosen":"DEFECT","items_purchased":["Echo Form","Frozen Egg 2","Static Discharge+1"],"campfire_rested":0,"item_purchase_floors":[8,24,24],"current_hp_per_floor":[72,71,71,71,71,71,71,71,71,71,52,52,52,45,45,29,75,66,66,65,65,65,65,65,21,21,21,0],"gold":13,"neow_bonus":"TRANSFORM_CARD","is_prod":false,"is_daily":false,"chose_seed":false,"campfire_upgraded":4,"win_rate":0,"timestamp":1540350314,"path_taken":["M","M","?","M","M","R","?","?","T","?","E","?","R","M","R","BOSS","M","M","M","?","?","R","$","E","T","$","M"],"build_version":"2018-10-22","purchased_purges":1,"victory":false,"max_hp_per_floor":[75,75,75,75,75,75,75,75,75,75,75,75,75,75,75,75,75,75,75,75,75,75,75,75,75,75,75,75],"card_choices":[{"not_picked":["Conserve Battery","Gash"],"picked":"Hello World","floor":1},{"not_picked":["Cold Snap","Turbo"],"picked":"Auto Shields","floor":2},{"not_picked":["Beam Cell","Barrage"],"picked":"Leap","floor":4},{"not_picked":["Beam Cell","Rebound","Cold Snap"],"picked":"SKIP","floor":5},{"not_picked":["Force Field","Beam Cell","Compile Driver"],"picked":"SKIP","floor":10},{"not_picked":["Stack","Ball Lightning","Steam"],"picked":"SKIP","floor":11},{"not_picked":["Barrage","Multi-Cast"],"picked":"Capacitor","floor":14},{"not_picked":["Amplify","Echo Form"],"picked":"Buffer","floor":16},{"not_picked":["Conserve Battery","Barrage"],"picked":"Leap+1","floor":18},{"not_picked":["Hologram","Gash"],"picked":"Self Repair+1","floor":19},{"not_picked":["Melter","Gash+1","Sweeping Beam"],"picked":"SKIP","floor":20},{"not_picked":["Leap","Recycle","Redo"],"picked":"SKIP","floor":25}],"player_experience":243891,"relics_obtained":[{"floor":9,"key":"Pen Nib"},{"floor":11,"key":"Centennial Puzzle"},{"floor":25,"key":"Bag of Preparation"},{"floor":26,"key":"DataDisk"}],"event_choices":[{"damage_healed":0,"gold_gain":0,"player_choice":"Bought 0 Potions","damage_taken":0,"max_hp_gain":0,"max_hp_loss":0,"event_name":"The Woman in Blue","floor":3,"gold_loss":0},{"damage_healed":0,"gold_gain":100,"player_choice":"Pray","damage_taken":0,"max_hp_gain":0,"max_hp_loss":0,"event_name":"Golden Shrine","floor":7,"gold_loss":0},{"damage_healed":0,"gold_gain":0,"player_choice":"Cursed","damage_taken":0,"max_hp_gain":0,"max_hp_loss":0,"event_name":"Wheel of Change","floor":12,"gold_loss":0,"cards_obtained":["Decay"]},{"damage_healed":0,"gold_gain":0,"player_choice":"Upgraded Two","damage_taken":0,"max_hp_gain":0,"max_hp_loss":0,"event_name":"Designer","floor":21,"gold_loss":40,"cards_upgraded":["Strike_B","Defend_B"]},{"damage_healed":0,"gold_gain":0,"player_choice":"Ignored","damage_taken":0,"max_hp_gain":0,"max_hp_loss":0,"event_name":"Beggar","floor":22,"gold_loss":0}],"is_beta":true,"boss_relics":[{"not_picked":["Inserter","Philosopher\u0027s Stone"],"picked":"Velvet Choker"}],"items_purged_floors":[27],"is_endless":false,"potions_floor_spawned":[1,2,4,11,14,18,19],"killed_by":"Cultist and Chosen","ascension_level":1}