{"gold_per_floor":[117,117,134,134,150,150,177,177,225,251,120,139,154,166,166,269,269,284,304,317,317],"floor_reached":21,"playtime":841,"items_purged":[],"score":292,"play_id":"e54994ed-6028-4dd5-8ad3-38444eb7981a","local_time":"20190206104932","is_ascension_mode":true,"campfire_choices":[{"data":"Perfected Strike","floor":6,"key":"SMITH"},{"data":"Pommel Strike","floor":8,"key":"SMITH"},{"floor":15,"key":"REST"}],"neow_cost":"NONE","seed_source_timestamp":792702646000,"circlet_count":0,"master_deck":["Strike_R","Strike_R","Strike_R","Strike_R","Strike_R","Defend_R","Defend_R","Defend_R","Defend_R","Bash","Pommel Strike+1","Perfected Strike+1","Shrug It Off","Twin Strike","Corruption","Armaments","Pommel Strike","Pummel","Headbutt","Demon Form","Rage","Feel No Pain+1","Flex"],"relics":["Burning Blood","NeowsBlessing","Regal Pillow","Gremlin Horn","Nunchaku","Potion Belt","Sundial","White Beast Statue"],"potions_floor_usage":[10,13,20,20,21],"damage_taken":[{"damage":0,"enemies":"2 Louse","floor":1,"turns":1},{"damage":0,"enemies":"Small Slimes","floor":3,"turns":1},{"damage":0,"enemies":"Cultist","floor":5,"turns":1},{"damage":42,"enemies":"3 Sentries","floor":7,"turns":10},{"damage":31,"enemies":"Gremlin Nob","floor":10,"turns":4},{"damage":3,"enemies":"3 Louse","floor":12,"turns":4},{"damage":5,"enemies":"Exordium Wildlife","floor":13,"turns":3},{"damage":4,"enemies":"Looter","floor":14,"turns":3},{"damage":0,"enemies":"Slime Boss","floor":16,"turns":8},{"damage":17,"enemies":"Chosen","floor":18,"turns":6},{"damage":13,"enemies":"3 Byrds","floor":19,"turns":6},{"damage":36,"enemies":"Snake Plant","floor":20,"turns":5},{"damage":35,"enemies":"Shelled Parasite and Fungi","floor":21,"turns":3}],"seed_played":"-3061977057359318469","potions_obtained":[{"floor":5,"key":"SteroidPotion"},{"floor":12,"key":"Energy Potion"},{"floor":18,"key":"Poison Potion"},{"floor":19,"key":"FearPotion"},{"floor":20,"key":"EssenceOfSteel"}],"is_trial":false,"path_per_floor":["M","?","M","?","M","R","E","R","T","E","$","M","M","M","R","B",null,"M","M","M","M"],"character_chosen":"IRONCLAD","items_purchased":["Corruption","Armaments"],"campfire_rested":1,"item_purchase_floors":[11,11],"current_hp_per_floor":[80,68,74,74,80,80,44,44,44,19,19,22,23,25,64,70,80,69,62,32,0],"gold":317,"neow_bonus":"THREE_ENEMY_KILL","is_prod":false,"is_daily":false,"chose_seed":false,"campfire_upgraded":2,"win_rate":0,"timestamp":1549468172,"path_taken":["M","?","M","?","?","R","E","R","T","E","$","M","M","M","R","BOSS","M","M","M","M"],"build_version":"2019-01-23","purchased_purges":0,"victory":false,"max_hp_per_floor":[80,80,80,80,80,80,80,80,80,80,80,80,80,80,80,80,80,80,80,80,80],"card_choices":[{"not_picked":["Anger","Bloodletting"],"picked":"Pommel Strike","floor":1},{"not_picked":["Clothesline","Second Wind"],"picked":"Perfected Strike","floor":3},{"not_picked":["Heavy Blade","Rampage"],"picked":"Shrug It Off","floor":5},{"not_picked":["Metallicize","Heavy Blade"],"picked":"Twin Strike","floor":7},{"not_picked":["Dual Wield","Warcry","Bludgeon"],"picked":"SKIP","floor":10},{"not_picked":["Headbutt","Ghostly Armor"],"picked":"Pommel Strike","floor":12},{"not_picked":["Iron Wave","True Grit"],"picked":"Pummel","floor":13},{"not_picked":["Body Slam","Clothesline"],"picked":"Headbutt","floor":14},{"not_picked":["Reaper","Brutality"],"picked":"Demon Form","floor":16},{"not_picked":["Rupture","Carnage+1"],"picked":"Rage","floor":18},{"not_picked":["Body Slam","Sever Soul"],"picked":"Feel No Pain+1","floor":19},{"not_picked":["Disarm","Whirlwind"],"picked":"Flex","floor":20}],"player_experience":381677,"relics_obtained":[{"floor":4,"key":"Gremlin Horn"},{"floor":7,"key":"Nunchaku"},{"floor":9,"key":"Potion Belt"},{"floor":10,"key":"Sundial"}],"event_choices":[{"damage_healed":0,"gold_gain":0,"player_choice":"Success","damage_taken":12,"relics_obtained":["Regal Pillow"],"max_hp_gain":0,"max_hp_loss":0,"event_name":"Scrap Ooze","floor":2,"gold_loss":0},{"damage_healed":0,"gold_gain":0,"player_choice":"Relic","damage_taken":0,"max_hp_gain":0,"max_hp_loss":0,"event_name":"Wheel of Change","floor":4,"gold_loss":0}],"is_beta":false,"boss_relics":[{"not_picked":["Calling Bell","Astrolabe"],"picked":"White Beast Statue"}],"items_purged_floors":[],"is_endless":false,"potions_floor_spawned":[5,12,18,19,20],"killed_by":"Shelled Parasite and Fungi","ascension_level":4}