{"gold_per_floor":[111,129,0,17,28,28,28,53,53,53,71,83,93,113,113,210,210,220,240,240,256,271,271,371,389,413,413,126,153,173,490,490,587,587,611,74,0,0,0,0,11,21,46,46,65,98,113,124,124,124],"floor_reached":51,"playtime":3984,"items_purged":["Reflex"],"score":1007,"play_id":"cea2e38a-9bd7-403e-ab13-c62ab730bb50","local_time":"20190421182246","daily_mods":["Draft","Chimera","Specialized","Vintage","Diverse","Heirloom","Time Dilation","Uncertain Future","Binary"],"is_ascension_mode":false,"campfire_choices":[{"data":"After Image","floor":6.0,"key":"SMITH"},{"data":"After Image","floor":15.0,"key":"SMITH"},{"data":"Defragment","floor":23.0,"key":"SMITH"},{"data":"Quick Slash","floor":27.0,"key":"SMITH"},{"data":"1","floor":32.0,"key":"LIFT"},{"data":"2","floor":40.0,"key":"LIFT"},{"data":"3","floor":44.0,"key":"LIFT"},{"floor":49,"key":"REST"}],"neow_cost":"","seed_source_timestamp":0,"circlet_count":0,"master_deck":["Bash+1","Survivor+1","Zap+1","Strike_R+1","Strike_G+1","Defend_R+1","Defend_G+1","Defend_B+1","After Image+1","After Image+1","After Image+1","After Image+1","After Image+1","Cold Snap+1","Hologram+1","Defragment+1","Ghostly Armor+1","Thunderclap+1","Prepared+1","Quick Slash+1","Twin Strike+1","Well Laid Plans+1","PiercingWail+1","Steam+1","Poisoned Stab+1","Clothesline+1","Writhe","The Bomb+1"],"special_seed":0,"relics":["Burning Blood","Busted Crown","Pocketwatch","Kunai","Ornamental Fan","Dream Catcher","Bag of Preparation","Anchor","Pear","Vajra","Gremlin Horn","FossilizedHelix","Lantern","White Beast Statue","Art of War","Gambling Chip","Blood Vial","Pen Nib","StoneCalendar","Bottled Tornado","War Paint","Omamori","Girya","Bird Faced Urn","Red Skull","Old Coin","Calling Bell","MawBank","Pantograph","Incense Burner","Whetstone","Toy Ornithopter","PreservedInsect","Red Mask","Mark of the Bloom","Darkstone Periapt","Singing Bowl","Orichalcum","Regal Pillow","Bag of Marbles","Turnip","Ancient Tea Set"],"potions_floor_usage":[50],"damage_taken":[{"damage":4.0,"enemies":"Small Slimes","floor":1.0,"turns":4.0},{"damage":0.0,"enemies":"Jaw Worm","floor":2.0,"turns":3.0},{"damage":0.0,"enemies":"Cultist","floor":4.0,"turns":3.0},{"damage":0.0,"enemies":"Looter","floor":5.0,"turns":3.0},{"damage":1.0,"enemies":"3 Sentries","floor":8.0,"turns":8.0},{"damage":0.0,"enemies":"Gremlin Gang","floor":11.0,"turns":5.0},{"damage":0.0,"enemies":"2 Fungi Beasts","floor":12.0,"turns":4.0},{"damage":0.0,"enemies":"Exordium Wildlife","floor":13.0,"turns":3.0},{"damage":0.0,"enemies":"3 Louse","floor":14.0,"turns":2.0},{"damage":0.0,"enemies":"Hexaghost","floor":16.0,"turns":9.0},{"damage":0.0,"enemies":"2 Thieves","floor":18.0,"turns":4.0},{"damage":0.0,"enemies":"3 Byrds","floor":19.0,"turns":6.0},{"damage":0.0,"enemies":"Centurion and Healer","floor":21.0,"turns":5.0},{"damage":0.0,"enemies":"Shelled Parasite and Fungi","floor":22.0,"turns":5.0},{"damage":0.0,"enemies":"Colosseum Slavers","floor":24.0,"turns":5.0},{"damage":0.0,"enemies":"Colosseum Nobs","floor":24.0,"turns":6.0},{"damage":0.0,"enemies":"Sentry and Sphere","floor":25.0,"turns":7.0},{"damage":0.0,"enemies":"Gremlin Leader","floor":29.0,"turns":5.0},{"damage":0.0,"enemies":"Centurion and Healer","floor":30.0,"turns":6.0},{"damage":0.0,"enemies":"Snake Plant","floor":31.0,"turns":4.0},{"damage":0.0,"enemies":"Collector","floor":33.0,"turns":10.0},{"damage":0.0,"enemies":"Orb Walker","floor":35.0,"turns":4.0},{"damage":0.0,"enemies":"3 Shapes","floor":41.0,"turns":2.0},{"damage":0.0,"enemies":"Writhing Mass","floor":42.0,"turns":5.0},{"damage":0.0,"enemies":"4 Shapes","floor":45.0,"turns":4.0},{"damage":0.0,"enemies":"Reptomancer","floor":46.0,"turns":4.0},{"damage":0.0,"enemies":"Sphere and 2 Shapes","floor":47.0,"turns":4.0},{"damage":0,"enemies":"Maw","floor":48,"turns":5},{"damage":0,"enemies":"Donu and Deca","floor":50,"turns":9}],"seed_played":"-5454800667086165293","potions_obtained":[{"floor":1.0,"key":"FairyPotion"},{"floor":8.0,"key":"FearPotion"},{"floor":12.0,"key":"EssenceOfSteel"},{"floor":18.0,"key":"Weak Potion"},{"floor":21.0,"key":"Fire Potion"},{"floor":22.0,"key":"Dexterity Potion"},{"floor":31.0,"key":"LiquidBronze"}],"is_trial":true,"path_per_floor":["M","M","$","M","M","R","?","E","T","?","M","M","M","M","R","B",null,"M","M","?","M","M","R","?","M","T","R","$","E","M","M","R","B",null,"M","$","?","?","?","R","M","M","T","R","M","E","M","M","R","B",null],"character_chosen":"IRONCLAD","items_purchased":["Clothesline","Girya","Toy Ornithopter","PreservedInsect","The Bomb"],"campfire_rested":1,"item_purchase_floors":[3,28,36,36,36],"current_hp_per_floor":[80,80,80,80,80,80,80,80,90,90,90,90,90,90,90,90,90,90,90,90,90,90,90,90,90,90,90,90,90,90,90,90,90,90,90,90,90,90,90,90,90,90,90,90,90,90,90,90,90,90],"gold":124,"neow_bonus":"","is_prod":false,"is_daily":false,"chose_seed":false,"campfire_upgraded":4,"win_rate":0,"timestamp":1555885366,"path_taken":["M","M","$","M","M","R","?","E","T","?","?","M","M","M","R","BOSS","M","M","?","?","M","R","?","M","T","R","$","E","M","M","R","BOSS","M","$","?","?","?","R","M","M","T","R","M","E","M","M","R","BOSS"],"build_version":"2019-01-23","purchased_purges":1,"victory":true,"max_hp_per_floor":[80,80,80,80,80,80,80,80,90,90,90,90,90,90,90,90,90,90,90,90,90,90,90,90,90,90,90,90,90,90,90,90,90,90,90,90,90,90,90,90,90,90,90,90,90,90,90,90,90,90],"card_choices":[{"not_picked":["Dagger Throw","Beam Cell"],"picked":"Cold Snap","floor":0.0},{"not_picked":["Barrage","Deflect"],"picked":"Hologram","floor":0.0},{"not_picked":["Expertise","Chaos"],"picked":"Defragment","floor":0.0},{"not_picked":["Coolheaded","Steam"],"picked":"Ghostly Armor","floor":0.0},{"not_picked":["Twin Strike","Sword Boomerang"],"picked":"Thunderclap","floor":0.0},{"not_picked":["Defragment","Ghostly Armor"],"picked":"Prepared","floor":0.0},{"not_picked":["Carnage","Cleave"],"picked":"Quick Slash","floor":0.0},{"not_picked":["Evolve","Compile Driver"],"picked":"Twin Strike","floor":0.0},{"not_picked":["Armaments","Quick Slash"],"picked":"Well Laid Plans","floor":0.0},{"not_picked":["Bloodletting","Anger"],"picked":"Reflex","floor":0.0},{"not_picked":["Doom and Gloom","Havoc"],"picked":"Seeing Red","floor":0.0},{"not_picked":["Havoc","Stack"],"picked":"PiercingWail","floor":0.0},{"not_picked":["Bane","Havoc"],"picked":"Steam","floor":0.0},{"not_picked":["Perfected Strike","Rip and Tear"],"picked":"BootSequence","floor":0.0},{"not_picked":["Thunderclap","Warcry"],"picked":"Poisoned Stab","floor":0.0}],"player_experience":348024,"relics_obtained":[{"floor":1.0,"key":"Kunai"},{"floor":2.0,"key":"Ornamental Fan"},{"floor":4.0,"key":"Dream Catcher"},{"floor":5.0,"key":"Bag of Preparation"},{"floor":8.0,"key":"Anchor"},{"floor":9.0,"key":"Pear"},{"floor":11.0,"key":"Vajra"},{"floor":12.0,"key":"Gremlin Horn"},{"floor":13.0,"key":"FossilizedHelix"},{"floor":14.0,"key":"Lantern"},{"floor":18.0,"key":"Art of War"},{"floor":19.0,"key":"Gambling Chip"},{"floor":21.0,"key":"Blood Vial"},{"floor":22.0,"key":"Pen Nib"},{"floor":24.0,"key":"StoneCalendar"},{"floor":24.0,"key":"Bottled Tornado"},{"floor":25.0,"key":"War Paint"},{"floor":26.0,"key":"Omamori"},{"floor":29.0,"key":"Bird Faced Urn"},{"floor":30.0,"key":"Red Skull"},{"floor":31.0,"key":"Old Coin"},{"floor":34.0,"key":"MawBank"},{"floor":34.0,"key":"Pantograph"},{"floor":34.0,"key":"Incense Burner"},{"floor":35.0,"key":"Whetstone"},{"floor":41.0,"key":"Darkstone Periapt"},{"floor":42.0,"key":"Singing Bowl"},{"floor":43.0,"key":"Orichalcum"},{"floor":45.0,"key":"Regal Pillow"},{"floor":46.0,"key":"Bag of Marbles"},{"floor":47.0,"key":"Turnip"},{"floor":48,"key":"Ancient Tea Set"}],"event_choices":[{"damage_healed":0.0,"max_hp_gain":0.0,"max_hp_loss":0.0,"gold_gain":0.0,"event_name":"Living Wall","player_choice":"Grow","floor":7.0,"gold_loss":0.0,"damage_taken":0.0,"cards_upgraded":["Well Laid Plans"]},{"cards_removed":["Seeing Red"],"damage_healed":0.0,"max_hp_gain":0.0,"max_hp_loss":0.0,"gold_gain":0.0,"event_name":"Wheel of Change","player_choice":"Card Removal","floor":10.0,"gold_loss":0.0,"damage_taken":0.0},{"cards_removed":["BootSequence"],"damage_healed":0.0,"max_hp_gain":0.0,"max_hp_loss":0.0,"gold_gain":0.0,"event_name":"Bonfire Elementals","player_choice":"Offered Uncommon","floor":20.0,"gold_loss":0.0,"damage_taken":0.0},{"damage_healed":0.0,"max_hp_gain":0.0,"max_hp_loss":0.0,"gold_gain":0.0,"event_name":"Colosseum","player_choice":"Fight","floor":24.0,"gold_loss":0.0,"damage_taken":0.0},{"damage_healed":0.0,"max_hp_gain":0.0,"max_hp_loss":0.0,"gold_gain":0.0,"event_name":"Colosseum","player_choice":"Fought Nobs","floor":24.0,"gold_loss":0.0,"damage_taken":0.0},{"damage_healed":0.0,"max_hp_gain":0.0,"max_hp_loss":0.0,"gold_gain":0.0,"event_name":"Tomb of Lord Red Mask","player_choice":"Paid","floor":37.0,"gold_loss":74.0,"damage_taken":0.0,"relics_obtained":["Red Mask"]},{"damage_healed":0.0,"max_hp_gain":0.0,"max_hp_loss":0.0,"gold_gain":0.0,"event_name":"MindBloom","player_choice":"Upgrade","floor":38.0,"gold_loss":0.0,"damage_taken":0.0,"cards_upgraded":["Bash","Survivor","Zap","Strike_R","Strike_B","Defend_R","Defend_G","Defend_B","After Image","After Image","After Image","Cold Snap","Hologram","Thunderclap","Prepared","Twin Strike","Steam","Poisoned Stab","The Bomb"],"relics_obtained":["Mark of the Bloom"]},{"cards_removed":["Strike_B"],"damage_healed":0.0,"max_hp_gain":0.0,"max_hp_loss":0.0,"gold_gain":0.0,"event_name":"Falling","player_choice":"Removed Attack","floor":39.0,"gold_loss":0.0,"damage_taken":0.0}],"is_beta":false,"boss_relics":[{"not_picked":["Runic Pyramid","Runic Cube"],"picked":"White Beast Statue"},{"not_picked":["Coffee Dripper","Sozu"],"picked":"Calling Bell"}],"items_purged_floors":[3],"is_endless":false,"potions_floor_spawned":[1,8,12,13,18,19,21,22,24,24,25,29,30,31,33,35,41,42,45,46,47,48],"ascension_level":0}