{"gold_per_floor":[218,218,40,40,57,86,86,5,53,85,104,104,28,46,46,144,144,156,79,79,90,101,101,201,228,253,106,134,134,134,149,149,149],"floor_reached":33,"playtime":1480,"items_purged":["Strike_R+1"],"score":422,"play_id":"389f8858-0cea-4644-bc54-573ed9dc39e6","local_time":"20190328193702","is_ascension_mode":true,"campfire_choices":[{"data":"Armaments","floor":7.0,"key":"SMITH"},{"data":"Whirlwind","floor":12.0,"key":"SMITH"},{"data":"Feel No Pain","floor":15.0,"key":"SMITH"},{"floor":23.0,"key":"REST"},{"floor":30.0,"key":"REST"},{"floor":32.0,"key":"REST"}],"neow_cost":"NONE","seed_source_timestamp":839502963125734,"circlet_count":0,"master_deck":["Strike_R+1","Strike_R+1","Strike_R+1","Defend_R+1","Defend_R+1","Defend_R+1","Defend_R+1","Bash","Shockwave","True Grit","Feel No Pain+1","Clothesline","True Grit","Armaments+1","Seeing Red","Whirlwind+1","Rampage","Double Tap","Disarm","Feel No Pain","Warcry","True Grit+1","Warcry+1","Shrug It Off+1","Seeing Red+1","Armaments+1"],"special_seed":0,"relics":["Burning Blood","Vajra","Pen Nib","Question Card","Fusion Hammer","StoneCalendar","Toxic Egg 2","Charon\u0027s Ashes","Molten Egg 2"],"potions_floor_usage":[33],"damage_taken":[{"damage":8.0,"enemies":"2 Louse","floor":1.0,"turns":3.0},{"damage":2.0,"enemies":"Jaw Worm","floor":5.0,"turns":4.0},{"damage":31.0,"enemies":"Lagavulin","floor":6.0,"turns":10.0},{"damage":19.0,"enemies":"3 Sentries","floor":10.0,"turns":9.0},{"damage":0.0,"enemies":"Cultist","floor":11.0,"turns":4.0},{"damage":8.0,"enemies":"Large Slime","floor":14.0,"turns":6.0},{"damage":16.0,"enemies":"The Guardian","floor":16.0,"turns":13.0},{"damage":4.0,"enemies":"2 Thieves","floor":18.0,"turns":2.0},{"damage":8.0,"enemies":"Chosen","floor":21.0,"turns":5.0},{"damage":14.0,"enemies":"Snake Plant","floor":22.0,"turns":4.0},{"damage":11.0,"enemies":"Colosseum Slavers","floor":24.0,"turns":3.0},{"damage":26.0,"enemies":"Colosseum Nobs","floor":24.0,"turns":5.0},{"damage":19.0,"enemies":"Book of Stabbing","floor":25.0,"turns":7.0},{"damage":32.0,"enemies":"Slavers","floor":28.0,"turns":4.0},{"damage":3.0,"enemies":"Centurion and Healer","floor":31.0,"turns":2.0},{"damage":67,"enemies":"Champ","floor":33,"turns":11}],"seed_played":"3169204201344905587","potions_obtained":[{"floor":1.0,"key":"Poison Potion"},{"floor":6.0,"key":"Energy Potion"},{"floor":11.0,"key":"SkillPotion"},{"floor":21.0,"key":"Ancient Potion"},{"floor":25.0,"key":"Poison Potion"},{"floor":31.0,"key":"LiquidBronze"}],"is_trial":false,"path_per_floor":["?","?","$","$","?","M","?","?","M"],"character_chosen":"IRONCLAD","items_purchased":["True Grit","Feel No Pain","Clothesline","Seeing Red","Rampage","Feel No Pain","Seeing Red+1"],"campfire_rested":3,"item_purchase_floors":[3,3,3,8,13,19,27],"current_hp_per_floor":[70,63,63,63,67,42,42,42,42,29,35,35,35,33,33,23,66,68,68,68,66,58,80,55,42,42,42,16,16,40,43,67,0],"gold":149,"neow_bonus":"HUNDRED_GOLD","is_prod":false,"is_daily":false,"chose_seed":false,"campfire_upgraded":3,"win_rate":0,"timestamp":1553827022,"path_taken":["M","?","$","?","M","E","R","?","T","E","M","R","$","M","R","BOSS","M","?","?","?","M","R","?","E","T","$","E","?","R","?","R","BOSS"],"build_version":"2019-01-23","purchased_purges":1,"victory":false,"max_hp_per_floor":[80,80,80,80,80,80,80,80,80,80,80,80,80,80,80,80,80,80,80,80,80,80,80,80,80,80,80,80,80,80,80,80,80],"card_choices":[{"not_picked":["Rupture","Reckless Charge"],"picked":"Shockwave","floor":1.0},{"not_picked":["Clothesline","Body Slam"],"picked":"True Grit","floor":5.0},{"not_picked":["Iron Wave","Blood for Blood"],"picked":"Armaments","floor":6.0},{"not_picked":["Flex","Sword Boomerang","True Grit"],"picked":"SKIP","floor":10.0},{"not_picked":["Thunderclap","Twin Strike","Iron Wave"],"picked":"Whirlwind","floor":11.0},{"not_picked":["Clothesline","Cleave","Combust","Searing Blow"],"picked":"SKIP","floor":14.0},{"not_picked":["Bludgeon","Reaper","Demon Form"],"picked":"Double Tap","floor":16.0},{"not_picked":["Feel No Pain","Twin Strike","Entrench"],"picked":"Disarm","floor":18.0},{"not_picked":["Infernal Blade","Heavy Blade+1","Cleave+1"],"picked":"Warcry","floor":21.0},{"not_picked":["Carnage","Exhume","Infernal Blade"],"picked":"True Grit+1","floor":22.0},{"not_picked":["Twin Strike","Clothesline+1","Perfected Strike"],"picked":"Warcry","floor":24.0},{"not_picked":["Impervious+1","Cleave","Flex+1"],"picked":"Shrug It Off+1","floor":25.0},{"not_picked":["Fire Breathing","Heavy Blade+1","Body Slam"],"picked":"Armaments+1","floor":28.0},{"not_picked":["Berserk","Rupture","Sword Boomerang+1","Heavy Blade+1"],"picked":"SKIP","floor":31.0}],"player_experience":152860,"relics_obtained":[{"floor":6.0,"key":"Vajra"},{"floor":9.0,"key":"Pen Nib"},{"floor":10.0,"key":"Question Card"},{"floor":24.0,"key":"StoneCalendar"},{"floor":24.0,"key":"Toxic Egg 2"},{"floor":25.0,"key":"Charon\u0027s Ashes"},{"floor":28.0,"key":"Molten Egg 2"}],"event_choices":[{"cards_removed":["Strike_R"],"damage_healed":0.0,"max_hp_gain":0.0,"max_hp_loss":0.0,"gold_gain":0.0,"event_name":"Golden Wing","player_choice":"Card Removal","floor":2.0,"gold_loss":0.0,"damage_taken":7.0},{"damage_healed":0.0,"max_hp_gain":0.0,"max_hp_loss":0.0,"gold_gain":0.0,"event_name":"Liars Game","player_choice":"Ignored","floor":4.0,"gold_loss":0.0,"damage_taken":0.0},{"damage_healed":0.0,"max_hp_gain":0.0,"max_hp_loss":0.0,"gold_gain":0.0,"event_name":"Back to Basics","player_choice":"Simplicity","floor":20.0,"gold_loss":0.0,"damage_taken":0.0,"cards_upgraded":["Strike_R","Strike_R","Strike_R","Strike_R","Defend_R","Defend_R","Defend_R","Defend_R"]},{"damage_healed":0.0,"max_hp_gain":0.0,"max_hp_loss":0.0,"gold_gain":0.0,"event_name":"Colosseum","player_choice":"Fight","floor":24.0,"gold_loss":0.0,"damage_taken":0.0},{"damage_healed":0.0,"max_hp_gain":0.0,"max_hp_loss":0.0,"gold_gain":0.0,"event_name":"Colosseum","player_choice":"Fought Nobs","floor":24.0,"gold_loss":0.0,"damage_taken":0.0},{"damage_healed":0.0,"max_hp_gain":0.0,"max_hp_loss":0.0,"gold_gain":0.0,"event_name":"Cursed Tome","player_choice":"Ignored","floor":29.0,"gold_loss":0.0,"damage_taken":0.0}],"is_beta":false,"boss_relics":[{"not_picked":["Eternal Feather","Astrolabe"],"picked":"Fusion Hammer"}],"items_purged_floors":[27],"is_endless":false,"potions_floor_spawned":[1,6,11,21,24,25,31],"killed_by":"Champ","ascension_level":9}