{"gold_per_floor":[113,38,38,56,56,56,90,115,153,193,205,234,272,301,313,424,436,460,492,504,542,570,582,594],"floor_reached":24,"playtime":920,"items_purged":["Strike_B"],"score":346,"play_id":"4b42941f-dcf0-488b-8731-062c514a31b1","local_time":"20190328125032","is_ascension_mode":true,"campfire_choices":[{"data":"Dualcast","floor":6,"key":"SMITH"},{"floor":11,"key":"REST"},{"data":"Chaos","floor":15,"key":"SMITH"},{"data":"Creative AI","floor":23,"key":"SMITH"}],"neow_cost":"NONE","seed_source_timestamp":0,"circlet_count":0,"master_deck":["Strike_B","Strike_B","Strike_B+1","Defend_B","Defend_B","Defend_B","Defend_B+1","Zap+1","Dualcast+1","Melter","Scrape","Auto Shields","Streamline","Conserve Battery","Chaos+1","Machine Learning","Hologram","Creative AI+1","Leap+1","Hologram","Writhe","Turbo"],"special_seed":0,"relics":["Cracked Core","NeowsBlessing","MawBank","Potion Belt","Blue Candle","Question Card","Cursed Key","Vajra"],"potions_floor_usage":[13],"damage_taken":[{"damage":0.0,"enemies":"Cultist","floor":1.0,"turns":1.0},{"damage":0,"enemies":"Small Slimes","floor":4,"turns":1},{"damage":0,"enemies":"Lagavulin","floor":7,"turns":1},{"damage":0,"enemies":"2 Louse","floor":8,"turns":2},{"damage":25,"enemies":"3 Sentries","floor":10,"turns":5},{"damage":2,"enemies":"Exordium Wildlife","floor":12,"turns":4},{"damage":0,"enemies":"Lagavulin","floor":13,"turns":7},{"damage":0,"enemies":"Red Slaver","floor":14,"turns":2},{"damage":26,"enemies":"Hexaghost","floor":16,"turns":11},{"damage":23,"enemies":"Chosen","floor":18,"turns":5},{"damage":0,"enemies":"Spheric Guardian","floor":19,"turns":2},{"damage":14,"enemies":"3 Cultists","floor":22,"turns":6},{"damage":56,"enemies":"Book of Stabbing","floor":24,"turns":5}],"seed_played":"-8621153150157847554","potions_obtained":[{"floor":1,"key":"Dexterity Potion"},{"floor":7,"key":"Explosive Potion"},{"floor":8,"key":"EssenceOfSteel"},{"floor":14,"key":"Poison Potion"},{"floor":18,"key":"Block Potion"},{"floor":19,"key":"LiquidBronze"}],"is_trial":false,"path_per_floor":["?","?","?","T"],"character_chosen":"DEFECT","items_purchased":[],"campfire_rested":1,"item_purchase_floors":[],"current_hp_per_floor":[68,68,68,68,53,53,53,53,53,28,50,48,48,48,48,22,62,39,39,64,64,50,50,0],"gold":594,"neow_bonus":"THREE_ENEMY_KILL","is_prod":false,"is_daily":false,"chose_seed":false,"campfire_upgraded":3,"win_rate":0,"timestamp":1553802632,"path_taken":["M","$","?","M","?","R","E","M","T","E","R","M","E","M","R","BOSS","M","M","?","?","M","R","E"],"build_version":"2019-01-23","purchased_purges":1,"victory":false,"max_hp_per_floor":[75,75,75,75,75,75,75,75,75,75,75,75,75,75,75,75,75,75,75,75,75,75,75,75],"card_choices":[{"not_picked":["Skim","Compile Driver"],"picked":"Melter","floor":1},{"not_picked":["Barrage","Gash"],"picked":"Scrape","floor":4},{"not_picked":["Hello World","Consume"],"picked":"Auto Shields","floor":7},{"not_picked":["Leap","Steam"],"picked":"Streamline","floor":8},{"not_picked":["Streamline","Compile Driver"],"picked":"Conserve Battery","floor":10},{"not_picked":["Rebound","Heatsinks"],"picked":"Chaos","floor":12},{"not_picked":["Hologram","Hyperbeam"],"picked":"Machine Learning","floor":13},{"not_picked":["Ball Lightning","Scrape","Reprogram"],"picked":"Hologram","floor":14},{"not_picked":["Fission","Rainbow","Amplify"],"picked":"Creative AI","floor":16},{"not_picked":["Steam Power","FTL+1","Auto Shields"],"picked":"Leap+1","floor":18},{"not_picked":["Scrape+1","Doom and Gloom+1","Cold Snap+1"],"picked":"Hologram","floor":19},{"not_picked":["Redo","Sweeping Beam","Barrage"],"picked":"Turbo","floor":22}],"player_experience":144518,"relics_obtained":[{"floor":7,"key":"MawBank"},{"floor":9,"key":"Potion Belt"},{"floor":10,"key":"Blue Candle"},{"floor":13,"key":"Question Card"},{"floor":21,"key":"Vajra"}],"event_choices":[{"damage_healed":0,"gold_gain":0,"player_choice":"Grow","damage_taken":0,"max_hp_gain":0,"max_hp_loss":0,"event_name":"Living Wall","floor":3,"gold_loss":0,"cards_upgraded":["Zap"]},{"damage_healed":0,"gold_gain":0,"player_choice":"Entered Light","damage_taken":15,"max_hp_gain":0,"max_hp_loss":0,"event_name":"Shining Light","floor":5,"gold_loss":0,"cards_upgraded":["Strike_B","Defend_B"]},{"damage_healed":25,"gold_gain":0,"player_choice":"Heal","damage_taken":0,"max_hp_gain":0,"max_hp_loss":0,"event_name":"The Library","floor":20,"gold_loss":0}],"is_beta":false,"boss_relics":[{"not_picked":["Sozu","Philosopher\u0027s Stone"],"picked":"Cursed Key"}],"items_purged_floors":[2],"is_endless":false,"potions_floor_spawned":[1,7,8,14,18,19],"killed_by":"Book of Stabbing","ascension_level":6}