{"gold_per_floor":[114,114,129,129,147,147,173,153,153,182,182,192,225,243,243,347,347,366,32,32,32,44,44,74,74,74,74,74,74,87,97,97,201,201,218,318,370,383,433,466,466,498,522,553,570,590,338,352,352,352],"floor_reached":51,"playtime":4690,"items_purged":["Writhe","Shame"],"score":1172,"play_id":"e75b6e33-1a9d-4968-ac95-0e763b7cfd26","local_time":"20190403131710","is_ascension_mode":true,"campfire_choices":[{"data":"Warcry","floor":6.0,"key":"SMITH"},{"data":"Second Wind","floor":11.0,"key":"SMITH"},{"data":"Flame Barrier","floor":15.0,"key":"SMITH"},{"floor":23.0,"key":"DIG"},{"floor":25.0,"key":"DIG"},{"floor":27.0,"key":"DIG"},{"floor":29.0,"key":"REST"},{"floor":32.0,"key":"REST"},{"floor":41,"key":"REST"},{"floor":49,"key":"DIG"}],"neow_cost":"NONE","seed_source_timestamp":1332033299596247,"circlet_count":0,"master_deck":["AscendersBane","Strike_R+1","Strike_R","Strike_R","Strike_R+1","Strike_R","Defend_R","Defend_R","Defend_R","Defend_R","Bash","Perfected Strike","Perfected Strike","Warcry+1","Second Wind+1","Flame Barrier+1","Shockwave","Reaper","Offering","Decay","Armaments+1","Shrug It Off","Spot Weakness","Juggernaut+1","Metallicize+1","Evolve+1","Pommel Strike+1","Reaper","Ghostly Armor","Parasite","Power Through"],"special_seed":0,"relics":["Burning Blood","NeowsBlessing","Mercury Hourglass","conspire:DeflatedDodgeball","conspire:Dentures","Strawberry","Calling Bell","Potion Belt","Frozen Egg 2","Shovel","Gremlin Horn","theJungle:BirthdayCakeSlice","Bottled Flame","conspire:DecoderRing","PreservedInsect","Calipers","Pen Nib","Sozu","Incense Burner","CatCart","Shuriken","Pantograph","Red Skull","conspire:GiftBox","Ancient Tea Set","Thread and Needle"],"potions_floor_usage":[37,50],"damage_taken":[{"damage":0.0,"enemies":"Jaw Worm","floor":1.0,"turns":1.0},{"damage":0.0,"enemies":"2 Louse","floor":3.0,"turns":1.0},{"damage":0.0,"enemies":"Cultist","floor":5.0,"turns":1.0},{"damage":48.0,"enemies":"Lagavulin","floor":7.0,"turns":8.0},{"damage":16.0,"enemies":"Gremlin Nob","floor":10.0,"turns":3.0},{"damage":0.0,"enemies":"Looter","floor":12.0,"turns":2.0},{"damage":0.0,"enemies":"3 Sentries","floor":13.0,"turns":6.0},{"damage":9.0,"enemies":"Red Slaver","floor":14.0,"turns":2.0},{"damage":30.0,"enemies":"Slime Boss","floor":16.0,"turns":10.0},{"damage":25.0,"enemies":"theJungle:GiantWrat","floor":18.0,"turns":5.0},{"damage":33.0,"enemies":"theJungle:Flameango_and_Byrd","floor":22.0,"turns":7.0},{"damage":53.0,"enemies":"theJungle:Cassacara","floor":24.0,"turns":8.0},{"damage":23.0,"enemies":"Snake Plant","floor":30.0,"turns":4.0},{"damage":24.0,"enemies":"theJungle:SlimyTreeVines","floor":31.0,"turns":8.0},{"damage":46.0,"enemies":"theJungle:QueenSpyder","floor":33.0,"turns":15.0},{"damage":21.0,"enemies":"Orb Walker","floor":35.0,"turns":4.0},{"damage":5.0,"enemies":"Mind Bloom Boss Battle","floor":36.0,"turns":8.0},{"damage":69,"enemies":"Orin","floor":37,"turns":13},{"damage":19,"enemies":"3 Shapes","floor":38,"turns":12},{"damage":84,"enemies":"Giant Head","floor":40,"turns":9},{"damage":28,"enemies":"Reptomancer","floor":42,"turns":7},{"damage":49,"enemies":"Giant Head","floor":44,"turns":8},{"damage":40,"enemies":"Jaw Worm Horde","floor":45,"turns":5},{"damage":52,"enemies":"Writhing Mass","floor":46,"turns":11},{"damage":11,"enemies":"4 Shapes","floor":48,"turns":7},{"damage":115,"enemies":"Awakened One","floor":50,"turns":13}],"seed_played":"8181347682602048039","potions_obtained":[{"floor":3.0,"key":"Ancient Potion"},{"floor":5.0,"key":"Dexterity Potion"},{"floor":8.0,"key":"EssenceOfSteel"},{"floor":12.0,"key":"Energy Potion"},{"floor":13.0,"key":"SkillPotion"},{"floor":18.0,"key":"SteroidPotion"},{"floor":22.0,"key":"Block Potion"},{"floor":30.0,"key":"Swift Potion"},{"floor":33.0,"key":"FairyPotion"}],"is_trial":false,"path_per_floor":["M","?","M","?","M","R","E","?","T","E","R","M","E","M","R","B",null,"M","$","?","$","M","R","E","R","T","R","?","R","M","M","R","B",null,"M","?","?","M","T","E","R","E","T","E","M","M","$","M","R","B",null],"character_chosen":"IRONCLAD","items_purchased":["Gremlin Horn","Ancient Tea Set"],"campfire_rested":3,"item_purchase_floors":[19,47],"current_hp_per_floor":[78,62,68,68,74,74,32,32,32,22,22,28,41,38,38,26,72,57,57,62,62,40,40,20,20,20,20,20,47,30,18,45,21,74,59,76,69,62,62,9,36,14,14,15,10,51,51,83,83,26],"gold":352,"neow_bonus":"THREE_ENEMY_KILL","is_prod":false,"is_daily":false,"chose_seed":false,"campfire_upgraded":3,"win_rate":0,"timestamp":1554322630,"path_taken":["M","?","M","?","?","R","E","?","T","E","R","?","E","M","R","BOSS","M","$","?","$","M","R","E","R","T","R","?","R","M","M","R","BOSS","M","?","?","M","?","E","R","E","T","E","M","?","$","M","R","BOSS"],"build_version":"2019-01-23","purchased_purges":2,"victory":true,"max_hp_per_floor":[80,80,80,80,80,80,80,80,80,80,80,80,87,87,87,87,87,87,87,92,92,92,92,92,92,92,92,92,92,92,92,92,92,92,92,92,92,92,92,92,92,92,92,92,92,92,92,92,92,92],"card_choices":[{"not_picked":["Headbutt","Flex"],"picked":"Perfected Strike","floor":1.0},{"not_picked":["True Grit","Seeing Red"],"picked":"Perfected Strike","floor":3.0},{"not_picked":["Searing Blow","Sever Soul"],"picked":"Warcry","floor":5.0},{"not_picked":["Rampage","Perfected Strike","Pummel"],"picked":"SKIP","floor":7.0},{"not_picked":["Second Wind","Fiend Fire","Dual Wield"],"picked":"SKIP","floor":10.0},{"not_picked":["Fiend Fire","Dual Wield"],"picked":"Second Wind","floor":10.0},{"not_picked":["Thunderclap","Heavy Blade"],"picked":"Flame Barrier","floor":12.0},{"not_picked":["Anger","Warcry"],"picked":"Shockwave","floor":13.0},{"not_picked":["Anger","Entrench"],"picked":"Reaper","floor":14.0},{"not_picked":["Limit Break","Impervious"],"picked":"Offering","floor":16.0},{"not_picked":["Seeing Red","Warcry"],"picked":"Armaments+1","floor":18.0},{"not_picked":["Flex+1","Hemokinesis"],"picked":"Shrug It Off","floor":22.0},{"not_picked":["Rampage+1","Sever Soul"],"picked":"Spot Weakness","floor":24.0},{"not_picked":["Bloodletting","Corruption+1","Heavy Blade+1"],"picked":"SKIP","floor":30.0},{"not_picked":["Blood for Blood+1","Havoc","Anger"],"picked":"SKIP","floor":31.0},{"not_picked":["Offering","Demon Form+1"],"picked":"Juggernaut+1","floor":33.0},{"not_picked":["Iron Wave+1","Blood for Blood+1","Sword Boomerang+1"],"picked":"SKIP","floor":35.0},{"not_picked":["Iron Wave","Cleave"],"picked":"Metallicize+1","floor":38},{"not_picked":["Warcry","Heavy Blade"],"picked":"Evolve+1","floor":40},{"not_picked":["Feed","Ghostly Armor+1"],"picked":"Pommel Strike+1","floor":42},{"not_picked":["Impervious","Brutality+1"],"picked":"Reaper","floor":44},{"not_picked":["Heavy Blade+1","Headbutt+1"],"picked":"Ghostly Armor","floor":45},{"not_picked":["Wild Strike","Cleave","Perfected Strike"],"picked":"SKIP","floor":46},{"not_picked":["Hemokinesis","Wild Strike"],"picked":"Power Through","floor":48}],"player_experience":208691,"relics_obtained":[{"floor":7.0,"key":"Mercury Hourglass"},{"floor":9.0,"key":"conspire:DeflatedDodgeball"},{"floor":10.0,"key":"conspire:Dentures"},{"floor":13.0,"key":"Strawberry"},{"floor":17.0,"key":"Potion Belt"},{"floor":17.0,"key":"Frozen Egg 2"},{"floor":17.0,"key":"Shovel"},{"floor":23.0,"key":"Bottled Flame"},{"floor":24.0,"key":"conspire:DecoderRing"},{"floor":25.0,"key":"PreservedInsect"},{"floor":26.0,"key":"Calipers"},{"floor":27.0,"key":"Pen Nib"},{"floor":36.0,"key":"Incense Burner"},{"floor":37,"key":"CatCart"},{"floor":40,"key":"Shuriken"},{"floor":42,"key":"Pantograph"},{"floor":43,"key":"Red Skull"},{"floor":44,"key":"conspire:GiftBox"},{"floor":49,"key":"Thread and Needle"}],"event_choices":[{"damage_healed":0.0,"max_hp_gain":0.0,"max_hp_loss":0.0,"gold_gain":0.0,"event_name":"Shining Light","player_choice":"Entered Light","floor":2.0,"gold_loss":0.0,"damage_taken":16.0,"cards_upgraded":["Strike_R","Strike_R"]},{"damage_healed":0.0,"max_hp_gain":0.0,"max_hp_loss":0.0,"gold_gain":0.0,"event_name":"The Woman in Blue","player_choice":"Bought 1 Potion","floor":8.0,"gold_loss":0.0,"damage_taken":0.0},{"damage_healed":0.0,"max_hp_gain":0.0,"max_hp_loss":0.0,"gold_gain":0.0,"event_name":"MindBloom","player_choice":"Fight","floor":36.0,"gold_loss":0.0,"damage_taken":0.0},{"damage_healed":0,"gold_gain":0,"player_choice":"Fight","damage_taken":0,"max_hp_gain":0,"max_hp_loss":0,"event_name":"OrinTheCat","floor":37,"gold_loss":0}],"is_beta":false,"boss_relics":[{"not_picked":["Astrolabe","Busted Crown"],"picked":"Calling Bell"},{"not_picked":["conspire:RunicOctahedron","conspire:SpecialSausage"],"picked":"Sozu"}],"items_purged_floors":[19,47],"is_endless":false,"potions_floor_spawned":[3,5,12,13,18,22,30,33,35,36,40,48],"ascension_level":10}