{"gold_per_floor":[117,4,4,4,21,56,56,86,166,186,186,212,228,248,248,325,325,345,325,32,0,0],"floor_reached":22,"playtime":1583,"items_purged":["Strike_R"],"score":424,"play_id":"3fcba4e0-5c6e-4ee6-984b-cf9976713377","local_time":"20190420164228","is_ascension_mode":true,"campfire_choices":[{"data":"Combust","floor":7,"key":"SMITH"},{"data":"Metallicize","floor":11,"key":"SMITH"},{"data":"Bash","floor":15,"key":"SMITH"}],"neow_cost":"NONE","seed_source_timestamp":238383674230825,"circlet_count":0,"master_deck":["AscendersBane","Strike_R+1","Strike_R","Strike_R","Strike_R","Defend_R","Defend_R","Defend_R","Defend_R","Bash+1","Combust+1","Twin Strike+1","Metallicize+1","True Grit","Reckless Charge","True Grit","Armaments","Headbutt+1","Juggernaut","True Grit","Spot Weakness","Body Slam+1","Clothesline+1","Battle Trance+1","Shrug It Off"],"relics":["Burning Blood","NeowsBlessing","Strawberry","PreservedInsect","Molten Egg 2","Bag of Marbles","Orrery","Art of War"],"potions_floor_usage":[8,16,16,19],"damage_taken":[{"damage":0,"enemies":"Jaw Worm","floor":1,"turns":1},{"damage":0,"enemies":"Small Slimes","floor":5,"turns":1},{"damage":0,"enemies":"Gremlin Nob","floor":6,"turns":1},{"damage":22,"enemies":"Lagavulin","floor":8,"turns":6},{"damage":1,"enemies":"Cultist","floor":10,"turns":3},{"damage":21,"enemies":"Gremlin Nob","floor":12,"turns":4},{"damage":18,"enemies":"Gremlin Gang","floor":13,"turns":5},{"damage":2,"enemies":"Red Slaver","floor":14,"turns":3},{"damage":40,"enemies":"The Guardian","floor":16,"turns":15},{"damage":44,"enemies":"Shell Parasite","floor":18,"turns":6},{"damage":25,"enemies":"2 Thieves","floor":19,"turns":4},{"damage":12,"enemies":"Centurion and Healer","floor":22,"turns":4}],"seed_played":"9141431859518912622","potions_obtained":[{"floor":1,"key":"Regen Potion"},{"floor":8,"key":"Regen Potion"},{"floor":14,"key":"Weak Potion"},{"floor":16,"key":"Fire Potion"},{"floor":18,"key":"PowerPotion"}],"is_trial":false,"path_per_floor":["?","?"],"character_chosen":"IRONCLAD","items_purchased":["Twin Strike","FearPotion","Shrug It Off","Art of War"],"campfire_rested":0,"item_purchase_floors":[2,2,20,20],"current_hp_per_floor":[74,74,51,51,57,70,70,63,63,68,68,53,41,45,45,11,64,26,7,7,7,0],"gold":0,"neow_bonus":"THREE_ENEMY_KILL","is_prod":false,"is_daily":false,"chose_seed":false,"campfire_upgraded":3,"win_rate":0,"timestamp":1555774948,"path_taken":["M","$","?","$","M","E","R","E","T","M","R","E","M","M","R","BOSS","M","M","$","?","M"],"build_version":"2019-01-23","purchased_purges":1,"victory":false,"max_hp_per_floor":[75,75,75,75,75,82,82,82,82,82,82,82,82,82,82,82,82,82,82,82,82,82],"card_choices":[{"not_picked":["Shockwave","Perfected Strike"],"picked":"Combust","floor":1},{"not_picked":["Pommel Strike","Body Slam"],"picked":"Metallicize","floor":5},{"not_picked":["Intimidate","Double Tap"],"picked":"True Grit","floor":6},{"not_picked":["Clothesline","Wild Strike"],"picked":"Reckless Charge","floor":8},{"not_picked":["Cleave+1","Clash+1"],"picked":"True Grit","floor":10},{"not_picked":["Berserk","Entrench","Body Slam+1"],"picked":"SKIP","floor":12},{"not_picked":["Warcry","Flex"],"picked":"Armaments","floor":13},{"not_picked":["Pommel Strike+1","Power Through"],"picked":"Headbutt+1","floor":14},{"not_picked":["Berserk","Bludgeon+1"],"picked":"Juggernaut","floor":16},{"not_picked":["Sword Boomerang+1","Havoc"],"picked":"True Grit","floor":17},{"not_picked":["Flex","Intimidate"],"picked":"Spot Weakness","floor":17},{"not_picked":["Havoc","Heavy Blade+1"],"picked":"Body Slam+1","floor":17},{"not_picked":["Cleave+1","Flex"],"picked":"Clothesline+1","floor":17},{"not_picked":["Wild Strike+1","Havoc+1","Evolve"],"picked":"SKIP","floor":18},{"not_picked":["Pommel Strike+1","Cleave+1"],"picked":"Battle Trance+1","floor":19}],"player_experience":673333,"relics_obtained":[{"floor":6,"key":"Strawberry"},{"floor":8,"key":"PreservedInsect"},{"floor":9,"key":"Molten Egg 2"},{"floor":12,"key":"Bag of Marbles"}],"event_choices":[{"damage_healed":0,"gold_gain":0,"player_choice":"Entered Light","damage_taken":23,"max_hp_gain":0,"max_hp_loss":0,"event_name":"Shining Light","floor":3,"gold_loss":0,"cards_upgraded":["Strike_R","Twin Strike"]},{"damage_healed":0,"gold_gain":0,"player_choice":"Paid Fearfully","damage_taken":0,"max_hp_gain":0,"max_hp_loss":0,"event_name":"Masked Bandits","floor":21,"gold_loss":32}],"is_beta":false,"boss_relics":[{"not_picked":["Eternal Feather","Pandora\u0027s Box"],"picked":"Orrery"}],"items_purged_floors":[20],"is_endless":false,"potions_floor_spawned":[1,6,8,13,14,16,18],"killed_by":"Centurion and Healer","ascension_level":17}