{"gold_per_floor":[111,126,138,157,157,183,203,203,203,215,215,244,263,282,282,379,379,389,389,389,409,460,460,493,493,493,493,511,531,71,90,90,188,188,208,56,73,92,92,117,117,151,202,202,202,202,221,251,251,251],"floor_reached":51,"playtime":2763,"items_purged":[],"score":821,"play_id":"9611150b-36a4-4eed-a146-b075351eaec9","local_time":"20190420150529","is_ascension_mode":false,"campfire_choices":[{"data":"Core Surge","floor":8,"key":"SMITH"},{"data":"Redo","floor":11,"key":"SMITH"},{"data":"Leap","floor":15,"key":"SMITH"},{"data":"Loop","floor":23,"key":"SMITH"},{"floor":25,"key":"REST"},{"data":"Conserve Battery","floor":32,"key":"SMITH"},{"floor":41,"key":"REST"},{"floor":44,"key":"REST"},{"data":"Dualcast","floor":46,"key":"SMITH"},{"floor":49,"key":"REST"}],"neow_cost":"NONE","seed_source_timestamp":361268499360881,"circlet_count":0,"master_deck":["Dualcast+1","Leap+1","Melter","Redo+1","Cold Snap","Cold Snap","Core Surge+1","Beam Cell","Cold Snap","Machine Learning","Electrodynamics","Cold Snap","Chaos","Doom and Gloom","White Noise","Turbo","White Noise","Stack","Loop+1","Ball Lightning","Conserve Battery+1","Go for the Eyes+1","Go for the Eyes","Machine Learning","Blizzard+1","Reboot+1","Rainbow+1","Aggregate+1","Beam Cell+1","Stack+1","All For One","Panache+1","Leap"],"relics":["Cracked Core","WarpedTongs","Vajra","Bag of Preparation","Boot","Pandora\u0027s Box","NlothsMask","Cables","Dead Branch","Shuriken","Lee\u0027s Waffle","Astrolabe","Strawberry","Frozen Egg 2","Pen Nib","DataDisk","Regal Pillow"],"potions_floor_usage":[6,6,6,10,14,39,40,42,42],"damage_taken":[{"damage":2,"enemies":"2 Louse","floor":1,"turns":2},{"damage":1,"enemies":"Cultist","floor":2,"turns":4},{"damage":0,"enemies":"Jaw Worm","floor":3,"turns":3},{"damage":8,"enemies":"2 Fungi Beasts","floor":4,"turns":3},{"damage":3,"enemies":"3 Sentries","floor":6,"turns":8},{"damage":4,"enemies":"Red Slaver","floor":7,"turns":3},{"damage":6,"enemies":"Exordium Wildlife","floor":10,"turns":2},{"damage":15,"enemies":"Gremlin Nob","floor":12,"turns":3},{"damage":3,"enemies":"3 Louse","floor":13,"turns":2},{"damage":0,"enemies":"Gremlin Gang","floor":14,"turns":3},{"damage":34,"enemies":"Hexaghost","floor":16,"turns":10},{"damage":19,"enemies":"2 Thieves","floor":18,"turns":2},{"damage":7,"enemies":"Shell Parasite","floor":21,"turns":3},{"damage":43,"enemies":"Slavers","floor":24,"turns":3},{"damage":0,"enemies":"Sentry and Sphere","floor":28,"turns":3},{"damage":8,"enemies":"Cultist and Chosen","floor":29,"turns":3},{"damage":18,"enemies":"Chosen and Byrds","floor":31,"turns":4},{"damage":31,"enemies":"Collector","floor":33,"turns":7},{"damage":0,"enemies":"3 Shapes","floor":35,"turns":4},{"damage":5,"enemies":"Orb Walker","floor":37,"turns":3},{"damage":14,"enemies":"Jaw Worm Horde","floor":38,"turns":3},{"damage":0,"enemies":"3 Darklings","floor":39,"turns":2},{"damage":55,"enemies":"Nemesis","floor":40,"turns":5},{"damage":7,"enemies":"Giant Head","floor":42,"turns":7},{"damage":1,"enemies":"Sphere and 2 Shapes","floor":47,"turns":3},{"damage":14,"enemies":"Reptomancer","floor":48,"turns":5},{"damage":85,"enemies":"Time Eater","floor":50,"turns":10}],"seed_played":"8976427108692199324","potions_obtained":[{"floor":2,"key":"LiquidBronze"},{"floor":3,"key":"PowerPotion"},{"floor":4,"key":"SkillPotion"},{"floor":7,"key":"Fire Potion"},{"floor":12,"key":"Energy Potion"},{"floor":24,"key":"SteroidPotion"},{"floor":29,"key":"SmokeBomb"},{"floor":33,"key":"SteroidPotion"},{"floor":37,"key":"EssenceOfSteel"},{"floor":40,"key":"Weak Potion"},{"floor":42,"key":"SteroidPotion"},{"floor":48,"key":"SpeedPotion"}],"is_trial":false,"path_per_floor":["M","M","M","M","?","E","M","R","T","M","R","E","M","M","R","B",null,"M","?","?","M","T","R","E","R","T","?","M","M","$","M","R","B",null,"M","$","M","M","M","E","R","E","T","R","?","R","M","E","R","B",null],"character_chosen":"DEFECT","items_purchased":["Shuriken","Lee\u0027s Waffle","Strawberry"],"campfire_rested":4,"item_purchase_floors":[30,30,36],"current_hp_per_floor":[80,79,79,71,71,68,64,64,64,58,58,43,40,40,40,6,82,63,63,63,56,56,56,13,37,37,37,37,29,89,71,71,40,89,89,96,91,77,77,22,50,43,43,71,71,71,70,56,96,11],"gold":251,"neow_bonus":"TEN_PERCENT_HP_BONUS","is_prod":false,"is_daily":false,"chose_seed":false,"campfire_upgraded":6,"win_rate":0,"timestamp":1555787129,"path_taken":["M","M","M","M","?","E","M","R","T","?","R","E","?","M","R","BOSS","M","?","?","?","?","R","E","R","T","?","M","M","$","M","R","BOSS","M","$","?","M","M","E","R","E","T","R","?","R","M","E","R","BOSS"],"build_version":"2019-01-23","purchased_purges":0,"victory":true,"max_hp_per_floor":[82,82,82,82,82,82,82,82,82,82,82,82,82,82,82,82,82,82,82,82,82,82,82,82,82,82,82,82,82,89,89,89,89,89,89,96,96,96,96,96,96,96,96,96,96,96,96,96,96,96],"card_choices":[{"not_picked":["Go for the Eyes","Storm"],"picked":"Leap","floor":1},{"not_picked":["Turbo","Redo"],"picked":"Melter","floor":2},{"not_picked":["Compile Driver","Turbo"],"picked":"Redo","floor":3},{"not_picked":["Barrage","FTL"],"picked":"Cold Snap","floor":4},{"not_picked":["Gash","Compile Driver"],"picked":"Cold Snap","floor":6},{"not_picked":["Cold Snap","Chaos"],"picked":"Core Surge","floor":7},{"not_picked":["Turbo","Compile Driver","Recycle"],"picked":"SKIP","floor":10},{"not_picked":["Gash","Skim"],"picked":"Beam Cell","floor":12},{"not_picked":["Sweeping Beam","Streamline"],"picked":"Cold Snap","floor":13},{"not_picked":["Double Energy","Beam Cell"],"picked":"Machine Learning","floor":14},{"not_picked":["Buffer","Meteor Strike"],"picked":"Electrodynamics","floor":16},{"not_picked":["Scrape","Go for the Eyes"],"picked":"Stack","floor":18},{"not_picked":["Rebound","Stack+1"],"picked":"Loop","floor":21},{"not_picked":["Turbo+1","Double Energy"],"picked":"Ball Lightning","floor":24},{"not_picked":["Electrodynamics","Ball Lightning"],"picked":"Conserve Battery","floor":28},{"not_picked":["Compile Driver+1","Darkness"],"picked":"Go for the Eyes+1","floor":29},{"not_picked":["Cold Snap","Rip and Tear"],"picked":"Go for the Eyes","floor":31},{"not_picked":["Rainbow","Biased Cognition"],"picked":"Machine Learning","floor":33},{"not_picked":["Scrape","Hello World+1","Turbo"],"picked":"SKIP","floor":35},{"not_picked":["White Noise","Sunder"],"picked":"Aggregate+1","floor":37},{"not_picked":["Compile Driver","Blizzard+1"],"picked":"Beam Cell+1","floor":38},{"not_picked":["Streamline","Machine Learning"],"picked":"Stack+1","floor":40},{"not_picked":["BootSequence+1","Rebound"],"picked":"All For One","floor":42},{"not_picked":["Blind","Discovery"],"picked":"Panache+1","floor":45},{"not_picked":["Redo","Gash+1","Turbo+1"],"picked":"SKIP","floor":47},{"not_picked":["Doom and Gloom","Chill+1"],"picked":"Leap","floor":48}],"player_experience":324202,"relics_obtained":[{"floor":6,"key":"Vajra"},{"floor":9,"key":"Bag of Preparation"},{"floor":12,"key":"Boot"},{"floor":24,"key":"Cables"},{"floor":26,"key":"Dead Branch"},{"floor":40,"key":"Frozen Egg 2"},{"floor":42,"key":"Pen Nib"},{"floor":43,"key":"DataDisk"},{"floor":48,"key":"Regal Pillow"}],"event_choices":[{"damage_healed":0,"gold_gain":0,"player_choice":"Rummage","damage_taken":0,"relics_obtained":["WarpedTongs"],"max_hp_gain":0,"max_hp_loss":0,"event_name":"Accursed Blacksmith","floor":5,"gold_loss":0,"cards_obtained":["Pain"]},{"damage_healed":0,"gold_gain":0,"cards_transformed":["Pain","Steam"],"player_choice":"Became Test Subject","damage_taken":0,"max_hp_gain":0,"max_hp_loss":0,"event_name":"Drug Dealer","floor":19,"gold_loss":0,"cards_obtained":["Shame","Streamline"]},{"damage_healed":0,"gold_gain":0,"player_choice":"Trade","damage_taken":0,"relics_obtained":["NlothsMask"],"max_hp_gain":0,"max_hp_loss":0,"event_name":"FaceTrader","floor":20,"gold_loss":0},{"cards_removed":["Shame"],"damage_healed":0,"gold_gain":0,"player_choice":"Removed Curses","damage_taken":0,"max_hp_gain":0,"max_hp_loss":0,"event_name":"Fountain of Cleansing","floor":27,"gold_loss":0},{"damage_healed":0,"gold_gain":0,"player_choice":"Memory 1","damage_taken":0,"max_hp_gain":0,"max_hp_loss":0,"event_name":"SensoryStone","floor":45,"gold_loss":0}],"is_beta":false,"boss_relics":[{"not_picked":["Velvet Choker","Lizard Tail"],"picked":"Pandora\u0027s Box"},{"not_picked":["FrozenCore","Snecko Eye"],"picked":"Astrolabe"}],"items_purged_floors":[],"is_endless":false,"potions_floor_spawned":[2,3,4,7,12,24,29,33,37,40,42,48],"ascension_level":0}