{"gold_per_floor":[113,133,133,54,64,64,74,85,161,161,180,180,194,223,223,328,328,348,368,368,368,183,183,217,217,217,217,235,235,258,271,271,372,372,384,384,484,502,516,549,568,568,568,568],"floor_reached":44,"playtime":2070,"items_purged":[],"score":606,"play_id":"59a32540-3ced-486f-9b86-ef42082150da","local_time":"20190207102518","is_ascension_mode":true,"campfire_choices":[{"data":"Armaments","floor":6.0,"key":"SMITH"},{"data":"Shockwave","floor":10.0,"key":"SMITH"},{"floor":15.0,"key":"REST"},{"data":"Rupture","floor":23.0,"key":"SMITH"},{"floor":25.0,"key":"REST"},{"floor":27.0,"key":"REST"},{"data":"Rupture","floor":32.0,"key":"SMITH"},{"floor":42,"key":"REST"}],"neow_cost":"CURSE","seed_source_timestamp":305857456200,"circlet_count":0,"master_deck":["Defend_R","Defend_R","Defend_R","Defend_R","Sword Boomerang","Spot Weakness","Shockwave+1","Armaments+1","Thunderclap","Flame Barrier","Anger","Rupture+1","Brutality","Bite","Bite","Bite","Bite","Bite","Combust","Heavy Blade","Inflame+1","Rupture+1","Rupture+1","Parasite","Writhe"],"special_seed":0,"relics":["Burning Blood","Ice Cream","Singing Bowl","Spirit Poop","Thread and Needle","Black Star","Juzu Bracelet","Lantern","Smiling Mask","Blue Candle","Ancient Tea Set","Cursed Key","Turnip","The Courier","Shuriken","Ornamental Fan"],"potions_floor_usage":[41,44,44],"damage_taken":[{"damage":2.0,"enemies":"2 Louse","floor":1.0,"turns":4.0},{"damage":1.0,"enemies":"Cultist","floor":2.0,"turns":4.0},{"damage":8.0,"enemies":"Small Slimes","floor":5.0,"turns":4.0},{"damage":36.0,"enemies":"Gremlin Gang","floor":7.0,"turns":6.0},{"damage":15.0,"enemies":"3 Louse","floor":8.0,"turns":3.0},{"damage":1.0,"enemies":"2 Fungi Beasts","floor":11.0,"turns":4.0},{"damage":12.0,"enemies":"Large Slime","floor":13.0,"turns":5.0},{"damage":13.0,"enemies":"Lagavulin","floor":14.0,"turns":6.0},{"damage":15.0,"enemies":"The Guardian","floor":16.0,"turns":12.0},{"damage":16.0,"enemies":"3 Byrds","floor":18.0,"turns":5.0},{"damage":15.0,"enemies":"Spheric Guardian","floor":19.0,"turns":6.0},{"damage":62.0,"enemies":"Slavers","floor":24.0,"turns":7.0},{"damage":6.0,"enemies":"Cultist and Chosen","floor":28.0,"turns":5.0},{"damage":19.0,"enemies":"Snecko","floor":31.0,"turns":5.0},{"damage":27.0,"enemies":"Collector","floor":33.0,"turns":5.0},{"damage":13.0,"enemies":"Orb Walker","floor":35.0,"turns":3.0},{"damage":35.0,"enemies":"Mind Bloom Boss Battle","floor":37.0,"turns":6.0},{"damage":19.0,"enemies":"3 Shapes","floor":38.0,"turns":5.0},{"damage":16.0,"enemies":"Writhing Mass","floor":39.0,"turns":5.0},{"damage":34.0,"enemies":"Giant Head","floor":40.0,"turns":7.0},{"damage":22,"enemies":"Spire Growth","floor":41,"turns":6},{"damage":71,"enemies":"Reptomancer","floor":44,"turns":5}],"seed_played":"-6206022137737901768","potions_obtained":[{"floor":7.0,"key":"AttackPotion"},{"floor":8.0,"key":"SpeedPotion"},{"floor":14.0,"key":"Energy Potion"},{"floor":16.0,"key":"Fire Potion"},{"floor":28.0,"key":"Ancient Potion"},{"floor":31.0,"key":"Ancient Potion"},{"floor":35.0,"key":"PowerPotion"},{"floor":37.0,"key":"SpeedPotion"},{"floor":39.0,"key":"Strength Potion"},{"floor":41,"key":"SpeedPotion"}],"is_trial":false,"path_per_floor":["M","M","?","$","M","R","M","M","T","R","M","?","M","E","R","B",null,"M","M","?","?","$","R","E","R","T","R","M","?","T","M","R","B",null,"M","?","?","M","M","E","M","R","T","E"],"character_chosen":"IRONCLAD","items_purchased":["Shockwave","Combust","Juzu Bracelet"],"campfire_rested":4,"item_purchase_floors":[4,22,22],"current_hp_per_floor":[80,80,80,80,78,78,48,39,39,39,46,46,40,33,57,48,82,74,67,60,60,60,60,11,29,29,47,57,57,57,50,50,41,64,61,61,49,42,45,36,32,54,54,0],"gold":568,"neow_bonus":"ONE_RARE_RELIC","is_prod":false,"is_daily":false,"chose_seed":false,"campfire_upgraded":4,"win_rate":0,"timestamp":1549553118,"path_taken":["M","M","?","?","M","R","M","M","T","R","M","?","?","E","R","BOSS","M","M","?","?","$","R","E","R","T","R","M","?","?","M","R","BOSS","M","?","?","M","M","E","M","R","T","E"],"build_version":"2019-01-23","purchased_purges":0,"victory":false,"max_hp_per_floor":[80,80,80,80,80,80,80,80,80,80,82,82,82,82,82,82,82,84,86,60,60,60,60,60,60,60,60,60,60,60,62,62,64,64,64,64,66,68,70,72,74,74,74,74],"card_choices":[{"not_picked":["True Grit","Body Slam"],"picked":"Sword Boomerang","floor":1.0},{"not_picked":["Second Wind","Iron Wave"],"picked":"Spot Weakness","floor":2.0},{"not_picked":["Pommel Strike","True Grit"],"picked":"Armaments","floor":5.0},{"not_picked":["Headbutt","Sword Boomerang"],"picked":"Thunderclap","floor":7.0},{"not_picked":["Sword Boomerang","Twin Strike"],"picked":"Flame Barrier","floor":8.0},{"not_picked":["Entrench","Cleave","True Grit"],"picked":"Singing Bowl","floor":11.0},{"not_picked":["Berserk","Cleave"],"picked":"Anger","floor":13.0},{"not_picked":["True Grit","Brutality"],"picked":"Rupture","floor":14.0},{"not_picked":["Demon Form","Fiend Fire"],"picked":"Brutality","floor":16.0},{"not_picked":["Headbutt","Burning Pact+1","Twin Strike"],"picked":"Singing Bowl","floor":18.0},{"not_picked":["Armaments","Carnage","Havoc"],"picked":"Singing Bowl","floor":19.0},{"not_picked":["Headbutt","Havoc+1"],"picked":"Heavy Blade","floor":24.0},{"not_picked":["Twin Strike","Havoc"],"picked":"Inflame+1","floor":28.0},{"not_picked":["Thunderclap","Cleave","Blood for Blood"],"picked":"Singing Bowl","floor":31.0},{"not_picked":["Feed","Brutality","Berserk"],"picked":"Singing Bowl","floor":33.0},{"not_picked":["Flame Barrier+1","Burning Pact+1"],"picked":"Rupture+1","floor":35.0},{"not_picked":["Fire Breathing+1","Shrug It Off","Perfected Strike+1"],"picked":"Singing Bowl","floor":37.0},{"not_picked":["Entrench","Wild Strike+1","Inflame+1"],"picked":"Singing Bowl","floor":38.0},{"not_picked":["Clash","Wild Strike","Headbutt+1"],"picked":"Singing Bowl","floor":39.0},{"not_picked":["Wild Strike+1","Flex","Twin Strike"],"picked":"Singing Bowl","floor":40.0},{"not_picked":["Thunderclap+1","Wild Strike","Twin Strike+1"],"picked":"Singing Bowl","floor":41}],"player_experience":396087,"relics_obtained":[{"floor":9.0,"key":"Singing Bowl"},{"floor":14.0,"key":"Thread and Needle"},{"floor":24.0,"key":"Lantern"},{"floor":24.0,"key":"Smiling Mask"},{"floor":26.0,"key":"Blue Candle"},{"floor":30.0,"key":"Ancient Tea Set"},{"floor":37.0,"key":"Turnip"},{"floor":40.0,"key":"The Courier"},{"floor":40.0,"key":"Shuriken"},{"floor":43,"key":"Ornamental Fan"}],"event_choices":[{"damage_healed":0.0,"max_hp_gain":0.0,"max_hp_loss":0.0,"gold_gain":0.0,"event_name":"The Woman in Blue","player_choice":"Bought 0 Potions","floor":3.0,"gold_loss":0.0,"damage_taken":0.0},{"cards_removed":["Normality"],"damage_healed":0.0,"max_hp_gain":0.0,"max_hp_loss":0.0,"gold_gain":0.0,"event_name":"Bonfire Elementals","player_choice":"Offered Curse","floor":12.0,"gold_loss":0.0,"damage_taken":0.0,"relics_obtained":["Spirit Poop"]},{"damage_healed":0.0,"max_hp_gain":0.0,"max_hp_loss":26.0,"gold_gain":0.0,"event_name":"Vampires","player_choice":"Became a vampire","floor":20.0,"gold_loss":0.0,"damage_taken":0.0,"cards_obtained":["Bite","Bite","Bite","Bite","Bite"]},{"cards_removed":["Bash"],"damage_healed":0.0,"max_hp_gain":0.0,"max_hp_loss":0.0,"gold_gain":0.0,"event_name":"Back to Basics","player_choice":"Elegance","floor":21.0,"gold_loss":0.0,"damage_taken":0.0},{"damage_healed":0.0,"max_hp_gain":0.0,"max_hp_loss":0.0,"gold_gain":0.0,"event_name":"The Library","player_choice":"Read","floor":29.0,"gold_loss":0.0,"damage_taken":0.0,"cards_obtained":["Rupture"]},{"damage_healed":0.0,"max_hp_gain":0.0,"max_hp_loss":0.0,"gold_gain":0.0,"event_name":"Tomb of Lord Red Mask","player_choice":"Ignored","floor":36.0,"gold_loss":0.0,"damage_taken":0.0},{"damage_healed":0.0,"max_hp_gain":0.0,"max_hp_loss":0.0,"gold_gain":0.0,"event_name":"MindBloom","player_choice":"Fight","floor":37.0,"gold_loss":0.0,"damage_taken":0.0}],"is_beta":false,"boss_relics":[{"not_picked":["Ectoplasm","Calling Bell"],"picked":"Black Star"},{"not_picked":["Busted Crown","White Beast Statue"],"picked":"Cursed Key"}],"items_purged_floors":[],"is_endless":false,"potions_floor_spawned":[7,8,14,16,28,31,35,37,39,41],"killed_by":"Reptomancer","ascension_level":4}