{"gold_per_floor":[13,30,30,30,80,80,115,115,115,141,157,177,207,282,282,282],"floor_reached":16,"playtime":411,"items_purged":[],"score":236,"play_id":"b024fe32-e7eb-48b4-b855-30285e04c69a","local_time":"20190420162035","is_ascension_mode":true,"campfire_choices":[{"data":"Zap","floor":6.0,"key":"SMITH"},{"data":"Core Surge","floor":8.0,"key":"SMITH"},{"floor":15,"key":"REST"}],"neow_cost":"NO_GOLD","seed_source_timestamp":28732247169944,"circlet_count":0,"master_deck":["AscendersBane","Strike_B","Strike_B","Strike_B","Strike_B","Defend_B","Defend_B","Defend_B","Defend_B","Zap+1","Dualcast","Core Surge+1","BootSequence","Leap","Genetic Algorithm","Consume"],"special_seed":0,"relics":["Cracked Core","Singing Bowl","StoneCalendar","Centennial Puzzle","Question Card"],"potions_floor_usage":[13],"damage_taken":[{"damage":0.0,"enemies":"2 Louse","floor":1.0,"turns":1.0},{"damage":2.0,"enemies":"Jaw Worm","floor":2.0,"turns":3.0},{"damage":15.0,"enemies":"3 Sentries","floor":7.0,"turns":9.0},{"damage":33.0,"enemies":"Gremlin Nob","floor":10.0,"turns":4.0},{"damage":1.0,"enemies":"Cultist","floor":11.0,"turns":3.0},{"damage":8.0,"enemies":"Blue Slaver","floor":12.0,"turns":3.0},{"damage":11,"enemies":"Lagavulin","floor":13,"turns":7},{"damage":20,"enemies":"Slime Boss","floor":16,"turns":7}],"seed_played":"3245179624464735066","potions_obtained":[{"floor":2.0,"key":"SpeedPotion"},{"floor":7.0,"key":"Regen Potion"}],"is_trial":false,"path_per_floor":["M","M","?","?","?","R","E","R","T","E","M","M","E","?","R","B"],"character_chosen":"DEFECT","items_purchased":[],"campfire_rested":1,"item_purchase_floors":[],"current_hp_per_floor":[64,62,67,67,67,67,54,54,54,21,22,14,15,4,28,8],"gold":282,"neow_bonus":"THREE_RARE_CARDS","is_prod":false,"is_daily":false,"chose_seed":false,"campfire_upgraded":2,"win_rate":0,"timestamp":1555770035,"path_taken":["M","M","?","?","?","R","E","R","T","E","?","M","E","?","R","BOSS"],"build_version":"2019-04-04","purchased_purges":0,"victory":false,"max_hp_per_floor":[71,71,76,76,76,76,78,78,78,78,80,80,80,80,80,80],"card_choices":[{"not_picked":["Reboot","Seek"],"picked":"Core Surge","floor":0.0},{"not_picked":["Stack","Beam Cell","Redo"],"picked":"SKIP","floor":1.0},{"not_picked":["Compile Driver","Gash"],"picked":"BootSequence","floor":2.0},{"not_picked":["BootSequence","Lockon","Force Field"],"picked":"Singing Bowl","floor":7.0},{"not_picked":["Steam Power","Streamline"],"picked":"Leap","floor":10.0},{"not_picked":["Hologram","Turbo","Scrape"],"picked":"Singing Bowl","floor":11.0},{"not_picked":["Hyperbeam","Consume"],"picked":"Genetic Algorithm","floor":12.0},{"not_picked":["Compile Driver","Auto Shields"],"picked":"Consume","floor":13}],"player_experience":1173480,"relics_obtained":[{"floor":7.0,"key":"Singing Bowl"},{"floor":9.0,"key":"StoneCalendar"},{"floor":10.0,"key":"Centennial Puzzle"},{"floor":13,"key":"Question Card"}],"event_choices":[{"damage_healed":0.0,"max_hp_gain":5.0,"max_hp_loss":0.0,"gold_gain":0.0,"event_name":"Big Fish","player_choice":"Donut","floor":3.0,"gold_loss":0.0,"damage_taken":0.0},{"damage_healed":0.0,"max_hp_gain":0.0,"max_hp_loss":0.0,"gold_gain":0.0,"event_name":"The Cleric","player_choice":"Leave","floor":4.0,"gold_loss":0.0,"damage_taken":0.0},{"damage_healed":0.0,"max_hp_gain":0.0,"max_hp_loss":0.0,"gold_gain":50.0,"event_name":"Golden Shrine","player_choice":"Pray","floor":5.0,"gold_loss":0.0,"damage_taken":0.0},{"damage_healed":0,"gold_gain":75,"player_choice":"Gather Gold","damage_taken":11,"max_hp_gain":0,"max_hp_loss":0,"event_name":"World of Goop","floor":14,"gold_loss":0}],"is_beta":true,"boss_relics":[],"items_purged_floors":[],"is_endless":false,"potions_floor_spawned":[2,7],"killed_by":"Slime Boss","ascension_level":20}