{"gold_per_floor":[109,129,129,129,147,147,181,198,223,223,233,267,267,288,288,408,408,432,432,50,65,86,86,110,110,140,23,64,64,108,129,129,253,253,271,231,250,69,69,69,21,60,86,127,142,42,42,67,67,67],"floor_reached":51,"playtime":4759,"items_purged":["Pain"],"score":1095,"play_id":"2ce9dba0-7b7d-4482-a162-6cf090d44181","local_time":"20190419162116","is_ascension_mode":true,"campfire_choices":[{"data":"Leap","floor":6,"key":"SMITH"},{"data":"Go for the Eyes","floor":10,"key":"SMITH"},{"floor":15,"key":"REST"},{"floor":23,"key":"REST"},{"floor":25,"key":"REST"},{"data":"Electrodynamics","floor":29,"key":"SMITH"},{"floor":32,"key":"REST"},{"data":"Apotheosis","floor":40,"key":"SMITH"},{"floor":47,"key":"REST"},{"floor":49,"key":"REST"}],"neow_cost":"NONE","seed_source_timestamp":147165668043881,"circlet_count":0,"master_deck":["Strike_B","Strike_B","Strike_B","Defend_B","Defend_B","Defend_B","Defend_B","Zap+1","Dualcast","Leap+1","Sweeping Beam+1","Hologram","Redo","Go for the Eyes+1","White Noise","Cold Snap","Barrage","Electrodynamics+1","Cold Snap+1","Turbo","Darkness","Multi-Cast","Conserve Battery","Capacitor","Coolheaded","Auto Shields+1","BootSequence","Undo+1","Rainbow","Reinforced Body","Turbo+1","Apotheosis+1","Stack+1","Steam+1"],"relics":["Cracked Core","PreservedInsect","Ancient Tea Set","Pen Nib","Golden Idol","Runic Pyramid","Potion Belt","Mummified Hand","Tiny Chest","Darkstone Periapt","Juzu Bracelet","Cursed Key","Regal Pillow","Smiling Mask","Mercury Hourglass"],"potions_floor_usage":[7,16,16,28,30,33,33,42,44,48,50,50],"damage_taken":[{"damage":2,"enemies":"Jaw Worm","floor":1,"turns":3},{"damage":0,"enemies":"Cultist","floor":2,"turns":3},{"damage":0,"enemies":"Small Slimes","floor":5,"turns":2},{"damage":16,"enemies":"Gremlin Nob","floor":7,"turns":3},{"damage":3,"enemies":"Blue Slaver","floor":8,"turns":4},{"damage":0,"enemies":"Looter","floor":11,"turns":2},{"damage":7,"enemies":"3 Sentries","floor":12,"turns":4},{"damage":5,"enemies":"Red Slaver","floor":14,"turns":3},{"damage":43,"enemies":"Slime Boss","floor":16,"turns":13},{"damage":18,"enemies":"Shell Parasite","floor":18,"turns":7},{"damage":10,"enemies":"Chosen","floor":21,"turns":3},{"damage":19,"enemies":"Snake Plant","floor":22,"turns":2},{"damage":0,"enemies":"Snecko","floor":24,"turns":4},{"damage":2,"enemies":"Slavers","floor":28,"turns":2},{"damage":25,"enemies":"Book of Stabbing","floor":30,"turns":6},{"damage":0,"enemies":"Centurion and Healer","floor":31,"turns":7},{"damage":9,"enemies":"Champ","floor":33,"turns":12},{"damage":0,"enemies":"Orb Walker","floor":35,"turns":4},{"damage":22,"enemies":"3 Darklings","floor":37,"turns":3},{"damage":8,"enemies":"Nemesis","floor":42,"turns":9},{"damage":20,"enemies":"Reptomancer","floor":44,"turns":4},{"damage":20,"enemies":"Jaw Worm Horde","floor":45,"turns":3},{"damage":7,"enemies":"Writhing Mass","floor":48,"turns":6},{"damage":0,"enemies":"Awakened One","floor":50,"turns":12}],"seed_played":"8768781937615787165","potions_obtained":[{"floor":2,"key":"FocusPotion"},{"floor":5,"key":"Swift Potion"},{"floor":7,"key":"FearPotion"},{"floor":8,"key":"FearPotion"},{"floor":12,"key":"Energy Potion"},{"floor":14,"key":"Block Potion"},{"floor":18,"key":"Regen Potion"},{"floor":28,"key":"SteroidPotion"},{"floor":30,"key":"Weak Potion"},{"floor":33,"key":"FairyPotion"},{"floor":36,"key":"SneckoOil"},{"floor":36,"key":"Regen Potion"},{"floor":36,"key":"SneckoOil"},{"floor":37,"key":"Strength Potion"},{"floor":48,"key":"EssenceOfSteel"}],"is_trial":false,"path_per_floor":["?","?","?","?","?","$","?","$"],"character_chosen":"DEFECT","items_purchased":["Mummified Hand","Turbo","Darkness","PowerPotion","Capacitor","Coolheaded","Apotheosis","Swift Potion","Swift Potion"],"campfire_rested":6,"item_purchase_floors":[20,20,20,20,27,27,38,41,46],"current_hp_per_floor":[66,66,66,59,59,59,43,40,40,40,40,33,33,28,48,5,53,35,35,35,25,6,26,26,46,46,46,44,44,33,33,53,44,63,63,63,41,41,41,41,41,48,54,34,14,14,51,44,75,75],"gold":67,"neow_bonus":"UPGRADE_CARD","is_prod":false,"is_daily":false,"chose_seed":false,"campfire_upgraded":4,"win_rate":0,"timestamp":1555687276,"path_taken":["M","M","?","?","M","R","E","M","T","R","M","E","?","M","R","BOSS","M","?","$","M","M","R","M","R","T","$","E","R","E","M","R","BOSS","M","?","M","?","?","R","?","E","T","E","M","$","R","M","R","BOSS"],"build_version":"2019-01-23","purchased_purges":1,"victory":true,"max_hp_per_floor":[75,75,75,75,75,75,75,75,75,75,75,75,69,69,69,69,69,69,69,69,69,69,69,69,69,69,69,69,69,69,69,69,69,69,69,69,69,69,69,69,69,69,75,75,75,75,75,75,75,75],"card_choices":[{"not_picked":["Streamline","Recycle"],"picked":"Leap","floor":1},{"not_picked":["Hologram","Beam Cell"],"picked":"Sweeping Beam","floor":2},{"not_picked":["Rebound","Buffer"],"picked":"Hologram","floor":5},{"not_picked":["All For One","Melter"],"picked":"Redo","floor":7},{"not_picked":["White Noise","Gash"],"picked":"Go for the Eyes","floor":8},{"not_picked":["Force Field","Skim"],"picked":"White Noise","floor":11},{"not_picked":["Consume","Redo"],"picked":"Cold Snap","floor":12},{"not_picked":["Scrape","Chill"],"picked":"Barrage","floor":14},{"not_picked":["Multi-Cast","Core Surge"],"picked":"Electrodynamics","floor":16},{"not_picked":["Rebound+1","Rip and Tear+1"],"picked":"Cold Snap+1","floor":18},{"not_picked":["Cold Snap+1","Barrage","Hologram"],"picked":"SKIP","floor":21},{"not_picked":["Cold Snap+1","Barrage","Hologram"],"picked":"SKIP","floor":21},{"not_picked":["Cold Snap+1","Barrage","Hologram"],"picked":"SKIP","floor":21},{"not_picked":["Sweeping Beam","Cold Snap"],"picked":"Multi-Cast","floor":22},{"not_picked":["Genetic Algorithm","Redo+1"],"picked":"Conserve Battery","floor":24},{"not_picked":["Redo+1","Go for the Eyes+1"],"picked":"Auto Shields+1","floor":28},{"not_picked":["Electrodynamics","Darkness"],"picked":"BootSequence","floor":30},{"not_picked":["Sweeping Beam","Conserve Battery"],"picked":"Undo+1","floor":31},{"not_picked":["Multi-Cast","All For One"],"picked":"Rainbow","floor":33},{"not_picked":["Ball Lightning+1","Beam Cell+1"],"picked":"Reinforced Body","floor":35},{"not_picked":["Coolheaded","Conserve Battery"],"picked":"Turbo+1","floor":37},{"not_picked":["Coolheaded+1","Sweeping Beam+1","Chaos"],"picked":"SKIP","floor":42},{"not_picked":["Steam","Compile Driver","Sweeping Beam+1"],"picked":"SKIP","floor":44},{"not_picked":["Hologram","Force Field"],"picked":"Stack+1","floor":45},{"not_picked":["Rainbow","Gash"],"picked":"Steam+1","floor":48}],"player_experience":634390,"relics_obtained":[{"floor":7,"key":"PreservedInsect"},{"floor":9,"key":"Ancient Tea Set"},{"floor":12,"key":"Pen Nib"},{"floor":26,"key":"Tiny Chest"},{"floor":28,"key":"Darkstone Periapt"},{"floor":30,"key":"Juzu Bracelet"},{"floor":42,"key":"Regal Pillow"},{"floor":43,"key":"Smiling Mask"},{"floor":44,"key":"Mercury Hourglass"}],"event_choices":[{"damage_healed":0,"gold_gain":0,"player_choice":"Grow","damage_taken":0,"max_hp_gain":0,"max_hp_loss":0,"event_name":"Living Wall","floor":3,"gold_loss":0,"cards_upgraded":["Sweeping Beam"]},{"cards_removed":["Strike_B"],"damage_healed":0,"gold_gain":0,"player_choice":"Card Removal","damage_taken":7,"max_hp_gain":0,"max_hp_loss":0,"event_name":"Golden Wing","floor":4,"gold_loss":0},{"damage_healed":0,"gold_gain":0,"player_choice":"Lose Max HP","damage_taken":0,"relics_obtained":["Golden Idol"],"max_hp_gain":0,"max_hp_loss":6,"event_name":"Golden Idol","floor":13,"gold_loss":0},{"damage_healed":0,"gold_gain":0,"player_choice":"Opened","damage_taken":0,"relics_obtained":["Potion Belt"],"max_hp_gain":0,"max_hp_loss":0,"event_name":"The Mausoleum","floor":19,"gold_loss":0},{"damage_healed":0,"gold_gain":0,"player_choice":"Bought 3 Potions","damage_taken":0,"max_hp_gain":0,"max_hp_loss":0,"event_name":"The Woman in Blue","floor":36,"gold_loss":0},{"damage_healed":0,"gold_gain":0,"player_choice":"Ignored","damage_taken":0,"max_hp_gain":0,"max_hp_loss":0,"event_name":"Mysterious Sphere","floor":39,"gold_loss":0}],"is_beta":false,"boss_relics":[{"not_picked":["Ectoplasm","Calling Bell"],"picked":"Runic Pyramid"},{"not_picked":["Philosopher\u0027s Stone","Eternal Feather"],"picked":"Cursed Key"}],"items_purged_floors":[46],"is_endless":false,"potions_floor_spawned":[2,5,7,8,12,14,18,28,30,33,37,48],"ascension_level":9}