{"gold_per_floor":[114,38,113,113,113,138,157,185,238,251,251,277,277,295,295,373,373,387,2,28,28],"floor_reached":21,"playtime":687,"items_purged":[],"score":440,"play_id":"64ee8361-39d7-4c5d-88b2-9299b1a9971e","local_time":"20190424224206","is_ascension_mode":true,"campfire_choices":[{"data":"Self Repair","floor":11,"key":"SMITH"},{"floor":13,"key":"DIG"},{"floor":15,"key":"REST"}],"neow_cost":"NONE","seed_source_timestamp":27636669006756,"circlet_count":0,"master_deck":["AscendersBane","Strike_B","Strike_B","Strike_B","Defend_B","Defend_B","Defend_B","Defend_B","Zap+1","Dualcast","Gash","Self Repair+1","Cold Snap","Coolheaded","Ball Lightning","Gash","Coolheaded","Hologram","Creative AI","Barrage","Defragment","Conserve Battery+1"],"relics":["Cracked Core","NeowsBlessing","Lantern","Centennial Puzzle","Strawberry","Shovel","Gremlin Horn","Sozu","Toxic Egg 2","Juzu Bracelet"],"potions_floor_usage":[8,12,16],"damage_taken":[{"damage":0,"enemies":"2 Louse","floor":1,"turns":1},{"damage":0,"enemies":"Gremlin Nob","floor":6,"turns":1},{"damage":0,"enemies":"Small Slimes","floor":7,"turns":1},{"damage":23,"enemies":"Lagavulin","floor":8,"turns":7},{"damage":3,"enemies":"Jaw Worm","floor":10,"turns":2},{"damage":39,"enemies":"Gremlin Nob","floor":12,"turns":4},{"damage":4,"enemies":"Exordium Wildlife","floor":14,"turns":4},{"damage":20,"enemies":"The Guardian","floor":16,"turns":15},{"damage":16,"enemies":"Shell Parasite","floor":18,"turns":7},{"damage":0,"enemies":"3 Byrds","floor":21,"turns":2}],"seed_played":"-4916415695946529175","potions_obtained":[{"floor":7,"key":"Energy Potion"},{"floor":8,"key":"Explosive Potion"},{"floor":12,"key":"Strength Potion"},{"floor":14,"key":"Block Potion"},{"floor":16,"key":"SteroidPotion"}],"is_trial":false,"path_per_floor":["M","$","?","?","?","E","M","E","T","M","R","E","R","M","R","B",null,"M","$","T","M"],"character_chosen":"DEFECT","items_purchased":["Self Repair","Toxic Egg 2","Defragment","Conserve Battery+1"],"campfire_rested":1,"item_purchase_floors":[2,19,19,19],"current_hp_per_floor":[64,64,53,46,46,46,46,30,37,41,41,12,12,8,31,21,64,58,58,58,58],"gold":28,"neow_bonus":"THREE_ENEMY_KILL","is_prod":false,"is_daily":false,"chose_seed":false,"campfire_upgraded":1,"win_rate":0,"timestamp":1556138526,"path_taken":["M","$","?","?","?","E","M","E","T","M","R","E","R","?","R","BOSS","M","$","?","M"],"build_version":"2019-04-23","purchased_purges":0,"victory":false,"max_hp_per_floor":[71,71,71,71,71,71,71,71,78,78,78,78,78,78,78,78,78,78,78,78,78],"card_choices":[{"not_picked":["Stack","Skim"],"picked":"Gash","floor":1},{"not_picked":["Hyperbeam","Beam Cell"],"picked":"Cold Snap","floor":6},{"not_picked":["Auto Shields","Steam"],"picked":"Coolheaded","floor":7},{"not_picked":["Doom and Gloom","Blizzard"],"picked":"Ball Lightning","floor":8},{"not_picked":["Recycle","Hologram"],"picked":"Gash","floor":10},{"not_picked":["Sweeping Beam","Streamline"],"picked":"Coolheaded","floor":12},{"not_picked":["Tempest","Steam"],"picked":"Hologram","floor":14},{"not_picked":["Amplify","Thunder Strike"],"picked":"Creative AI","floor":16},{"not_picked":["Steam","Beam Cell"],"picked":"Barrage","floor":18}],"player_experience":1209614,"relics_obtained":[{"floor":6,"key":"Lantern"},{"floor":8,"key":"Centennial Puzzle"},{"floor":9,"key":"Strawberry"},{"floor":12,"key":"Shovel"},{"floor":13,"key":"Gremlin Horn"},{"floor":20,"key":"Juzu Bracelet"}],"event_choices":[{"damage_healed":0,"gold_gain":75,"player_choice":"Gather Gold","damage_taken":11,"max_hp_gain":0,"max_hp_loss":0,"event_name":"World of Goop","floor":3,"gold_loss":0},{"cards_removed":["Strike_B"],"damage_healed":0,"gold_gain":0,"player_choice":"Card Removal","damage_taken":7,"max_hp_gain":0,"max_hp_loss":0,"event_name":"Golden Wing","floor":4,"gold_loss":0},{"damage_healed":0,"gold_gain":0,"player_choice":"Grow","damage_taken":0,"max_hp_gain":0,"max_hp_loss":0,"event_name":"Living Wall","floor":5,"gold_loss":0,"cards_upgraded":["Zap"]}],"is_beta":true,"boss_relics":[{"not_picked":["Runic Pyramid","Busted Crown"],"picked":"Sozu"}],"items_purged_floors":[],"is_endless":false,"potions_floor_spawned":[7,8,12,14,16,18],"killed_by":"3 Byrds","ascension_level":20}