{"gold_per_floor":[110,385,396,60,60,103,119,119,119,119,153,153,197,217,217,315,315,333,333,349,65,79,144,144,144,144,179,191,224,256,309,321,428,440,471,483,1494,1327,1352,1352,1395,1285,1285,1306,1345,1358,1402,1423,1423,1423,1423,1423,1423,742,777,777],"floor_reached":56,"playtime":3628,"items_purged":["Regret","Normality","Strike_B"],"score":2201,"play_id":"b7ad262c-c2ab-42b6-b37a-b4f106f6735e","local_time":"20190424021147","is_ascension_mode":true,"campfire_choices":[{"data":"Sunder","floor":8.0,"key":"SMITH"},{"data":"Zap","floor":10.0,"key":"SMITH"},{"data":"Electrodynamics","floor":15.0,"key":"SMITH"},{"floor":25.0,"key":"REST"},{"floor":32.0,"key":"REST"},{"data":"Apotheosis","floor":40.0,"key":"SMITH"},{"floor":49.0,"key":"RECALL"},{"data":"Panacea","floor":53.0,"key":"SMITH"}],"neow_cost":"NONE","seed_source_timestamp":38096084048555,"circlet_count":0,"master_deck":["AscendersBane","Strike_B+1","Strike_B+1","Strike_B","Defend_B","Defend_B","Defend_B","Defend_B","Zap+1","Dualcast+1","Loop","Steam","Panacea+1","Sunder+1","Melter","Glacier","Go for the Eyes","Electrodynamics+1","All For One","Conserve Battery","Glacier","Hologram+1","Genetic Algorithm+1","Go for the Eyes+1","All For One","Self Repair","FTL+1","Echo Form","Go for the Eyes+1","Apotheosis+1","Glacier+1","BootSequence","Writhe","Compile Driver","Leap","Meteor Strike","Hologram","Darkness","Discovery"],"special_seed":0,"relics":["Cracked Core","NeowsBlessing","DataDisk","Golden Idol","Kunai","Vajra","Shuriken","Runic Pyramid","Meat on the Bone","Tiny Chest","Blue Candle","Happy Flower","MawBank","Cables","Cursed Key","Whetstone","Mummified Hand","Pen Nib","Oddly Smooth Stone","Membership Card","Orichalcum","Pear","Pocketwatch"],"potions_floor_usage":[55,55,56,56],"damage_taken":[{"damage":0.0,"enemies":"Jaw Worm","floor":1.0,"turns":1.0},{"damage":0.0,"enemies":"Cultist","floor":3.0,"turns":1.0},{"damage":0.0,"enemies":"3 Sentries","floor":6.0,"turns":1.0},{"damage":0.0,"enemies":"2 Louse","floor":7.0,"turns":2.0},{"damage":8.0,"enemies":"Gremlin Nob","floor":11.0,"turns":3.0},{"damage":5.0,"enemies":"3 Sentries","floor":13.0,"turns":7.0},{"damage":0.0,"enemies":"2 Fungi Beasts","floor":14.0,"turns":3.0},{"damage":17.0,"enemies":"The Guardian","floor":16.0,"turns":9.0},{"damage":0.0,"enemies":"Chosen","floor":18.0,"turns":3.0},{"damage":0.0,"enemies":"Spheric Guardian","floor":20.0,"turns":4.0},{"damage":29.0,"enemies":"Centurion and Healer","floor":22.0,"turns":4.0},{"damage":25.0,"enemies":"Gremlin Leader","floor":23.0,"turns":5.0},{"damage":13.0,"enemies":"Slavers","floor":27.0,"turns":4.0},{"damage":5.0,"enemies":"Snecko","floor":29.0,"turns":5.0},{"damage":4.0,"enemies":"Snake Plant","floor":30.0,"turns":6.0},{"damage":18.0,"enemies":"Gremlin Leader","floor":31.0,"turns":8.0},{"damage":11.0,"enemies":"Collector","floor":33.0,"turns":12.0},{"damage":0.0,"enemies":"Orb Walker","floor":35.0,"turns":5.0},{"damage":0.0,"enemies":"3 Shapes","floor":39.0,"turns":5.0},{"damage":37.0,"enemies":"Reptomancer","floor":41.0,"turns":6.0},{"damage":1.0,"enemies":"Transient","floor":44.0,"turns":6.0},{"damage":7.0,"enemies":"Nemesis","floor":45.0,"turns":9.0},{"damage":1.0,"enemies":"Writhing Mass","floor":46.0,"turns":7.0},{"damage":58.0,"enemies":"Reptomancer","floor":47.0,"turns":7.0},{"damage":1.0,"enemies":"4 Shapes","floor":48.0,"turns":11.0},{"damage":21.0,"enemies":"Donu and Deca","floor":50.0,"turns":12.0},{"damage":1.0,"enemies":"Time Eater","floor":51.0,"turns":14.0},{"damage":78,"enemies":"Shield and Spear","floor":55,"turns":9},{"damage":50,"enemies":"The Heart","floor":56,"turns":6}],"seed_played":"-3189745580852531014","potions_obtained":[{"floor":1.0,"key":"SpeedPotion"},{"floor":7.0,"key":"PowerPotion"},{"floor":13.0,"key":"Ancient Potion"},{"floor":18.0,"key":"Fruit Juice"},{"floor":20.0,"key":"SteroidPotion"},{"floor":30.0,"key":"Strength Potion"},{"floor":45.0,"key":"SpeedPotion"},{"floor":55,"key":"EntropicBrew"}],"is_trial":false,"path_per_floor":["M","?","M","$","?","E","M","R","T","R","E","?","E","M","R","B",null,"M","?","M","$","M","E","T","R","T","E","$","M","M","E","R","B",null,"M","?","?","$","M","R","E","?","T","M","E","M","E","M","R","B","B",null,"R","$","E","B"],"character_chosen":"DEFECT","items_purchased":["DataDisk","Panacea","Meat on the Bone","Regen Potion","Membership Card","Orichalcum","Pear","Meteor Strike","Hologram","Darkness","Discovery"],"campfire_rested":2,"item_purchase_floors":[4,4,21,38,54,54,54,54,54,54,54],"current_hp_per_floor":[64,64,64,64,64,64,64,64,64,64,56,37,32,32,32,15,52,57,57,57,57,40,27,27,47,47,46,46,41,37,38,58,54,65,65,55,55,55,62,62,44,44,44,53,53,59,33,64,64,63,69,69,69,79,48,0],"gold":777,"neow_bonus":"THREE_ENEMY_KILL","is_prod":false,"is_daily":false,"chose_seed":false,"campfire_upgraded":5,"win_rate":0,"timestamp":1556064707,"path_taken":["M","?","?","$","?","E","M","R","T","R","E","?","E","M","R","BOSS","M","?","?","?","M","E","?","R","T","E","?","M","M","E","R","BOSS","M","?","?","$","M","R","E","?","T","M","E","M","E","M","R","BOSS","BOSS","R","$","E","BOSS"],"build_version":"2019-04-21","purchased_purges":3,"victory":false,"max_hp_per_floor":[71,71,71,71,64,64,64,64,64,64,64,64,64,64,64,64,64,69,69,69,69,69,69,69,69,69,69,69,69,69,69,69,69,69,69,69,69,69,69,69,69,69,69,69,69,69,69,69,69,69,69,69,69,79,79,79],"card_choices":[{"not_picked":["Stack","Barrage"],"picked":"Loop","floor":1.0},{"not_picked":["Rebound","Stack"],"picked":"Steam","floor":3.0},{"not_picked":["Gash","Go for the Eyes"],"picked":"Sunder","floor":6.0},{"not_picked":["Steam Power","Force Field"],"picked":"Melter","floor":7.0},{"not_picked":["Ball Lightning","Rebound"],"picked":"Glacier","floor":11.0},{"not_picked":["Stack","Ball Lightning"],"picked":"Go for the Eyes","floor":13.0},{"not_picked":["Turbo","Go for the Eyes"],"picked":"Electrodynamics","floor":14.0},{"not_picked":["Meteor Strike","Core Surge"],"picked":"All For One","floor":16.0},{"not_picked":["Steam","Reinforced Body"],"picked":"Conserve Battery","floor":18.0},{"not_picked":["Streamline","Beam Cell","Stack"],"picked":"SKIP","floor":20.0},{"not_picked":["Redo","Tempest"],"picked":"Hologram","floor":22.0},{"not_picked":["Turbo","Go for the Eyes"],"picked":"Genetic Algorithm+1","floor":23.0},{"not_picked":["Consume","Streamline"],"picked":"Go for the Eyes","floor":27.0},{"not_picked":["Skim","Aggregate"],"picked":"All For One","floor":29.0},{"not_picked":["Redo","Cold Snap"],"picked":"Self Repair","floor":30.0},{"not_picked":["Cold Snap","Auto Shields"],"picked":"FTL+1","floor":31.0},{"not_picked":["Electrodynamics","Machine Learning"],"picked":"Echo Form","floor":33.0},{"not_picked":["Sweeping Beam","Double Energy"],"picked":"Go for the Eyes+1","floor":35.0},{"not_picked":["Enlightenment","Impatience"],"picked":"Apotheosis","floor":36.0},{"not_picked":["Coolheaded","Hologram"],"picked":"Glacier+1","floor":39.0},{"not_picked":["Barrage","Steam"],"picked":"BootSequence","floor":41.0},{"not_picked":["Fusion","Streamline","Steam"],"picked":"SKIP","floor":44.0},{"not_picked":["Stack","Gash"],"picked":"Compile Driver","floor":45.0},{"not_picked":["Ball Lightning","Sunder","Melter"],"picked":"SKIP","floor":46.0},{"not_picked":["Tempest","Multi-Cast"],"picked":"Leap","floor":47.0},{"not_picked":["Stack","Self Repair","Redo"],"picked":"SKIP","floor":48.0},{"not_picked":["Ball Lightning","Cold Snap","Conserve Battery"],"picked":"SKIP","floor":55}],"player_experience":1201863,"relics_obtained":[{"floor":6.0,"key":"Kunai"},{"floor":11.0,"key":"Vajra"},{"floor":13.0,"key":"Shuriken"},{"floor":23.0,"key":"Tiny Chest"},{"floor":24.0,"key":"Blue Candle"},{"floor":26.0,"key":"Happy Flower"},{"floor":27.0,"key":"MawBank"},{"floor":31.0,"key":"Cables"},{"floor":41.0,"key":"Whetstone"},{"floor":43.0,"key":"Mummified Hand"},{"floor":45.0,"key":"Pen Nib"},{"floor":47.0,"key":"Oddly Smooth Stone"},{"floor":55,"key":"Pocketwatch"}],"event_choices":[{"damage_healed":0.0,"max_hp_gain":0.0,"max_hp_loss":0.0,"gold_gain":275.0,"event_name":"Golden Shrine","player_choice":"Desecrate","floor":2.0,"gold_loss":0.0,"damage_taken":0.0,"cards_obtained":["Regret"]},{"damage_healed":0.0,"max_hp_gain":0.0,"max_hp_loss":7.0,"gold_gain":0.0,"event_name":"Golden Idol","player_choice":"Lose Max HP","floor":5.0,"gold_loss":0.0,"damage_taken":0.0,"relics_obtained":["Golden Idol"]},{"damage_healed":0.0,"max_hp_gain":0.0,"max_hp_loss":0.0,"gold_gain":0.0,"event_name":"Shining Light","player_choice":"Entered Light","floor":12.0,"gold_loss":0.0,"damage_taken":19.0,"cards_upgraded":["Strike_B","Dualcast"]},{"damage_healed":0.0,"max_hp_gain":0.0,"max_hp_loss":0.0,"gold_gain":0.0,"event_name":"Duplicator","player_choice":"Copied","floor":19.0,"gold_loss":0.0,"damage_taken":0.0,"cards_obtained":["Glacier"]},{"damage_healed":0.0,"max_hp_gain":0.0,"max_hp_loss":0.0,"gold_gain":0.0,"event_name":"SensoryStone","player_choice":"Memory 3","floor":36.0,"gold_loss":0.0,"damage_taken":10.0},{"damage_healed":0.0,"max_hp_gain":0.0,"max_hp_loss":0.0,"gold_gain":999.0,"event_name":"MindBloom","player_choice":"Gold","floor":37.0,"gold_loss":0.0,"damage_taken":0.0,"cards_obtained":["Normality","Normality"]},{"cards_removed":["Normality"],"damage_healed":0.0,"max_hp_gain":0.0,"max_hp_loss":0.0,"gold_gain":0.0,"event_name":"Designer","player_choice":"Upgrade and Remove","floor":42.0,"gold_loss":110.0,"damage_taken":0.0,"cards_upgraded":["Hologram"]}],"is_beta":true,"boss_relics":[{"not_picked":["Tiny House","Pandora\u0027s Box"],"picked":"Runic Pyramid"},{"not_picked":["Philosopher\u0027s Stone","White Beast Statue"],"picked":"Cursed Key"}],"items_purged_floors":[4,38,54],"is_endless":false,"potions_floor_spawned":[1,7,13,18,20,22,30,44,45,47,55],"killed_by":"The Heart","ascension_level":20}