{"gold_per_floor":[117,117,140,140,161,161,180,219,219,25,39,39,83,102,102,230,230,244,244,269,31,56,56,87,87,87,120,134,134,16,52,52,171,171,186,211,10,135,160,175,175,191,191,212,212,212,235,253,253,253],"floor_reached":51,"playtime":3377,"items_purged":["Strike_R","Strike_R"],"score":1139,"play_id":"61026c8c-ebbe-414d-bc59-07bfcb3cb26f","local_time":"20190405185152","is_ascension_mode":true,"campfire_choices":[{"data":"Bash","floor":6,"key":"SMITH"},{"data":"Sword Boomerang","floor":12,"key":"SMITH"},{"data":"Spot Weakness","floor":15,"key":"SMITH"},{"floor":23,"key":"REST"},{"floor":25,"key":"REST"},{"floor":29,"key":"REST"},{"data":"Uppercut","floor":32,"key":"SMITH"},{"data":"Whirlwind","floor":45,"key":"SMITH"},{"floor":49,"key":"REST"}],"neow_cost":"NONE","seed_source_timestamp":347590001018154,"circlet_count":0,"master_deck":["AscendersBane","Strike_R","Strike_R","Defend_R","Defend_R","Defend_R","Defend_R","Bash+1","Double Tap","Spot Weakness+1","Wild Strike","Anger","Sword Boomerang+1","Headbutt","Reckless Charge","Feed","Shrug It Off","Dual Wield","Flame Barrier","Uppercut+1","Battle Trance","Thunderclap","Armaments","Sword Boomerang","Whirlwind+1","Immolate","Havoc+1","Shrug It Off","Warcry","Spot Weakness","Disarm+1"],"relics":["Burning Blood","Golden Idol","Shuriken","Mummified Hand","Brimstone","The Courier","Sozu","Singing Bowl","Bottled Lightning","Lantern","Vajra","Juzu Bracelet","Mark of Pain","Pen Nib","Bird Faced Urn","Dream Catcher"],"potions_floor_usage":[7,16,16],"damage_taken":[{"damage":4,"enemies":"Small Slimes","floor":1,"turns":4},{"damage":2,"enemies":"Jaw Worm","floor":3,"turns":3},{"damage":0,"enemies":"Cultist","floor":5,"turns":2},{"damage":3,"enemies":"Large Slime","floor":7,"turns":3},{"damage":20,"enemies":"Lagavulin","floor":8,"turns":6},{"damage":10,"enemies":"Red Slaver","floor":11,"turns":2},{"damage":16,"enemies":"3 Sentries","floor":13,"turns":4},{"damage":0,"enemies":"2 Fungi Beasts","floor":14,"turns":2},{"damage":46,"enemies":"Hexaghost","floor":16,"turns":5},{"damage":22,"enemies":"2 Thieves","floor":18,"turns":3},{"damage":4,"enemies":"Chosen","floor":20,"turns":3},{"damage":12,"enemies":"Snake Plant","floor":22,"turns":4},{"damage":18,"enemies":"Gremlin Leader","floor":24,"turns":4},{"damage":30,"enemies":"Book of Stabbing","floor":27,"turns":3},{"damage":18,"enemies":"Snecko","floor":28,"turns":4},{"damage":0,"enemies":"Gremlin Leader","floor":31,"turns":3},{"damage":28,"enemies":"Collector","floor":33,"turns":5},{"damage":5,"enemies":"3 Darklings","floor":35,"turns":2},{"damage":12,"enemies":"Orb Walker","floor":36,"turns":2},{"damage":37,"enemies":"Mind Bloom Boss Battle","floor":38,"turns":3},{"damage":0,"enemies":"Transient","floor":39,"turns":5},{"damage":19,"enemies":"Jaw Worm Horde","floor":40,"turns":2},{"damage":3,"enemies":"3 Darklings","floor":42,"turns":3},{"damage":11,"enemies":"4 Shapes","floor":44,"turns":1},{"damage":16,"enemies":"Writhing Mass","floor":47,"turns":2},{"damage":18,"enemies":"Sphere and 2 Shapes","floor":48,"turns":3},{"damage":91,"enemies":"Donu and Deca","floor":50,"turns":6}],"seed_played":"-4297544429218276598","potions_obtained":[{"floor":3,"key":"SteroidPotion"},{"floor":5,"key":"BloodPotion"},{"floor":13,"key":"EssenceOfSteel"}],"is_trial":false,"path_per_floor":["?","?","M","?","M","?","?","?"],"character_chosen":"IRONCLAD","items_purchased":["Brimstone","Dual Wield","Flame Barrier","Uppercut","Vajra","Pen Nib"],"campfire_rested":4,"item_purchase_floors":[10,21,21,21,30,37],"current_hp_per_floor":[74,54,58,58,64,64,67,53,53,53,49,49,39,45,45,13,63,50,42,47,47,41,66,54,79,79,55,43,68,68,77,77,55,81,84,81,81,53,59,48,87,87,87,82,82,82,74,64,93,8],"gold":253,"neow_bonus":"TRANSFORM_CARD","is_prod":false,"is_daily":false,"chose_seed":false,"campfire_upgraded":5,"win_rate":0,"timestamp":1554486712,"path_taken":["M","?","M","?","?","R","M","E","T","$","M","R","E","M","R","BOSS","M","?","?","$","M","R","E","R","T","E","M","R","$","E","R","BOSS","M","M","$","?","M","M","?","M","T","M","R","?","M","M","R","BOSS"],"build_version":"2019-01-23","purchased_purges":2,"victory":true,"max_hp_per_floor":[80,80,80,80,80,80,80,80,80,80,80,80,80,80,80,80,80,83,83,86,86,86,86,86,86,86,86,86,86,86,89,89,89,89,91,94,94,97,97,99,87,87,87,87,87,87,89,91,93,93],"card_choices":[{"not_picked":["Flex","Feel No Pain"],"picked":"Spot Weakness","floor":1},{"not_picked":["Clash","Havoc"],"picked":"Wild Strike","floor":3},{"not_picked":["Flame Barrier","Entrench"],"picked":"Sword Boomerang","floor":5},{"not_picked":["Seeing Red","Rupture"],"picked":"Headbutt","floor":7},{"not_picked":["Thunderclap","Iron Wave"],"picked":"Reckless Charge","floor":8},{"not_picked":["Fire Breathing","Barricade","Evolve"],"picked":"SKIP","floor":11},{"not_picked":["Havoc","Flex","Perfected Strike"],"picked":"SKIP","floor":13},{"not_picked":["Entrench","Clash","Anger"],"picked":"SKIP","floor":14},{"not_picked":["Brutality","Fiend Fire"],"picked":"Feed","floor":16},{"not_picked":["Wild Strike+1","Reckless Charge"],"picked":"Shrug It Off","floor":18},{"not_picked":["Body Slam+1","Headbutt","Clash"],"picked":"SKIP","floor":20},{"not_picked":["Havoc","Twin Strike"],"picked":"Battle Trance","floor":22},{"not_picked":["Anger","Intimidate"],"picked":"Thunderclap","floor":24},{"not_picked":["Iron Wave","Rupture"],"picked":"Armaments","floor":27},{"not_picked":["Body Slam","Cleave"],"picked":"Sword Boomerang","floor":28},{"not_picked":["Body Slam","Sword Boomerang"],"picked":"Whirlwind","floor":31},{"not_picked":["Demon Form","Offering"],"picked":"Immolate","floor":33},{"not_picked":["Anger","Flex","True Grit"],"picked":"Singing Bowl","floor":35},{"not_picked":["Perfected Strike+1","Twin Strike"],"picked":"Havoc+1","floor":36},{"not_picked":["Clash","Bloodletting"],"picked":"Shrug It Off","floor":38},{"not_picked":["Carnage","Infernal Blade"],"picked":"Warcry","floor":39},{"not_picked":["Anger","Heavy Blade","Body Slam"],"picked":"Singing Bowl","floor":40},{"not_picked":["Seeing Red","Body Slam"],"picked":"Spot Weakness","floor":42},{"not_picked":["Ghostly Armor","Brutality"],"picked":"Disarm+1","floor":44},{"not_picked":["Seeing Red","Twin Strike+1","Pommel Strike"],"picked":"Singing Bowl","floor":47},{"not_picked":["Sword Boomerang","Warcry","Clash"],"picked":"Singing Bowl","floor":48},{"not_picked":["Whirlwind","Shrug It Off","Cleave+1"],"picked":"Singing Bowl","floor":49}],"player_experience":468817,"relics_obtained":[{"floor":8,"key":"Shuriken"},{"floor":9,"key":"Mummified Hand"},{"floor":13,"key":"The Courier"},{"floor":24,"key":"Singing Bowl"},{"floor":26,"key":"Bottled Lightning"},{"floor":27,"key":"Lantern"},{"floor":31,"key":"Juzu Bracelet"},{"floor":38,"key":"Bird Faced Urn"},{"floor":43,"key":"Dream Catcher"}],"event_choices":[{"damage_healed":0,"gold_gain":0,"player_choice":"Take Damage","damage_taken":20,"relics_obtained":["Golden Idol"],"max_hp_gain":0,"max_hp_loss":0,"event_name":"Golden Idol","floor":2,"gold_loss":0},{"damage_healed":0,"gold_gain":0,"player_choice":"1 cards matched","damage_taken":0,"max_hp_gain":0,"max_hp_loss":0,"event_name":"Match and Keep!","floor":4,"gold_loss":0,"cards_obtained":["Anger"]},{"damage_healed":0,"gold_gain":0,"player_choice":"","damage_taken":8,"max_hp_gain":0,"max_hp_loss":0,"event_name":"Knowing Skull","floor":19,"potions_obtained":[],"gold_loss":0,"cards_obtained":[]},{"damage_healed":0,"gold_gain":0,"player_choice":"Fight","damage_taken":0,"max_hp_gain":0,"max_hp_loss":0,"event_name":"MindBloom","floor":38,"gold_loss":0},{"damage_healed":87,"gold_gain":0,"player_choice":"Heal","damage_taken":0,"max_hp_gain":0,"max_hp_loss":12,"event_name":"The Moai Head","floor":41,"gold_loss":0},{"damage_healed":0,"gold_gain":0,"player_choice":"Got Potions","damage_taken":0,"max_hp_gain":0,"max_hp_loss":0,"event_name":"Lab","floor":46,"gold_loss":0}],"is_beta":false,"boss_relics":[{"not_picked":["Calling Bell","Lizard Tail"],"picked":"Sozu"},{"not_picked":["Coffee Dripper","White Beast Statue"],"picked":"Mark of Pain"}],"items_purged_floors":[21,37],"is_endless":false,"potions_floor_spawned":[3,5,13,14,18,28,31,33,38,39,40,44,47],"ascension_level":12}