{"path_per_floor":["M","M","M","M","M","R","M","M","T","R","M","?","M","M","R","B",null,"M","M","?","$","M"],"character_chosen":"DEFECT","items_purchased":["Mercury Hourglass"],"gold_per_floor":[118,132,151,167,181,181,197,208,208,208,224,224,236,248,248,350,350,361,376,376,42,59,59],"floor_reached":23,"campfire_rested":2,"playtime":1279,"current_hp_per_floor":[67,67,53,51,51,51,46,14,14,36,33,33,27,5,27,23,75,45,26,26,26,11,0],"items_purged":["Strike_B"],"gold":59,"score":191,"play_id":"e044bcb4-db51-49b3-a93f-cdce338d5fc9","local_time":"20180428144357","is_prod":false,"is_daily":false,"chose_seed":false,"is_ascension_mode":false,"campfire_upgraded":1,"timestamp":1524941037,"path_taken":["M","M","M","M","M","R","M","M","T","R","M","?","M","M","R","BOSS","M","M","?","$","M","E"],"build_version":"2018-04-27v3","seed_source_timestamp":9612292551996,"purchased_purges":1,"victory":false,"master_deck":["Strike_B","Defend_B","Defend_B","Defend_B","Defend_B","Zap","Dualcast","Auto Shields","Chaos","Stack","Barrage","Darkness+1","Loop","Tempest","Impulse","Skim","Capacitor","Biased Cognition","Cold Snap","Axe Kick","Auto Shields"],"max_hp_per_floor":[75,75,75,75,75,75,75,75,75,75,75,75,75,75,75,75,75,75,75,75,75,75,75],"relics":["Cracked Core","Bottled Tornado","Sozu","Mercury Hourglass"],"card_choices":[{"not_picked":["Blizzard","Reprogram"],"picked":"Auto Shields","floor":1},{"not_picked":["Beam Cell","Skim"],"picked":"Chaos","floor":2},{"not_picked":["Heatsinks","Go for the Eyes"],"picked":"Stack","floor":3},{"not_picked":["Sweeping Beam","Loop"],"picked":"Barrage","floor":4},{"not_picked":["Auto Shields","Melter"],"picked":"Darkness","floor":5},{"not_picked":["Storm","Sweeping Beam"],"picked":"Loop","floor":7},{"not_picked":["Blaster","Loop"],"picked":"Tempest","floor":8},{"not_picked":["Leap","Sweeping Beam"],"picked":"Impulse","floor":11},{"not_picked":["Force Field","Beam Cell"],"picked":"Skim","floor":13},{"not_picked":["Reprogram","Leap"],"picked":"Capacitor","floor":14},{"not_picked":["Seek","Redo"],"picked":"Biased Cognition","floor":16},{"not_picked":["Go for the Eyes","Darkness"],"picked":"Cold Snap","floor":18},{"not_picked":["Impulse","Coolheaded"],"picked":"Axe Kick","floor":19},{"not_picked":["Capacitor","Blaster"],"picked":"Auto Shields","floor":22}],"player_experience":163122,"potions_floor_usage":[5,8,16,23],"damage_taken":[{"damage":8,"enemies":"Jaw Worm","floor":1,"turns":4},{"damage":0,"enemies":"Cultist","floor":2,"turns":4},{"damage":14,"enemies":"2 Louse","floor":3,"turns":3},{"damage":2,"enemies":"Blue Slaver","floor":4,"turns":4},{"damage":0,"enemies":"Lots of Slimes","floor":5,"turns":2},{"damage":5,"enemies":"Looter","floor":7,"turns":4},{"damage":32,"enemies":"Gremlin Gang","floor":8,"turns":3},{"damage":3,"enemies":"3 Louse","floor":11,"turns":4},{"damage":6,"enemies":"2 Fungi Beasts","floor":13,"turns":3},{"damage":22,"enemies":"Looter","floor":14,"turns":4},{"damage":4,"enemies":"Hexaghost","floor":16,"turns":8},{"damage":30,"enemies":"Shell Parasite","floor":18,"turns":7},{"damage":19,"enemies":"Spheric Guardian","floor":19,"turns":5},{"damage":15,"enemies":"Snake Plant","floor":22,"turns":4},{"damage":22,"enemies":"Gremlin Leader","floor":23,"turns":3}],"event_choices":[{"event_name":"Purifier","player_choice":"One Purge","floor":12,"damage_taken":0},{"event_name":"Purifier","player_choice":"One Purge","floor":20,"damage_taken":0}],"boss_relics":[{"not_picked":["Runic Pyramid","Orrery"],"picked":"Sozu"}],"potions_floor_spawned":[1,3,4,16,18,19],"seed_played":"-2322245415931173169","killed_by":"Gremlin Leader","ascension_level":0,"is_trial":false}