{"gold_per_floor":[116,133,150,20,30,30,65,65,65,65,95,95,27,27,27,27],"floor_reached":16,"playtime":1156,"items_purged":[],"score":162,"play_id":"16722b95-6326-4623-910e-3d10e0036503","local_time":"20190331060922","is_ascension_mode":true,"campfire_choices":[{"floor":6,"key":"REST"},{"floor":8,"key":"REST"},{"data":"Disarm","floor":10,"key":"SMITH"},{"floor":15,"key":"REST"}],"neow_cost":"NONE","seed_source_timestamp":138560655480603,"circlet_count":0,"master_deck":["AscendersBane","Strike_R","Strike_R","Strike_R","Strike_R","Strike_R","Defend_R","Defend_R","Defend_R","Defend_R","Bash+1","Sword Boomerang","Disarm+1","Shrug It Off","Reckless Charge","Rampage","Iron Wave","Armaments"],"relics":["Burning Blood","Dodecahedron","Shuriken","Omamori"],"potions_floor_usage":[7,11],"damage_taken":[{"damage":0,"enemies":"2 Louse","floor":1,"turns":3},{"damage":0,"enemies":"Small Slimes","floor":2,"turns":3},{"damage":6,"enemies":"Cultist","floor":3,"turns":4},{"damage":54,"enemies":"Large Slime","floor":5,"turns":10},{"damage":32,"enemies":"Gremlin Nob","floor":7,"turns":4},{"damage":42,"enemies":"3 Sentries","floor":11,"turns":12},{"damage":47,"enemies":"Slime Boss","floor":16,"turns":6}],"seed_played":"-3534214746018886259","potions_obtained":[{"floor":2,"key":"SteroidPotion"},{"floor":11,"key":"Ancient Potion"}],"is_trial":false,"path_per_floor":["?","?"],"character_chosen":"IRONCLAD","items_purchased":["Disarm","PowerPotion","Iron Wave","Armaments"],"campfire_rested":3,"item_purchase_floors":[4,4,13,13],"current_hp_per_floor":[78,80,80,80,32,56,30,54,54,54,18,18,18,18,42,0],"gold":27,"neow_bonus":"THREE_CARDS","is_prod":false,"is_daily":false,"chose_seed":false,"campfire_upgraded":1,"win_rate":0,"timestamp":1554008962,"path_taken":["M","M","M","$","M","R","E","R","T","R","E","?","$","?","R","BOSS"],"build_version":"2019-01-23","purchased_purges":0,"victory":false,"max_hp_per_floor":[80,80,80,80,80,80,80,80,80,80,80,80,80,80,80,80],"card_choices":[{"not_picked":["Intimidate","Iron Wave"],"picked":"Sword Boomerang","floor":0},{"not_picked":["Flex","Clash","Searing Blow"],"picked":"SKIP","floor":1},{"not_picked":["Dropkick","Combust","Sword Boomerang"],"picked":"SKIP","floor":2},{"not_picked":["Flex","Havoc","Thunderclap"],"picked":"SKIP","floor":3},{"not_picked":["Intimidate","Cleave"],"picked":"Shrug It Off","floor":5},{"not_picked":["Anger","Pummel"],"picked":"Reckless Charge","floor":7},{"not_picked":["Brutality","Power Through"],"picked":"Rampage","floor":11}],"player_experience":419733,"relics_obtained":[{"floor":7,"key":"Dodecahedron"},{"floor":9,"key":"Shuriken"},{"floor":11,"key":"Omamori"}],"event_choices":[{"damage_healed":0,"gold_gain":0,"player_choice":"Grow","damage_taken":0,"max_hp_gain":0,"max_hp_loss":0,"event_name":"Living Wall","floor":12,"gold_loss":0,"cards_upgraded":["Bash"]},{"damage_healed":0,"gold_gain":0,"player_choice":"Fled","damage_taken":0,"max_hp_gain":0,"max_hp_loss":0,"event_name":"Scrap Ooze","floor":14,"gold_loss":0}],"is_beta":false,"boss_relics":[],"items_purged_floors":[],"is_endless":false,"potions_floor_spawned":[2,11],"killed_by":"Slime Boss","ascension_level":10}