{"gold_per_floor":[119,119,132,61,61,61,61,61,88,102,27,45,45,63,63,163,163,175,75,93,93,108,108,108,108,108,108,5,19,39,56,56,56],"floor_reached":33,"playtime":657,"items_purged":["Strike_R","Strike_R"],"score":237,"play_id":"dfa51200-520a-4270-b647-887fe576bc00","local_time":"20190208165750","is_ascension_mode":false,"campfire_choices":[{"data":"Searing Blow","floor":6.0,"key":"SMITH"},{"data":"Searing Blow+1","floor":8.0,"key":"SMITH"},{"data":"Searing Blow+2","floor":15.0,"key":"SMITH"},{"data":"Searing Blow+3","floor":23.0,"key":"SMITH"},{"data":"Searing Blow+4","floor":25.0,"key":"SMITH"},{"data":"Searing Blow+5","floor":27.0,"key":"SMITH"},{"floor":32.0,"key":"REST"}],"neow_cost":"NONE","seed_source_timestamp":12064016076300,"circlet_count":0,"master_deck":["Strike_R","Defend_R","Defend_R","Defend_R","Bash+1","Searing Blow+6"],"special_seed":0,"relics":["Burning Blood","Sundial","PreservedInsect","Runic Cube","Pocketwatch"],"potions_floor_usage":[],"damage_taken":[{"damage":6.0,"enemies":"Jaw Worm","floor":1.0,"turns":3.0},{"damage":6.0,"enemies":"Cultist","floor":3.0,"turns":3.0},{"damage":8.0,"enemies":"Small Slimes","floor":10.0,"turns":2.0},{"damage":18.0,"enemies":"2 Fungi Beasts","floor":12.0,"turns":3.0},{"damage":7.0,"enemies":"Large Slime","floor":14.0,"turns":6.0},{"damage":29.0,"enemies":"The Guardian","floor":16.0,"turns":8.0},{"damage":10.0,"enemies":"Chosen","floor":18.0,"turns":3.0},{"damage":20.0,"enemies":"Shell Parasite","floor":20.0,"turns":3.0},{"damage":31.0,"enemies":"Centurion and Healer","floor":22.0,"turns":5.0},{"damage":28.0,"enemies":"Shelled Parasite and Fungi","floor":29.0,"turns":3.0},{"damage":0.0,"enemies":"3 Cultists","floor":30.0,"turns":3.0},{"damage":0.0,"enemies":"Snake Plant","floor":31.0,"turns":2.0},{"damage":63,"enemies":"Automaton","floor":33,"turns":6}],"seed_played":"-8109409695656576329","potions_obtained":[{"floor":12.0,"key":"BloodPotion"},{"floor":14.0,"key":"Weak Potion"},{"floor":16.0,"key":"Weak Potion"},{"floor":18.0,"key":"BloodPotion"},{"floor":30.0,"key":"BloodPotion"}],"is_trial":false,"path_per_floor":["M","?","M","$","T","R","?","R","T","M","$","M","?","M","R","B",null,"M","$","M","?","M","R","?","R","T","R","$","M","M","M","R","B"],"character_chosen":"IRONCLAD","items_purchased":["Searing Blow","Fruit Juice"],"campfire_rested":1,"item_purchase_floors":[4,28],"current_hp_per_floor":[80,80,80,80,80,80,80,80,80,78,78,66,59,66,66,43,80,76,76,62,47,30,30,30,30,30,30,35,13,19,34,61,0],"gold":56,"neow_bonus":"REMOVE_CARD","is_prod":false,"is_daily":false,"chose_seed":false,"campfire_upgraded":6,"win_rate":0,"timestamp":1549663070,"path_taken":["M","?","M","?","?","R","?","R","T","?","$","M","?","M","R","BOSS","M","$","M","?","M","R","?","R","T","R","?","M","M","M","R","BOSS"],"build_version":"2019-01-23","purchased_purges":2,"victory":false,"max_hp_per_floor":[80,80,80,80,80,80,80,80,80,80,80,80,80,80,80,80,80,80,80,80,85,85,85,85,85,85,85,90,90,90,90,90,90],"card_choices":[{"not_picked":["True Grit","Flex","Sentinel"],"picked":"SKIP","floor":1.0},{"not_picked":["Shrug It Off","Twin Strike","Heavy Blade"],"picked":"SKIP","floor":3.0},{"not_picked":["Exhume","Shrug It Off","Pummel"],"picked":"SKIP","floor":10.0},{"not_picked":["Heavy Blade","Corruption","Anger"],"picked":"SKIP","floor":12.0},{"not_picked":["Entrench","Feel No Pain","Anger"],"picked":"SKIP","floor":14.0},{"not_picked":["Anger","Infernal Blade","Ghostly Armor"],"picked":"SKIP","floor":18.0},{"not_picked":["Power Through+1","Burning Pact","Blood for Blood"],"picked":"SKIP","floor":20.0},{"not_picked":["Clash+1","Cleave","Inflame"],"picked":"SKIP","floor":22.0},{"not_picked":["Body Slam+1","Power Through","Hemokinesis"],"picked":"SKIP","floor":29.0},{"not_picked":["Iron Wave","Evolve+1","Clothesline"],"picked":"SKIP","floor":30.0},{"not_picked":["Burning Pact","Anger","Shockwave"],"picked":"SKIP","floor":31.0}],"player_experience":424168,"relics_obtained":[{"floor":5.0,"key":"Sundial"},{"floor":9.0,"key":"PreservedInsect"},{"floor":26.0,"key":"Pocketwatch"}],"event_choices":[{"damage_healed":0.0,"max_hp_gain":0.0,"max_hp_loss":0.0,"gold_gain":0.0,"event_name":"Upgrade Shrine","player_choice":"Upgraded","floor":2.0,"gold_loss":0.0,"damage_taken":0.0,"cards_upgraded":["Bash"]},{"cards_removed":["Strike_R"],"damage_healed":0.0,"max_hp_gain":0.0,"max_hp_loss":0.0,"gold_gain":0.0,"event_name":"Wheel of Change","player_choice":"Card Removal","floor":7.0,"gold_loss":0.0,"damage_taken":0.0},{"cards_removed":["Strike_R"],"damage_healed":0.0,"max_hp_gain":0.0,"max_hp_loss":0.0,"gold_gain":0.0,"event_name":"Golden Wing","player_choice":"Card Removal","floor":13.0,"gold_loss":0.0,"damage_taken":7.0},{"damage_healed":0.0,"max_hp_gain":5.0,"max_hp_loss":0.0,"gold_gain":0.0,"event_name":"Forgotten Altar","player_choice":"Shed Blood","floor":21.0,"gold_loss":0.0,"damage_taken":20.0},{"damage_healed":0.0,"max_hp_gain":0.0,"max_hp_loss":0.0,"gold_gain":0.0,"event_name":"Vampires","player_choice":"Ignored","floor":24.0,"gold_loss":0.0,"damage_taken":0.0}],"is_beta":false,"boss_relics":[{"not_picked":["Calling Bell","Eternal Feather"],"picked":"Runic Cube"}],"items_purged_floors":[11,19],"is_endless":false,"potions_floor_spawned":[12,14,16,18,30],"killed_by":"Automaton","ascension_level":0}