{"gold_per_floor":[114,124,139,139,64,64,98,98,124,143,143,177,197,251,251,351,351,366,384,404,404,417,417,436,535,611,611,407,425,99,116,116,215,215,235,235,335,142,142,142,175,175,175,204,204,114,114,0,0,0,0,0,0,27,27],"floor_reached":55,"playtime":4137,"items_purged":["Strike_G","Strike_G","Strike_G","Defend_G"],"score":777,"play_id":"9cb064bb-405e-41c1-af93-2877613f8f4a","local_time":"20190129002623","is_ascension_mode":true,"campfire_choices":[{"data":"Infinite Blades","floor":6.0,"key":"SMITH"},{"data":"Footwork","floor":8.0,"key":"SMITH"},{"data":"Envenom","floor":15.0,"key":"SMITH"},{"floor":23,"key":"REST"},{"data":"Neutralize","floor":27,"key":"SMITH"},{"floor":32,"key":"REST"},{"data":"Blade Dance","floor":40,"key":"SMITH"},{"data":"Burst","floor":45,"key":"SMITH"},{"floor":47,"key":"RECALL"},{"floor":49,"key":"REST"},{"data":"Deflect","floor":52,"key":"SMITH"}],"neow_cost":"NONE","seed_source_timestamp":0,"circlet_count":0,"master_deck":["Defend_G","Defend_G","Defend_G","Defend_G","Survivor","Neutralize+1","Blur","Infinite Blades+1","Backflip","Footwork+1","Well Laid Plans","PiercingWail","Envenom+1","Envenom+1","Blade Dance+1","Deflect+1","Cloak And Dagger","Footwork+1","Backflip","Deflect+1","Cloak And Dagger","PiercingWail","Envenom+1","Outmaneuver+1","Sadistic Nature+1","Burst+1","Footwork+1"],"special_seed":0,"relics":["Ring of the Snake","Vajra","PreservedInsect","Meat on the Bone","Blood Vial","WristBlade","Frozen Egg 2","Snake Skull","Runic Dome","Tough Bandages","Ginger","Ninja Scroll","Darkstone Periapt","Smiling Mask","Red Mask","Oddly Smooth Stone"],"potions_floor_usage":[33,37,55],"damage_taken":[{"damage":0.0,"enemies":"Small Slimes","floor":1.0,"turns":4.0},{"damage":1.0,"enemies":"2 Louse","floor":2.0,"turns":3.0},{"damage":5.0,"enemies":"Jaw Worm","floor":3.0,"turns":4.0},{"damage":6.0,"enemies":"Lagavulin","floor":7.0,"turns":13.0},{"damage":19.0,"enemies":"Gremlin Gang","floor":10.0,"turns":8.0},{"damage":6.0,"enemies":"Gremlin Nob","floor":12.0,"turns":4.0},{"damage":9.0,"enemies":"Blue Slaver","floor":13.0,"turns":5.0},{"damage":25.0,"enemies":"Hexaghost","floor":16.0,"turns":13.0},{"damage":21,"enemies":"Spheric Guardian","floor":18,"turns":8},{"damage":9,"enemies":"3 Byrds","floor":19,"turns":6},{"damage":44,"enemies":"3 Cultists","floor":20,"turns":8},{"damage":17,"enemies":"Snake Plant","floor":22,"turns":5},{"damage":2,"enemies":"Snecko","floor":24,"turns":6},{"damage":11,"enemies":"Centurion and Healer","floor":29,"turns":7},{"damage":12,"enemies":"Snake Plant","floor":31,"turns":5},{"damage":1,"enemies":"Champ","floor":33,"turns":15},{"damage":6,"enemies":"3 Shapes","floor":35,"turns":4},{"damage":0,"enemies":"Mind Bloom Boss Battle","floor":37,"turns":7},{"damage":14,"enemies":"Reptomancer","floor":41,"turns":5},{"damage":0,"enemies":"Nemesis","floor":44,"turns":3},{"damage":23,"enemies":"Time Eater","floor":50,"turns":12},{"damage":42,"enemies":"Shield and Spear","floor":54,"turns":6},{"damage":43,"enemies":"The Heart","floor":55,"turns":3}],"seed_played":"5396875164207482594","potions_obtained":[{"floor":3.0,"key":"Fruit Juice"},{"floor":10.0,"key":"Strength Potion"},{"floor":16.0,"key":"SmokeBomb"},{"floor":19,"key":"Swift Potion"},{"floor":24,"key":"FearPotion"},{"floor":33,"key":"SneckoOil"},{"floor":37,"key":"LiquidBronze"},{"floor":41,"key":"SteroidPotion"}],"is_trial":false,"path_per_floor":["?","?","T","M","?","M","?","?","?","$","?","T","?"],"character_chosen":"THE_SILENT","items_purchased":["Footwork+1","Backflip","Snake Skull","Cloak And Dagger","Sadistic Nature+1","Footwork+1"],"campfire_rested":3,"item_purchase_floors":[28,28,30,30,38,46],"current_hp_per_floor":[70,69,64,64,64,64,63,63,63,44,44,38,41,41,41,30,75,54,47,17,17,14,36,48,48,48,48,48,39,39,41,63,64,75,69,69,71,71,71,71,57,57,57,59,59,59,59,59,71,48,71,71,71,41,0],"gold":27,"neow_bonus":"RANDOM_COMMON_RELIC","is_prod":false,"is_daily":false,"chose_seed":false,"campfire_upgraded":7,"win_rate":0,"timestamp":1548750383,"path_taken":["M","M","M","?","$","R","E","R","T","M","?","E","M","?","R","BOSS","M","M","?","?","?","R","M","?","T","R","$","M","$","M","R","BOSS","M","?","?","?","?","R","E","?","T","E","R","$","R","?","R","BOSS","R","$","E","BOSS"],"build_version":"2019-01-23","purchased_purges":4,"victory":false,"max_hp_per_floor":[70,70,70,70,70,70,75,75,75,75,75,75,75,75,75,75,75,75,75,75,75,75,75,75,75,75,75,75,75,75,75,75,75,75,75,71,71,71,71,71,71,71,71,71,71,71,71,71,71,71,71,71,71,71,71],"card_choices":[{"not_picked":["Quick Slash","Caltrops"],"picked":"Blur","floor":1.0},{"not_picked":["Bane","Blade Dance"],"picked":"Infinite Blades","floor":2.0},{"not_picked":["Sucker Punch","Dagger Throw"],"picked":"Backflip","floor":3.0},{"not_picked":["Dagger Throw","Corpse Explosion"],"picked":"Well Laid Plans","floor":7.0},{"not_picked":["Sucker Punch","Bane"],"picked":"PiercingWail","floor":10.0},{"not_picked":["Tactician","Underhanded Strike","Deflect"],"picked":"SKIP","floor":12.0},{"not_picked":["Deadly Poison","Slice"],"picked":"Envenom","floor":13.0},{"not_picked":["Adrenaline","A Thousand Cuts"],"picked":"Envenom","floor":16.0},{"not_picked":["Reflex","Skewer"],"picked":"Blade Dance","floor":18},{"not_picked":["Deflect","Prepared","Deadly Poison"],"picked":"SKIP","floor":19},{"not_picked":["Dodge and Roll","Night Terror"],"picked":"Deflect+1","floor":20},{"not_picked":["Deflect","Catalyst"],"picked":"Cloak And Dagger","floor":22},{"not_picked":["Deadly Poison+1","Poisoned Stab+1","Bouncing Flask"],"picked":"SKIP","floor":24},{"not_picked":["Catalyst","Distraction+1"],"picked":"Deflect","floor":29},{"not_picked":["Eviscerate","Backflip+1"],"picked":"PiercingWail","floor":31},{"not_picked":["Adrenaline","Tools of the Trade+1"],"picked":"Envenom+1","floor":33},{"not_picked":["Bane+1","Choke"],"picked":"Outmaneuver+1","floor":35},{"not_picked":["Tactician+1","Flying Knee","Underhanded Strike"],"picked":"SKIP","floor":41},{"not_picked":["Phantasmal Killer","Prepared"],"picked":"Burst","floor":44},{"not_picked":["Escape Plan","Choke","Noxious Fumes+1"],"picked":"SKIP","floor":54}],"player_experience":21268,"relics_obtained":[{"floor":7.0,"key":"PreservedInsect"},{"floor":12.0,"key":"Meat on the Bone"},{"floor":14.0,"key":"Blood Vial"},{"floor":26,"key":"Frozen Egg 2"},{"floor":37,"key":"Tough Bandages"},{"floor":41,"key":"Ginger"},{"floor":42,"key":"Ninja Scroll"},{"floor":43,"key":"Darkstone Periapt"},{"floor":44,"key":"Smiling Mask"},{"floor":54,"key":"Oddly Smooth Stone"}],"event_choices":[{"damage_healed":0.0,"max_hp_gain":0.0,"max_hp_loss":0.0,"gold_gain":0.0,"cards_transformed":["Strike_G"],"event_name":"Living Wall","player_choice":"Change","floor":4.0,"gold_loss":0.0,"damage_taken":0.0,"cards_obtained":["Footwork"]},{"damage_healed":0.0,"max_hp_gain":0.0,"max_hp_loss":0.0,"gold_gain":0.0,"event_name":"Shining Light","player_choice":"Ignored","floor":11.0,"gold_loss":0.0,"damage_taken":0.0},{"damage_healed":0,"gold_gain":0,"player_choice":"Forge","damage_taken":0,"max_hp_gain":0,"max_hp_loss":0,"event_name":"Accursed Blacksmith","floor":21,"gold_loss":0,"cards_upgraded":["Envenom"]},{"damage_healed":0,"gold_gain":99,"player_choice":"Stole From Cult","damage_taken":0,"max_hp_gain":0,"max_hp_loss":0,"event_name":"Nest","floor":25,"gold_loss":0},{"damage_healed":0,"gold_gain":0,"player_choice":"Max HP","damage_taken":0,"max_hp_gain":0,"max_hp_loss":4,"event_name":"Winding Halls","floor":36,"gold_loss":0},{"damage_healed":0,"gold_gain":0,"player_choice":"Fight","damage_taken":0,"max_hp_gain":0,"max_hp_loss":0,"event_name":"MindBloom","floor":37,"gold_loss":0},{"cards_removed":["Strike_G"],"damage_healed":0,"gold_gain":0,"player_choice":"Removed Attack","damage_taken":0,"max_hp_gain":0,"max_hp_loss":0,"event_name":"Falling","floor":39,"gold_loss":0},{"damage_healed":0,"gold_gain":0,"player_choice":"Paid","damage_taken":0,"relics_obtained":["Red Mask"],"max_hp_gain":0,"max_hp_loss":0,"event_name":"Tomb of Lord Red Mask","floor":48,"gold_loss":114}],"is_beta":false,"boss_relics":[{"not_picked":["Eternal Feather","Calling Bell"],"picked":"WristBlade"},{"not_picked":["Runic Pyramid","Lizard Tail"],"picked":"Runic Dome"}],"items_purged_floors":[5,28,30,46],"is_endless":false,"potions_floor_spawned":[3,10,16,19,24,29,33,37,41],"killed_by":"The Heart","ascension_level":2}