{"gold_per_floor":[119,119,119,219,230,230,242,242,242,206,216,246,260,286,286,286],"floor_reached":16,"playtime":1189,"items_purged":[],"score":171,"play_id":"89b08dba-e36f-43bb-a97f-a2ac29600dba","local_time":"20190424230131","is_ascension_mode":true,"campfire_choices":[{"data":"Bash","floor":6.0,"key":"SMITH"},{"data":"Feel No Pain","floor":8.0,"key":"SMITH"},{"data":"Body Slam","floor":15,"key":"SMITH"}],"neow_cost":"NONE","seed_source_timestamp":1242914476600,"circlet_count":0,"master_deck":["AscendersBane","Strike_R","Strike_R","Strike_R","Strike_R","Strike_R","Defend_R","Defend_R","Defend_R","Defend_R","Bash+1","Shrug It Off","Feel No Pain+1","Impervious","Evolve","Sword Boomerang","Immolate","Body Slam+1"],"special_seed":0,"relics":["Burning Blood","Dream Catcher","Blood Vial","Vajra"],"potions_floor_usage":[14,16],"damage_taken":[{"damage":10.0,"enemies":"2 Louse","floor":1.0,"turns":4.0},{"damage":0.0,"enemies":"Small Slimes","floor":5.0,"turns":5.0},{"damage":1.0,"enemies":"Cultist","floor":7.0,"turns":5.0},{"damage":5.0,"enemies":"Exordium Wildlife","floor":11.0,"turns":7.0},{"damage":38.0,"enemies":"Gremlin Nob","floor":12.0,"turns":5.0},{"damage":14.0,"enemies":"3 Louse","floor":13.0,"turns":2.0},{"damage":20,"enemies":"3 Sentries","floor":14,"turns":6},{"damage":42,"enemies":"The Guardian","floor":16,"turns":9}],"seed_played":"1016346893503504717","potions_obtained":[{"floor":1.0,"key":"EssenceOfSteel"},{"floor":11.0,"key":"AttackPotion"},{"floor":12.0,"key":"SteroidPotion"}],"is_trial":false,"path_per_floor":["M","?","?","?","M","R","M","R","T","$","M","E","M","E","R","B"],"character_chosen":"IRONCLAD","items_purchased":["Evolve"],"campfire_rested":0,"item_purchase_floors":[10],"current_hp_per_floor":[76,76,76,76,82,82,87,87,87,87,88,56,50,38,38,0],"gold":286,"neow_bonus":"TEN_PERCENT_HP_BONUS","is_prod":false,"is_daily":false,"chose_seed":false,"campfire_upgraded":3,"win_rate":0,"timestamp":1556161291,"path_taken":["M","?","?","?","?","R","M","R","T","$","M","E","M","E","R","BOSS"],"build_version":"2019-01-23","purchased_purges":0,"victory":false,"max_hp_per_floor":[88,88,88,88,88,88,88,88,88,88,88,88,88,88,88,88],"card_choices":[{"not_picked":["Warcry","Flex"],"picked":"Shrug It Off","floor":1.0},{"not_picked":["Anger","Uppercut"],"picked":"Feel No Pain","floor":5.0},{"not_picked":["Dropkick","Warcry"],"picked":"Impervious","floor":7.0},{"not_picked":["Shrug It Off","Headbutt"],"picked":"Sword Boomerang","floor":11.0},{"not_picked":["Bloodletting","Thunderclap"],"picked":"Immolate","floor":12.0},{"not_picked":["Body Slam","Sword Boomerang","Anger"],"picked":"SKIP","floor":13.0},{"not_picked":["Flex","Uppercut"],"picked":"Body Slam","floor":14}],"player_experience":623021,"relics_obtained":[{"floor":9.0,"key":"Dream Catcher"},{"floor":12.0,"key":"Blood Vial"},{"floor":14,"key":"Vajra"}],"event_choices":[{"damage_healed":0.0,"max_hp_gain":0.0,"max_hp_loss":0.0,"gold_gain":0.0,"event_name":"Liars Game","player_choice":"Ignored","floor":2.0,"gold_loss":0.0,"damage_taken":0.0},{"damage_healed":0.0,"max_hp_gain":0.0,"max_hp_loss":0.0,"gold_gain":0.0,"event_name":"Golden Wing","player_choice":"Ignored","floor":3.0,"gold_loss":0.0,"damage_taken":0.0},{"damage_healed":0.0,"max_hp_gain":0.0,"max_hp_loss":0.0,"gold_gain":100.0,"event_name":"Golden Shrine","player_choice":"Pray","floor":4.0,"gold_loss":0.0,"damage_taken":0.0}],"is_beta":false,"boss_relics":[],"items_purged_floors":[],"is_endless":false,"potions_floor_spawned":[1,11,12,13],"killed_by":"The Guardian","ascension_level":11}