{"gold_per_floor":[116,116,191,205,218,248,267,267,342,372,75,116,134,150,150,150],"floor_reached":16,"playtime":417,"items_purged":["Injury"],"score":162,"play_id":"90c3decc-5692-4026-b95a-ce0a75b5c3c0","local_time":"20190222165852","is_ascension_mode":true,"campfire_choices":[{"floor":15,"key":"REST"}],"neow_cost":"NONE","seed_source_timestamp":11997571330400,"circlet_count":0,"master_deck":["Strike_B","Strike_B","Strike_B","Strike_B","Defend_B","Defend_B","Defend_B","Defend_B","Zap+1","Dualcast","Panacea","Steam","Rebound","Melter","Ball Lightning","Sweeping Beam","Self Repair","Glacier","Double Energy"],"relics":["Cracked Core","Ginger","Golden Idol","Gremlin Horn","Odd Mushroom","DataDisk","Regal Pillow"],"potions_floor_usage":[6,14],"damage_taken":[{"damage":4,"enemies":"Jaw Worm","floor":1,"turns":4},{"damage":6,"enemies":"Small Slimes","floor":4,"turns":4},{"damage":0,"enemies":"Cultist","floor":5,"turns":3},{"damage":4,"enemies":"Gremlin Nob","floor":6,"turns":3},{"damage":3,"enemies":"Blue Slaver","floor":7,"turns":4},{"damage":6,"enemies":"The Mushroom Lair","floor":10,"turns":3},{"damage":19,"enemies":"3 Sentries","floor":12,"turns":5},{"damage":12,"enemies":"2 Fungi Beasts","floor":13,"turns":2},{"damage":8,"enemies":"3 Louse","floor":14,"turns":2},{"damage":46,"enemies":"Hexaghost","floor":16,"turns":9}],"seed_played":"819050529572417658","potions_obtained":[{"floor":1,"key":"Poison Potion"},{"floor":4,"key":"GamblersBrew"},{"floor":6,"key":"Fire Potion"}],"is_trial":false,"path_per_floor":["M","?","?","M","M","E","M","?","T","?","$","E","M","M","R","B"],"character_chosen":"DEFECT","items_purchased":["DataDisk","Self Repair"],"campfire_rested":1,"item_purchase_floors":[11,11],"current_hp_per_floor":[64,64,53,47,47,43,40,40,40,34,34,22,17,9,46,0],"gold":150,"neow_bonus":"RANDOM_COLORLESS","is_prod":false,"is_daily":false,"chose_seed":false,"campfire_upgraded":0,"win_rate":0,"timestamp":1550872732,"path_taken":["M","?","?","M","M","E","M","?","T","?","$","E","?","M","R","BOSS"],"build_version":"2019-01-23","purchased_purges":1,"victory":false,"max_hp_per_floor":[75,75,75,75,75,75,75,75,75,75,75,75,75,75,75,75],"card_choices":[{"not_picked":["Consume","Self Repair"],"picked":"Steam","floor":1},{"not_picked":["Double Energy","Barrage"],"picked":"Rebound","floor":4},{"not_picked":["Lockon","Barrage"],"picked":"Melter","floor":5},{"not_picked":["Steam","Genetic Algorithm"],"picked":"Ball Lightning","floor":6},{"not_picked":["Stack","Beam Cell","Redo"],"picked":"SKIP","floor":7},{"not_picked":["Reinforced Body","Force Field"],"picked":"Sweeping Beam","floor":10},{"not_picked":["Fusion","Redo","Self Repair"],"picked":"SKIP","floor":12},{"not_picked":["Gash","Static Discharge"],"picked":"Glacier","floor":13},{"not_picked":["Self Repair","Consume"],"picked":"Double Energy","floor":14}],"player_experience":480168,"relics_obtained":[{"floor":6,"key":"Ginger"},{"floor":9,"key":"Gremlin Horn"},{"floor":10,"key":"Odd Mushroom"},{"floor":12,"key":"Regal Pillow"}],"event_choices":[{"damage_healed":0,"gold_gain":0,"player_choice":"Grow","damage_taken":0,"max_hp_gain":0,"max_hp_loss":0,"event_name":"Living Wall","floor":2,"gold_loss":0,"cards_upgraded":["Zap"]},{"damage_healed":0,"gold_gain":75,"player_choice":"Gather Gold","damage_taken":11,"max_hp_gain":0,"max_hp_loss":0,"event_name":"World of Goop","floor":3,"gold_loss":0},{"damage_healed":0,"gold_gain":0,"player_choice":"Take Wound","damage_taken":0,"relics_obtained":["Golden Idol"],"max_hp_gain":0,"max_hp_loss":0,"event_name":"Golden Idol","floor":8,"gold_loss":0,"cards_obtained":["Injury"]},{"damage_healed":0,"gold_gain":0,"player_choice":"Fought Mushrooms","damage_taken":0,"max_hp_gain":0,"max_hp_loss":0,"event_name":"Mushrooms","floor":10,"gold_loss":0}],"is_beta":false,"boss_relics":[],"items_purged_floors":[11],"is_endless":false,"potions_floor_spawned":[1,4,6],"killed_by":"Hexaghost","ascension_level":9}