{"gold_per_floor":[116,116,129,129,129,163,163,88,88,104,104,117,143,158,158,158],"floor_reached":16,"playtime":428,"items_purged":["Strike_B"],"score":270,"play_id":"a6ed12ba-6751-44f3-9084-56ec6e536ffe","local_time":"20190414170407","is_ascension_mode":true,"campfire_choices":[{"data":"Barrage","floor":7.0,"key":"SMITH"},{"data":"Steam","floor":11.0,"key":"SMITH"},{"data":"Loop","floor":15.0,"key":"SMITH"}],"neow_cost":"NONE","seed_source_timestamp":2991521017187,"circlet_count":0,"master_deck":["AscendersBane","Strike_B","Strike_B","Strike_B","Defend_B","Defend_B","Defend_B","Defend_B","Zap+1","Dualcast","Hologram","Barrage+1","Steam+1","Conserve Battery+1","Genetic Algorithm+1","Capacitor","Loop+1"],"special_seed":0,"relics":["Cracked Core","NeowsBlessing","Oddly Smooth Stone","Unceasing Top","Bird Faced Urn","Toxic Egg 2","Juzu Bracelet"],"potions_floor_usage":[16,16],"damage_taken":[{"damage":0.0,"enemies":"Jaw Worm","floor":1.0,"turns":1.0},{"damage":0.0,"enemies":"2 Louse","floor":3.0,"turns":1.0},{"damage":0.0,"enemies":"Gremlin Nob","floor":6.0,"turns":1.0},{"damage":0.0,"enemies":"Small Slimes","floor":10.0,"turns":2.0},{"damage":0.0,"enemies":"3 Louse","floor":12.0,"turns":3.0},{"damage":8.0,"enemies":"Lagavulin","floor":13.0,"turns":6.0},{"damage":0.0,"enemies":"Looter","floor":14.0,"turns":4.0},{"damage":64,"enemies":"Slime Boss","floor":16,"turns":9}],"seed_played":"-8798551285725649599","potions_obtained":[{"floor":3.0,"key":"GamblersBrew"},{"floor":14.0,"key":"SteroidPotion"}],"is_trial":false,"path_per_floor":["M","?","M","T","?","E","R","$","T","M","R","M","E","M","R","B"],"character_chosen":"DEFECT","items_purchased":[],"campfire_rested":0,"item_purchase_floors":[],"current_hp_per_floor":[64,59,59,59,59,59,59,59,59,59,59,59,51,53,53,0],"gold":158,"neow_bonus":"THREE_ENEMY_KILL","is_prod":false,"is_daily":false,"chose_seed":false,"campfire_upgraded":3,"win_rate":0,"timestamp":1555254247,"path_taken":["M","?","M","?","?","E","R","$","T","M","R","M","E","M","R","BOSS"],"build_version":"2019-04-04","purchased_purges":1,"victory":false,"max_hp_per_floor":[71,71,71,71,71,71,71,71,71,71,71,71,71,71,71,71],"card_choices":[{"not_picked":["Redo","Rebound"],"picked":"Hologram","floor":1.0},{"not_picked":["Steam Power","Redo"],"picked":"Barrage","floor":3.0},{"not_picked":["Steam Power","Stack"],"picked":"Steam","floor":6.0},{"not_picked":["Reboot+1","Go for the Eyes"],"picked":"Conserve Battery+1","floor":10.0},{"not_picked":["Streamline","Rebound"],"picked":"Genetic Algorithm+1","floor":12.0},{"not_picked":["FTL","Skim+1"],"picked":"Capacitor","floor":13.0},{"not_picked":["Cold Snap","Rip and Tear"],"picked":"Loop","floor":14.0}],"player_experience":1130155,"relics_obtained":[{"floor":4.0,"key":"Unceasing Top"},{"floor":6.0,"key":"Bird Faced Urn"},{"floor":9.0,"key":"Toxic Egg 2"},{"floor":13.0,"key":"Juzu Bracelet"}],"event_choices":[{"damage_healed":0.0,"max_hp_gain":0.0,"max_hp_loss":0.0,"gold_gain":0.0,"event_name":"Scrap Ooze","player_choice":"Success","floor":2.0,"gold_loss":0.0,"damage_taken":5.0,"relics_obtained":["Oddly Smooth Stone"]},{"damage_healed":0.0,"max_hp_gain":0.0,"max_hp_loss":0.0,"gold_gain":0.0,"event_name":"Living Wall","player_choice":"Grow","floor":5.0,"gold_loss":0.0,"damage_taken":0.0,"cards_upgraded":["Zap"]}],"is_beta":true,"boss_relics":[],"items_purged_floors":[8],"is_endless":false,"potions_floor_spawned":[3,14],"killed_by":"Slime Boss","ascension_level":20}