{"gold_per_floor":[149,168,243,46,46,59,9,22,45,45,45,74,91,106,106,203,203,214,234,234,234,0,33,33,33,33,53,64,78,78,3,3,3],"floor_reached":33,"playtime":3487,"items_purged":[],"score":334,"play_id":"d624a6b2-aaa9-4711-acc1-d40feb901851","local_time":"20190317002037","is_ascension_mode":true,"campfire_choices":[{"floor":11,"key":"REST"},{"data":"Flame Barrier","floor":15,"key":"SMITH"},{"data":"Limit Break","floor":25,"key":"SMITH"},{"data":"Demon Form","floor":30,"key":"SMITH"},{"data":"Rage","floor":32,"key":"SMITH"}],"neow_cost":"NONE","seed_source_timestamp":349449433777261,"circlet_count":0,"master_deck":["Strike_R+1","Strike_R+1","Strike_R+1","Strike_R+1","Defend_R+1","Defend_R+1","Defend_R+1","Defend_R+1","Bash","Inflame","Pommel Strike","Clothesline+1","Feel No Pain","Iron Wave","Rage+1","Clothesline","Flame Barrier+1","Demon Form+1","True Grit","Dropkick","Limit Break+1","Iron Wave+1"],"relics":["Burning Blood","Tiny Chest","Red Skull","Ancient Tea Set","Blood Vial","Juzu Bracelet","Coffee Dripper","WarpedTongs","Regal Pillow","Bag of Marbles","Charon\u0027s Ashes"],"potions_floor_usage":[13,13,33,33,33],"damage_taken":[{"damage":3,"enemies":"2 Louse","floor":1,"turns":3},{"damage":15,"enemies":"Small Slimes","floor":2,"turns":4},{"damage":0,"enemies":"Cultist","floor":6,"turns":3},{"damage":25,"enemies":"3 Louse","floor":8,"turns":3},{"damage":15,"enemies":"3 Sentries","floor":12,"turns":9},{"damage":28,"enemies":"Gremlin Gang","floor":13,"turns":5},{"damage":4,"enemies":"Exordium Wildlife","floor":14,"turns":3},{"damage":34,"enemies":"Hexaghost","floor":16,"turns":11},{"damage":18,"enemies":"Chosen","floor":18,"turns":6},{"damage":3,"enemies":"Shell Parasite","floor":19,"turns":6},{"damage":30,"enemies":"Book of Stabbing","floor":23,"turns":6},{"damage":4,"enemies":"Snake Plant","floor":27,"turns":3},{"damage":20,"enemies":"Shelled Parasite and Fungi","floor":28,"turns":4},{"damage":12,"enemies":"Cultist and Chosen","floor":29,"turns":5},{"damage":45,"enemies":"Automaton","floor":33,"turns":6}],"seed_played":"7876263064897908565","potions_obtained":[{"floor":1,"key":"EssenceOfSteel"},{"floor":6,"key":"Energy Potion"},{"floor":13,"key":"SneckoOil"},{"floor":18,"key":"FearPotion"},{"floor":19,"key":"Poison Potion"}],"is_trial":false,"path_per_floor":["?","?","?","?","?","?","?","T","?"],"character_chosen":"IRONCLAD","items_purchased":["Clothesline","Red Skull"],"campfire_rested":1,"item_purchase_floors":[4,4],"current_hp_per_floor":[80,71,60,60,53,59,59,40,40,40,64,57,37,41,41,15,64,54,59,59,59,59,37,37,37,37,41,29,25,25,25,25,0],"gold":3,"neow_bonus":"RANDOM_COMMON_RELIC","is_prod":false,"is_daily":false,"chose_seed":false,"campfire_upgraded":4,"win_rate":0,"timestamp":1552782037,"path_taken":["M","M","?","$","?","M","?","M","T","?","R","E","M","M","R","BOSS","M","M","?","?","?","E","?","R","T","M","M","M","R","?","R","BOSS"],"build_version":"2019-01-23","purchased_purges":0,"victory":false,"max_hp_per_floor":[80,80,80,80,80,80,80,80,80,80,80,80,80,80,80,80,80,80,80,80,80,80,80,80,80,80,80,80,80,80,80,80,80],"card_choices":[{"not_picked":["Perfected Strike","True Grit"],"picked":"Inflame","floor":1},{"not_picked":["Havoc","Wild Strike"],"picked":"Pommel Strike","floor":2},{"not_picked":["Ghostly Armor","Clothesline"],"picked":"Feel No Pain","floor":6},{"not_picked":["Pommel Strike","Searing Blow"],"picked":"Iron Wave","floor":8},{"not_picked":["Battle Trance","Pommel Strike"],"picked":"Rage","floor":12},{"not_picked":["Pummel","Clash"],"picked":"Clothesline","floor":13},{"not_picked":["Pummel","Armaments"],"picked":"Flame Barrier","floor":14},{"not_picked":["Limit Break","Offering"],"picked":"Demon Form","floor":16},{"not_picked":["Body Slam","Corruption"],"picked":"True Grit","floor":18},{"not_picked":["Twin Strike","Clothesline"],"picked":"Dropkick","floor":19},{"not_picked":["Flex","Armaments+1"],"picked":"Limit Break","floor":23},{"not_picked":["Clothesline","Warcry+1"],"picked":"Iron Wave+1","floor":27},{"not_picked":["Second Wind","Cleave","Havoc"],"picked":"SKIP","floor":28},{"not_picked":["Warcry","Havoc","Bludgeon"],"picked":"SKIP","floor":29}],"player_experience":246916,"relics_obtained":[{"floor":9,"key":"Blood Vial"},{"floor":12,"key":"Juzu Bracelet"},{"floor":23,"key":"Regal Pillow"},{"floor":24,"key":"Bag of Marbles"},{"floor":26,"key":"Charon\u0027s Ashes"}],"event_choices":[{"damage_healed":0,"gold_gain":75,"player_choice":"Gather Gold","damage_taken":11,"max_hp_gain":0,"max_hp_loss":0,"event_name":"World of Goop","floor":3,"gold_loss":0},{"damage_healed":0,"gold_gain":0,"player_choice":"Success","damage_taken":7,"relics_obtained":["Ancient Tea Set"],"max_hp_gain":0,"max_hp_loss":0,"event_name":"Scrap Ooze","floor":5,"gold_loss":0},{"cards_removed":["Strike_R"],"damage_healed":0,"gold_gain":0,"player_choice":"Card Removal","damage_taken":0,"max_hp_gain":0,"max_hp_loss":0,"event_name":"The Cleric","floor":7,"gold_loss":50},{"damage_healed":0,"gold_gain":0,"player_choice":"Upgraded","damage_taken":0,"max_hp_gain":0,"max_hp_loss":0,"event_name":"Upgrade Shrine","floor":10,"gold_loss":0,"cards_upgraded":["Clothesline"]},{"damage_healed":0,"gold_gain":0,"player_choice":"Simplicity","damage_taken":0,"max_hp_gain":0,"max_hp_loss":0,"event_name":"Back to Basics","floor":20,"gold_loss":0,"cards_upgraded":["Strike_R","Strike_R","Strike_R","Strike_R","Defend_R","Defend_R","Defend_R","Defend_R"]},{"damage_healed":0,"gold_gain":0,"player_choice":"Rummage","damage_taken":0,"relics_obtained":["WarpedTongs"],"max_hp_gain":0,"max_hp_loss":0,"event_name":"Accursed Blacksmith","floor":21,"gold_loss":0,"cards_obtained":["Pain"]},{"damage_healed":0,"gold_gain":0,"player_choice":"Paid Fearfully","damage_taken":0,"max_hp_gain":0,"max_hp_loss":0,"event_name":"Masked Bandits","floor":22,"gold_loss":234},{"cards_removed":["Pain"],"damage_healed":0,"gold_gain":0,"player_choice":"Gave Gold","damage_taken":0,"max_hp_gain":0,"max_hp_loss":0,"event_name":"Beggar","floor":31,"gold_loss":75}],"is_beta":false,"boss_relics":[{"not_picked":["Calling Bell","Snecko Eye"],"picked":"Coffee Dripper"}],"items_purged_floors":[],"is_endless":false,"potions_floor_spawned":[1,6,13,18,19],"killed_by":"Automaton","ascension_level":5}