{"gold_per_floor":[113,130,148,158,174,174,203,203,203,229,2,2,35,50,50,176,176,196,196,221,241,266,266,266,266],"floor_reached":25,"playtime":1265,"items_purged":[],"score":269,"play_id":"7ff79bac-7657-4e41-8598-a22524d2d2f8","local_time":"20190416201621","is_ascension_mode":true,"campfire_choices":[{"data":"Metallicize","floor":6.0,"key":"SMITH"},{"floor":8.0,"key":"REST"},{"data":"Metallicize","floor":15.0,"key":"SMITH"},{"floor":23,"key":"REST"}],"neow_cost":"NONE","seed_source_timestamp":35714942329113,"circlet_count":0,"master_deck":["Strike_R","Strike_R","Strike_R","Strike_R","Strike_R","Defend_R","Defend_R","Defend_R","Defend_R","Bash","Twin Strike","Cleave","Thunderclap","Metallicize+1","Exhume","Metallicize+1","Cleave","Inflame","Injury","Dropkick","Juggernaut","Pommel Strike","Flame Barrier","Twin Strike","Headbutt","Discovery"],"special_seed":0,"relics":["Burning Blood","Centennial Puzzle","Ice Cream","Blue Candle","Odd Mushroom","Bag of Marbles","Golden Idol","Bottled Tornado","Black Star","FaceOfCleric"],"potions_floor_usage":[21,25],"damage_taken":[{"damage":10.0,"enemies":"2 Louse","floor":1.0,"turns":2.0},{"damage":7.0,"enemies":"Jaw Worm","floor":2.0,"turns":3.0},{"damage":7.0,"enemies":"Small Slimes","floor":3.0,"turns":3.0},{"damage":5.0,"enemies":"Gremlin Gang","floor":4.0,"turns":3.0},{"damage":23.0,"enemies":"Large Slime","floor":5.0,"turns":5.0},{"damage":43.0,"enemies":"Lagavulin","floor":7.0,"turns":7.0},{"damage":14.0,"enemies":"The Mushroom Lair","floor":10.0,"turns":3.0},{"damage":7.0,"enemies":"3 Sentries","floor":13.0,"turns":6.0},{"damage":2.0,"enemies":"2 Fungi Beasts","floor":14.0,"turns":2.0},{"damage":30.0,"enemies":"Hexaghost","floor":16.0,"turns":9.0},{"damage":31.0,"enemies":"2 Thieves","floor":18.0,"turns":3.0},{"damage":32,"enemies":"Spheric Guardian","floor":20,"turns":6},{"damage":2,"enemies":"Snecko","floor":21,"turns":5},{"damage":12,"enemies":"Cultist and Chosen","floor":22,"turns":7},{"damage":40,"enemies":"Book of Stabbing","floor":25,"turns":5}],"seed_played":"8658885856249969678","potions_obtained":[{"floor":4.0,"key":"BloodPotion"},{"floor":5.0,"key":"Explosive Potion"},{"floor":10.0,"key":"Weak Potion"},{"floor":13.0,"key":"FearPotion"},{"floor":18.0,"key":"Ancient Potion"},{"floor":22,"key":"Energy Potion"}],"is_trial":false,"path_per_floor":["M","M","M","M","M","R","E","R","T","?","$","?","E","M","R","B",null,"M","?","M","M","M","R","?","E"],"character_chosen":"IRONCLAD","items_purchased":["Bag of Marbles","Inflame"],"campfire_rested":2,"item_purchase_floors":[11,11],"current_hp_per_floor":[76,75,74,75,66,66,29,53,53,45,45,45,44,48,48,24,66,41,41,16,21,16,40,40,0],"gold":266,"neow_bonus":"RANDOM_COMMON_RELIC","is_prod":false,"is_daily":false,"chose_seed":false,"campfire_upgraded":2,"win_rate":0,"timestamp":1555460181,"path_taken":["M","M","M","M","M","R","E","R","T","?","$","?","E","M","R","BOSS","M","?","M","?","M","R","?","E"],"build_version":"2019-01-23","purchased_purges":0,"victory":false,"max_hp_per_floor":[80,80,80,80,80,80,80,80,80,80,80,80,80,80,80,80,80,80,80,81,82,83,83,83,83],"card_choices":[{"not_picked":["Flex","Body Slam"],"picked":"Twin Strike","floor":1.0},{"not_picked":["Ghostly Armor","Sever Soul"],"picked":"Cleave","floor":2.0},{"not_picked":["Anger","Uppercut"],"picked":"Thunderclap","floor":3.0},{"not_picked":["Feel No Pain","Cleave"],"picked":"Metallicize","floor":4.0},{"not_picked":["Warcry","Anger"],"picked":"Exhume","floor":5.0},{"not_picked":["Pommel Strike","Berserk"],"picked":"Metallicize","floor":7.0},{"not_picked":["True Grit","Headbutt"],"picked":"Cleave","floor":10.0},{"not_picked":["Body Slam","Corruption","Clash"],"picked":"SKIP","floor":13.0},{"not_picked":["Corruption","Entrench"],"picked":"Dropkick","floor":14.0},{"not_picked":["Double Tap","Offering"],"picked":"Juggernaut","floor":16.0},{"not_picked":["Perfected Strike","True Grit"],"picked":"Pommel Strike","floor":18.0},{"not_picked":["Sword Boomerang+1","Fire Breathing"],"picked":"Flame Barrier","floor":20},{"not_picked":["Heavy Blade","Combust"],"picked":"Twin Strike","floor":21},{"not_picked":["Wild Strike","Reckless Charge+1"],"picked":"Headbutt","floor":22}],"player_experience":305725,"relics_obtained":[{"floor":7.0,"key":"Ice Cream"},{"floor":9.0,"key":"Blue Candle"},{"floor":10.0,"key":"Odd Mushroom"},{"floor":13.0,"key":"Bottled Tornado"}],"event_choices":[{"damage_healed":0.0,"max_hp_gain":0.0,"max_hp_loss":0.0,"gold_gain":0.0,"event_name":"Mushrooms","player_choice":"Fought Mushrooms","floor":10.0,"gold_loss":0.0,"damage_taken":0.0},{"damage_healed":0.0,"max_hp_gain":0.0,"max_hp_loss":0.0,"gold_gain":0.0,"event_name":"Golden Idol","player_choice":"Take Wound","floor":12.0,"gold_loss":0.0,"damage_taken":0.0,"relics_obtained":["Golden Idol"],"cards_obtained":["Injury"]},{"damage_healed":0.0,"max_hp_gain":0.0,"max_hp_loss":0.0,"gold_gain":0.0,"event_name":"FaceTrader","player_choice":"Trade","floor":19.0,"gold_loss":0.0,"damage_taken":0.0,"relics_obtained":["FaceOfCleric"]},{"damage_healed":0,"gold_gain":0,"player_choice":"1 cards matched","damage_taken":0,"max_hp_gain":0,"max_hp_loss":0,"event_name":"Match and Keep!","floor":24,"gold_loss":0,"cards_obtained":["Discovery"]}],"is_beta":false,"boss_relics":[{"not_picked":["Astrolabe","Cursed Key"],"picked":"Black Star"}],"items_purged_floors":[],"is_endless":false,"potions_floor_spawned":[4,5,10,13,18,22],"killed_by":"Book of Stabbing","ascension_level":5}