{"gold_per_floor":[116,191,191,203,219,219,251,251,299,318,331,349,382,402,402,504,504,504,291,291,36,0,0,0],"floor_reached":24,"playtime":8952,"items_purged":["Strike_B","Strike_B"],"score":302,"play_id":"a75510f3-a397-44a0-8a68-cfe39dac2ff8","local_time":"20190413154538","is_ascension_mode":true,"campfire_choices":[{"data":"White Noise","floor":6,"key":"SMITH"},{"floor":8,"key":"REST"},{"data":"Gash","floor":15,"key":"SMITH"},{"data":"Electrodynamics","floor":23,"key":"SMITH"}],"neow_cost":"NONE","seed_source_timestamp":0,"circlet_count":0,"master_deck":["Strike_B","Strike_B","Defend_B","Defend_B","Defend_B","Defend_B","Zap+1","Dualcast","White Noise+1","Sweeping Beam","Compile Driver","BootSequence","Gash+1","Gash","Cold Snap","Conserve Battery","Capacitor","Echo Form","Go for the Eyes","Reinforced Body","Chaos","Skim+1","Electrodynamics+1"],"special_seed":0,"relics":["Cracked Core","Happy Flower","Omamori","Pantograph","Ectoplasm"],"potions_floor_usage":[13,13,16,18],"damage_taken":[{"damage":0.0,"enemies":"Cultist","floor":1.0,"turns":3.0},{"damage":0,"enemies":"Small Slimes","floor":4,"turns":2},{"damage":7,"enemies":"Jaw Worm","floor":5,"turns":3},{"damage":37,"enemies":"Lagavulin","floor":7,"turns":7},{"damage":4,"enemies":"Red Slaver","floor":10,"turns":3},{"damage":3,"enemies":"Large Slime","floor":11,"turns":5},{"damage":0,"enemies":"Blue Slaver","floor":12,"turns":2},{"damage":12,"enemies":"3 Sentries","floor":13,"turns":6},{"damage":0,"enemies":"Exordium Thugs","floor":14,"turns":4},{"damage":26,"enemies":"Hexaghost","floor":16,"turns":8},{"damage":21,"enemies":"Chosen","floor":18,"turns":5},{"damage":12,"enemies":"Spheric Guardian","floor":20,"turns":6},{"damage":32,"enemies":"Slavers","floor":24,"turns":2}],"seed_played":"-704464878330405426","potions_obtained":[{"floor":1,"key":"Regen Potion"},{"floor":7,"key":"Poison Potion"},{"floor":11,"key":"Dexterity Potion"},{"floor":12,"key":"SkillPotion"},{"floor":13,"key":"PowerPotion"},{"floor":16,"key":"Swift Potion"}],"is_trial":false,"path_per_floor":["?","?","M","M","M","?"],"character_chosen":"DEFECT","items_purchased":["Reinforced Body","Chaos","Electrodynamics"],"campfire_rested":1,"item_purchase_floors":[19,19,21],"current_hp_per_floor":[68,57,57,57,50,50,13,35,35,31,28,28,31,31,31,30,64,43,43,31,31,31,31,0],"gold":0,"neow_bonus":"THREE_CARDS","is_prod":false,"is_daily":false,"chose_seed":false,"campfire_upgraded":3,"win_rate":0,"timestamp":1555166738,"path_taken":["M","?","?","M","M","R","E","R","T","?","M","?","E","?","R","BOSS","M","$","M","$","?","R","E"],"build_version":"2019-01-23","purchased_purges":2,"victory":false,"max_hp_per_floor":[75,75,75,75,75,75,75,75,75,75,75,75,75,75,75,75,75,75,75,75,75,75,75,75],"card_choices":[{"not_picked":["Compile Driver","Steam"],"picked":"White Noise","floor":0.0},{"not_picked":["Static Discharge","Consume"],"picked":"Sweeping Beam","floor":1},{"not_picked":["Steam","Beam Cell"],"picked":"Compile Driver","floor":4},{"not_picked":["Steam","Reprogram"],"picked":"BootSequence","floor":5},{"not_picked":["Fusion","Double Energy"],"picked":"Gash","floor":7},{"not_picked":["Beam Cell","Conserve Battery"],"picked":"Gash","floor":10},{"not_picked":["Conserve Battery","Aggregate"],"picked":"Cold Snap","floor":11},{"not_picked":["Rebound","Redo"],"picked":"Conserve Battery","floor":12},{"not_picked":["Sweeping Beam","Reboot","Streamline"],"picked":"SKIP","floor":13},{"not_picked":["Redo","Leap"],"picked":"Capacitor","floor":14},{"not_picked":["Reboot","Fission"],"picked":"Echo Form","floor":16},{"not_picked":["Conserve Battery","Streamline"],"picked":"Go for the Eyes","floor":18},{"not_picked":["Compile Driver","Steam Power"],"picked":"Skim+1","floor":20}],"player_experience":589909,"relics_obtained":[{"floor":7,"key":"Happy Flower"},{"floor":9,"key":"Omamori"},{"floor":13,"key":"Pantograph"}],"event_choices":[{"damage_healed":0,"gold_gain":75,"player_choice":"Gather Gold","damage_taken":11,"max_hp_gain":0,"max_hp_loss":0,"event_name":"World of Goop","floor":2,"gold_loss":0},{"damage_healed":0,"gold_gain":0,"player_choice":"Forge","damage_taken":0,"max_hp_gain":0,"max_hp_loss":0,"event_name":"Accursed Blacksmith","floor":3,"gold_loss":0,"cards_upgraded":["Zap"]},{"damage_healed":0,"gold_gain":0,"player_choice":"Paid Fearfully","damage_taken":0,"max_hp_gain":0,"max_hp_loss":0,"event_name":"Masked Bandits","floor":22,"gold_loss":36}],"is_beta":false,"boss_relics":[{"not_picked":["Snecko Eye","Nuclear Battery"],"picked":"Ectoplasm"}],"items_purged_floors":[19,21],"is_endless":false,"potions_floor_spawned":[1,7,11,12,13,16],"killed_by":"Slavers","ascension_level":9}