{"path_per_floor":["M","$","?","M","M","R","M","R","T","M","?","?","M","M","R","B",null,"M","M","M","$","$","R","?","M","T"],"character_chosen":"THE_SILENT","items_purchased":["Blur","Flechettes","Accuracy","Bouncing Flask","Infinite Blades"],"gold_per_floor":[115,0,0,11,25,25,41,41,91,102,102,102,121,133,133,234,234,251,263,283,95,22,22,22,35,35],"floor_reached":27,"campfire_rested":2,"playtime":1399,"current_hp_per_floor":[66,66,66,61,61,61,53,53,53,45,31,31,28,26,46,33,67,50,31,21,21,21,41,41,12,12],"items_purged":["Strike_G"],"gold":35,"score":207,"play_id":"49344b22-e01b-4e09-b6d6-d89aec7e399d","is_prod":false,"is_daily":false,"is_ascension_mode":false,"campfire_upgraded":0,"path_taken":["M","$","?","M","M","R","M","R","T","M","?","?","M","M","R","BOSS","M","M","M","?","$","R","?","M","T","M"],"build_version":"2018-02-15-PROD1","purchased_purges":1,"victory":false,"master_deck":["Defend_G","Defend_G","Defend_G","Defend_G","Defend_G","Strike_G","Strike_G","Strike_G","Strike_G+1","Survivor","Neutralize","Backflip","Blur","Cloak And Dagger","Envenom+1","Backflip","Poisoned Stab","Terror","Footwork","Corpse Explosion","Dagger Throw","Blur","Backstab","Flechettes","Accuracy","Bouncing Flask","Infinite Blades","Deadly Poison"],"max_hp_per_floor":[70,70,70,70,70,70,70,70,70,70,70,67,67,67,67,67,67,67,67,67,67,67,67,67,67,67],"relics":["Ring of the Snake","Shovel","Bottled Tornado","Toolbox","Bag of Preparation","Black Star","Frozen Egg 2","Sundial"],"card_choices":[{"not_picked":["Cloak And Dagger","Concentrate"],"picked":"Backflip"},{"not_picked":["Quick Slash","Dagger Spray"],"picked":"Cloak And Dagger"},{"not_picked":["Outmaneuver","Underhanded Strike"],"picked":"Envenom"},{"not_picked":["Reflex","Outmaneuver"],"picked":"Backflip"},{"not_picked":["Flying Knee","Acrobatics"],"picked":"Poisoned Stab"},{"not_picked":["Underhanded Strike","Bane"],"picked":"Terror"},{"not_picked":["Dash","Deflect"],"picked":"Footwork"},{"not_picked":["Phantasmal Killer","After Image"],"picked":"Corpse Explosion"},{"not_picked":["Caltrops","Sucker Punch"],"picked":"Dagger Throw"},{"not_picked":["Backflip","Caltrops"],"picked":"Blur"},{"not_picked":["Flying Knee","Malaise"],"picked":"Backstab"},{"not_picked":["Malaise","Expertise"],"picked":"Deadly Poison"}],"player_experience":138454,"potions_floor_usage":[16,19,20],"damage_taken":[{"damage":4,"enemies":"Small Slimes","floor":1,"turns":7},{"damage":5,"enemies":"Jaw Worm","floor":4,"turns":8},{"damage":0,"enemies":"2 Louse","floor":5,"turns":4},{"damage":8,"enemies":"Red Slaver","floor":7,"turns":6},{"damage":8,"enemies":"Exordium Wildlife","floor":10,"turns":9},{"damage":3,"enemies":"Lots of Slimes","floor":13,"turns":9},{"damage":2,"enemies":"Blue Slaver","floor":14,"turns":5},{"damage":13,"enemies":"The Guardian","floor":16,"turns":11},{"damage":17,"enemies":"Shell Parasite","floor":18,"turns":13},{"damage":19,"enemies":"Chosen","floor":19,"turns":7},{"damage":10,"enemies":"Centurion and Healer","floor":20,"turns":10},{"damage":29,"enemies":"Snake Plant","floor":25,"turns":5},{"damage":13,"enemies":"3 Cultists","floor":27,"turns":3}],"event_choices":[{"event_name":"The Cleric","player_choice":"Leave","floor":3,"damage_taken":0},{"event_name":"Shining Light","player_choice":"Entered Light","floor":11,"damage_taken":0},{"event_name":"Purifier","player_choice":"One Purge","floor":12,"damage_taken":0},{"event_name":"The Mausoleum","player_choice":"Yes","floor":24,"damage_taken":0}],"boss_relics":[{"not_picked":["Orrery","Question Card"],"picked":"Black Star"}],"potions_floor_spawned":[5,10,13,19,20],"seed_played":"-4447575464801710386","killed_by":"3 Cultists","ascension_level":0,"is_trial":false}