{"gold_per_floor":[112,112,124,44,64,95,105,131,131,165,13,13,13,32,32,106,106,121,121,36,52,66,66,96,96,96,106,140,150,150,163,163,239,239,255,24,24,39,59,59,75,75,102,127,127,155,155,155,155,155],"floor_reached":51,"playtime":4270,"items_purged":["Strike_R","Strike_R"],"score":1368,"play_id":"6c9ad689-b4c4-4229-9817-477834acfa0c","local_time":"20190409163848","is_ascension_mode":true,"campfire_choices":[{"floor":15,"key":"REST"},{"data":"Demon Form","floor":23,"key":"SMITH"},{"data":"Whirlwind","floor":25,"key":"SMITH"},{"data":"Uppercut","floor":30,"key":"SMITH"},{"data":"Inflame","floor":32,"key":"SMITH"},{"data":"Feel No Pain","floor":40,"key":"SMITH"},{"floor":42,"key":"REST"},{"data":"Ghostly","floor":45,"key":"SMITH"},{"data":"Strike_R","floor":47,"key":"PURGE"},{"data":"Strike_R","floor":49,"key":"PURGE"}],"neow_cost":"NONE","seed_source_timestamp":684282690305148,"circlet_count":0,"master_deck":["AscendersBane","Strike_R","Defend_R","Defend_R","Defend_R","Defend_R","Bash","Cleave","Hemokinesis","Shrug It Off","Wild Strike","Metallicize","Inflame+1","Heavy Blade","Flame Barrier","Bash","Combust","Demon Form+1","Flame Barrier","Ghostly+1","Ghostly","Ghostly","Ghostly","Ghostly","Corruption","Armaments","Bludgeon","Whirlwind+1","Uppercut+1","Reaper","Shockwave+1","Feel No Pain+1","Battle Trance+1"],"relics":["Burning Blood","Vajra","Pantograph","Mummified Hand","Bronze Scales","Snecko Eye","Ornamental Fan","Peace Pipe","Toxic Egg 2","Velvet Choker","FaceOfCleric","PreservedInsect","Self Forming Clay","Blood Vial"],"potions_floor_usage":[8,28,33,50,50],"damage_taken":[{"damage":7,"enemies":"Small Slimes","floor":1,"turns":4},{"damage":13,"enemies":"2 Louse","floor":3,"turns":3},{"damage":3,"enemies":"Cultist","floor":5,"turns":2},{"damage":15,"enemies":"3 Sentries","floor":6,"turns":10},{"damage":11,"enemies":"Blue Slaver","floor":7,"turns":4},{"damage":28,"enemies":"Lagavulin","floor":8,"turns":6},{"damage":9,"enemies":"3 Sentries","floor":10,"turns":7},{"damage":25,"enemies":"Exordium Wildlife","floor":14,"turns":3},{"damage":38,"enemies":"The Guardian","floor":16,"turns":10},{"damage":16,"enemies":"Shell Parasite","floor":18,"turns":4},{"damage":0,"enemies":"Chosen","floor":21,"turns":3},{"damage":1,"enemies":"Centurion and Healer","floor":22,"turns":5},{"damage":8,"enemies":"Gremlin Leader","floor":24,"turns":5},{"damage":24,"enemies":"Snake Plant","floor":27,"turns":4},{"damage":5,"enemies":"Slavers","floor":28,"turns":5},{"damage":8,"enemies":"Chosen and Byrds","floor":29,"turns":4},{"damage":2,"enemies":"3 Cultists","floor":31,"turns":3},{"damage":5,"enemies":"Automaton","floor":33,"turns":6},{"damage":2,"enemies":"3 Shapes","floor":35,"turns":4},{"damage":0,"enemies":"Orb Walker","floor":38,"turns":3},{"damage":13,"enemies":"Spire Growth","floor":39,"turns":4},{"damage":10,"enemies":"4 Shapes","floor":41,"turns":5},{"damage":3,"enemies":"Reptomancer","floor":44,"turns":4},{"damage":3,"enemies":"Giant Head","floor":46,"turns":5},{"damage":12,"enemies":"Donu and Deca","floor":50,"turns":6}],"seed_played":"-194229630142530462","potions_obtained":[{"floor":3,"key":"Poison Potion"},{"floor":6,"key":"Fire Potion"},{"floor":10,"key":"SteroidPotion"},{"floor":18,"key":"Regen Potion"},{"floor":28,"key":"FearPotion"}],"is_trial":false,"path_per_floor":["?","?","?","M","?","?","M","?"],"character_chosen":"IRONCLAD","items_purchased":["Hemokinesis","Flame Barrier","Corruption","Armaments","Shockwave+1","Dexterity Potion"],"campfire_rested":2,"item_purchase_floors":[4,11,20,20,36,36],"current_hp_per_floor":[74,74,67,67,70,61,56,34,34,31,31,31,31,12,36,29,69,59,41,41,41,41,41,39,39,39,21,34,32,32,36,36,41,41,41,41,41,42,36,36,33,44,44,45,45,46,46,46,46,41],"gold":155,"neow_bonus":"TEN_PERCENT_HP_BONUS","is_prod":false,"is_daily":false,"chose_seed":false,"campfire_upgraded":6,"win_rate":0,"timestamp":1554824328,"path_taken":["M","?","M","$","M","E","M","E","T","E","$","?","?","?","R","BOSS","M","?","$","M","M","R","E","R","T","M","E","M","R","M","R","BOSS","M","$","?","M","?","R","M","R","T","E","R","E","R","?","R","BOSS"],"build_version":"2019-01-23","purchased_purges":2,"victory":true,"max_hp_per_floor":[82,82,82,82,82,82,82,82,82,82,82,82,82,82,82,82,82,82,41,41,41,41,41,41,41,41,41,41,41,41,41,41,41,41,41,41,41,42,43,43,44,44,44,45,45,46,46,46,46,47],"card_choices":[{"not_picked":["Shrug It Off","Feel No Pain"],"picked":"Iron Wave","floor":1},{"not_picked":["Clash","Body Slam"],"picked":"Cleave","floor":3},{"not_picked":["Perfected Strike","Clash"],"picked":"Shrug It Off","floor":5},{"not_picked":["Havoc","Iron Wave"],"picked":"Wild Strike","floor":6},{"not_picked":["Sever Soul","Anger"],"picked":"Metallicize","floor":7},{"not_picked":["Hemokinesis","Sword Boomerang"],"picked":"Inflame","floor":8},{"not_picked":["Whirlwind","Dark Embrace"],"picked":"Heavy Blade","floor":10},{"not_picked":["Cleave","Dropkick","Body Slam"],"picked":"SKIP","floor":14},{"not_picked":["Impervious","Fiend Fire"],"picked":"Demon Form","floor":16},{"not_picked":["Thunderclap","Inflame"],"picked":"Flame Barrier","floor":18},{"not_picked":["Wild Strike","Iron Wave+1","True Grit"],"picked":"SKIP","floor":21},{"not_picked":["True Grit+1","Shrug It Off"],"picked":"Bludgeon","floor":22},{"not_picked":["Pommel Strike","Rupture"],"picked":"Whirlwind","floor":24},{"not_picked":["Flame Barrier","Pummel","Flex"],"picked":"SKIP","floor":27},{"not_picked":["Impervious","Flex"],"picked":"Uppercut","floor":28},{"not_picked":["Perfected Strike","Carnage","Heavy Blade"],"picked":"SKIP","floor":29},{"not_picked":["Body Slam","Whirlwind","Twin Strike"],"picked":"SKIP","floor":31},{"not_picked":["Offering+1","Barricade"],"picked":"Reaper","floor":33},{"not_picked":["Sever Soul+1","Heavy Blade","Havoc+1"],"picked":"SKIP","floor":35},{"not_picked":["Sever Soul","Dropkick"],"picked":"Feel No Pain","floor":38},{"not_picked":["True Grit+1","Carnage"],"picked":"Battle Trance+1","floor":39},{"not_picked":["Clash","True Grit+1","Rage+1"],"picked":"SKIP","floor":41},{"not_picked":["Entrench+1","Body Slam","Sentinel+1"],"picked":"SKIP","floor":44},{"not_picked":["Battle Trance+1","Whirlwind","Iron Wave"],"picked":"SKIP","floor":46}],"player_experience":532665,"relics_obtained":[{"floor":6,"key":"Vajra"},{"floor":8,"key":"Pantograph"},{"floor":9,"key":"Mummified Hand"},{"floor":10,"key":"Bronze Scales"},{"floor":24,"key":"Ornamental Fan"},{"floor":26,"key":"Peace Pipe"},{"floor":28,"key":"Toxic Egg 2"},{"floor":43,"key":"PreservedInsect"},{"floor":44,"key":"Self Forming Clay"},{"floor":46,"key":"Blood Vial"}],"event_choices":[{"damage_healed":0,"gold_gain":0,"player_choice":"Ignored","damage_taken":0,"max_hp_gain":0,"max_hp_loss":0,"event_name":"Golden Wing","floor":2,"gold_loss":0},{"damage_healed":0,"gold_gain":0,"player_choice":"Searched \u00270\u0027 times","damage_taken":0,"max_hp_gain":0,"max_hp_loss":0,"event_name":"Dead Adventurer","floor":12,"gold_loss":0},{"damage_healed":0,"gold_gain":0,"player_choice":"2 cards matched","damage_taken":0,"max_hp_gain":0,"max_hp_loss":0,"event_name":"Match and Keep!","floor":13,"gold_loss":0,"cards_obtained":["Bash","Combust"]},{"damage_healed":0,"gold_gain":0,"player_choice":"Became a Ghost","damage_taken":0,"max_hp_gain":0,"max_hp_loss":41,"event_name":"Ghosts","floor":19,"gold_loss":0,"cards_obtained":["Ghostly","Ghostly","Ghostly","Ghostly","Ghostly"]},{"damage_healed":0,"gold_gain":0,"player_choice":"Trade","damage_taken":0,"relics_obtained":["FaceOfCleric"],"max_hp_gain":0,"max_hp_loss":0,"event_name":"FaceTrader","floor":37,"gold_loss":0},{"cards_removed":["Iron Wave"],"damage_healed":0,"gold_gain":0,"player_choice":"Removed Attack","damage_taken":0,"max_hp_gain":0,"max_hp_loss":0,"event_name":"Falling","floor":48,"gold_loss":0}],"is_beta":false,"boss_relics":[{"not_picked":["White Beast Statue","Philosopher\u0027s Stone"],"picked":"Snecko Eye"},{"not_picked":["Lizard Tail","Calling Bell"],"picked":"Velvet Choker"}],"items_purged_floors":[11,36],"is_endless":false,"potions_floor_spawned":[3,6,10,16,18,21,28,29,44],"ascension_level":14}