{"gold_per_floor":[118,293,145,157,157,192,192,215,241,241,254,254,254,50,50,180,180,193,212,233,253,1,35,35,58,58,82,82,20,33,57,57,182,182,202,202,226,241,256,256],"floor_reached":40,"playtime":6880,"items_purged":["Doubt","Strike_R"],"score":565,"play_id":"e2c35036-3af3-480c-868a-8a64ba7a36c5","local_time":"20190323061858","is_ascension_mode":true,"campfire_choices":[{"data":"Clothesline","floor":7,"key":"SMITH"},{"data":"Armaments","floor":10,"key":"SMITH"},{"data":"Disarm","floor":13,"key":"SMITH"},{"floor":15,"key":"REST"},{"data":"Shockwave","floor":28,"key":"SMITH"},{"data":"Metallicize","floor":32,"key":"SMITH"}],"neow_cost":"NONE","seed_source_timestamp":255922778960851,"circlet_count":0,"master_deck":["Strike_R","Strike_R","Strike_R","Strike_R","Defend_R","Defend_R","Defend_R","Defend_R","Bash","Wild Strike","Clothesline+1","Anger","Carnage","Armaments+1","Disarm+1","Exhume","Iron Wave","Deep Breath","Spot Weakness","Shockwave+1","Feed","Metallicize+1","True Grit","True Grit","Shrug It Off","Reaper","Impervious","Inflame+1","Corruption"],"relics":["Burning Blood","Dream Catcher","Golden Idol","Bag of Preparation","Regal Pillow","Sozu","Vajra","Gremlin Horn","Letter Opener","Mango","Velvet Choker"],"potions_floor_usage":[11,16,23],"damage_taken":[{"damage":6,"enemies":"Cultist","floor":1,"turns":4},{"damage":7,"enemies":"Small Slimes","floor":4,"turns":3},{"damage":48,"enemies":"Lagavulin","floor":6,"turns":8},{"damage":4,"enemies":"Jaw Worm","floor":8,"turns":2},{"damage":13,"enemies":"Lots of Slimes","floor":11,"turns":4},{"damage":15,"enemies":"The Guardian","floor":16,"turns":12},{"damage":3,"enemies":"Chosen","floor":18,"turns":3},{"damage":14,"enemies":"3 Byrds","floor":19,"turns":6},{"damage":8,"enemies":"Snake Plant","floor":20,"turns":5},{"damage":5,"enemies":"Chosen and Byrds","floor":21,"turns":6},{"damage":46,"enemies":"Slavers","floor":23,"turns":6},{"damage":6,"enemies":"Centurion and Healer","floor":25,"turns":7},{"damage":6,"enemies":"Cultist and Chosen","floor":27,"turns":8},{"damage":15,"enemies":"Shelled Parasite and Fungi","floor":30,"turns":6},{"damage":4,"enemies":"Chosen and Byrds","floor":31,"turns":8},{"damage":84,"enemies":"Automaton","floor":33,"turns":12},{"damage":14,"enemies":"Orb Walker","floor":35,"turns":3},{"damage":0,"enemies":"3 Darklings","floor":37,"turns":6},{"damage":36,"enemies":"Maw","floor":38,"turns":7},{"damage":19,"enemies":"Jaw Worm Horde","floor":39,"turns":6},{"damage":117,"enemies":"Reptomancer","floor":40,"turns":6}],"seed_played":"8201102186096647973","potions_obtained":[{"floor":8,"key":"SteroidPotion"}],"is_trial":false,"path_per_floor":["?","?","?","M","?","M","?","?"],"character_chosen":"IRONCLAD","items_purchased":["Clothesline","Headbutt","Spot Weakness","EssenceOfSteel","Block Potion","Vajra"],"campfire_rested":1,"item_purchase_floors":[3,3,14,14,14,22],"current_hp_per_floor":[80,80,80,79,74,32,32,34,34,34,27,27,27,27,64,55,69,75,70,71,78,78,41,46,52,52,55,55,69,64,82,82,18,98,90,90,111,96,110,0],"gold":256,"neow_bonus":"RANDOM_COMMON_RELIC","is_prod":false,"is_daily":false,"chose_seed":false,"campfire_upgraded":5,"win_rate":0,"timestamp":1553321938,"path_taken":["M","?","$","M","?","E","R","M","T","R","M","?","R","$","R","BOSS","M","M","?","M","$","E","?","M","T","?","R","?","M","M","R","BOSS","M","?","M","M","M","E"],"build_version":"2019-01-23","purchased_purges":2,"victory":false,"max_hp_per_floor":[80,80,80,80,74,74,74,74,74,74,74,74,74,74,74,74,74,77,80,83,89,89,92,92,98,98,101,101,115,119,125,125,125,125,125,125,125,128,131,131],"card_choices":[{"not_picked":["True Grit","Dual Wield"],"picked":"Wild Strike","floor":1},{"not_picked":["True Grit","Havoc"],"picked":"Anger","floor":4},{"not_picked":["Sever Soul","Combust"],"picked":"Carnage","floor":6},{"not_picked":["Power Through","Twin Strike"],"picked":"Armaments","floor":8},{"not_picked":["Reckless Charge","Headbutt"],"picked":"Disarm","floor":11},{"not_picked":["Headbutt","Iron Wave"],"picked":"Shockwave","floor":15},{"not_picked":["Dark Embrace","Demon Form"],"picked":"Feed","floor":16},{"not_picked":["Shockwave","Anger"],"picked":"Metallicize","floor":18},{"not_picked":["Anger","Heavy Blade","Disarm"],"picked":"SKIP","floor":19},{"not_picked":["Pommel Strike","Spot Weakness"],"picked":"True Grit","floor":20},{"not_picked":["Blood for Blood+1","Iron Wave","Clash"],"picked":"SKIP","floor":21},{"not_picked":["Cleave+1","Power Through+1"],"picked":"True Grit","floor":23},{"not_picked":["Armaments","Havoc"],"picked":"Shrug It Off","floor":25},{"not_picked":["Heavy Blade","Cleave+1"],"picked":"Reaper","floor":27},{"not_picked":["Sword Boomerang+1","Clothesline","Sever Soul"],"picked":"SKIP","floor":30},{"not_picked":["Sever Soul","Clothesline","Offering"],"picked":"SKIP","floor":31},{"not_picked":["Exhume","Offering"],"picked":"Impervious","floor":33},{"not_picked":["Shrug It Off","Clash+1"],"picked":"Inflame+1","floor":35},{"not_picked":["Warcry","Spot Weakness"],"picked":"Corruption","floor":37},{"not_picked":["Anger+1","Rage+1","Searing Blow+1"],"picked":"SKIP","floor":38},{"not_picked":["Twin Strike+1","Anger+1","Flex"],"picked":"SKIP","floor":39}],"player_experience":315086,"relics_obtained":[{"floor":6,"key":"Bag of Preparation"},{"floor":9,"key":"Regal Pillow"},{"floor":23,"key":"Gremlin Horn"},{"floor":26,"key":"Letter Opener"}],"event_choices":[{"damage_healed":0,"gold_gain":175,"player_choice":"AGREE","damage_taken":0,"max_hp_gain":0,"max_hp_loss":0,"event_name":"Liars Game","floor":2,"gold_loss":0,"cards_obtained":["Doubt"]},{"damage_healed":0,"gold_gain":0,"player_choice":"Lose Max HP","damage_taken":0,"relics_obtained":["Golden Idol"],"max_hp_gain":0,"max_hp_loss":6,"event_name":"Golden Idol","floor":5,"gold_loss":0},{"damage_healed":0,"gold_gain":0,"player_choice":"3 cards matched","damage_taken":0,"max_hp_gain":0,"max_hp_loss":0,"event_name":"Match and Keep!","floor":12,"gold_loss":0,"cards_obtained":["Exhume","Iron Wave","Deep Breath"]},{"cards_removed":["Headbutt"],"damage_healed":5,"gold_gain":0,"player_choice":"Offered Common","damage_taken":0,"max_hp_gain":0,"max_hp_loss":0,"event_name":"Bonfire Elementals","floor":24,"gold_loss":0},{"cards_removed":["Headbutt"],"damage_healed":5,"gold_gain":0,"player_choice":"Offered Special","damage_taken":0,"max_hp_gain":0,"max_hp_loss":0,"event_name":"Bonfire Elementals","floor":24,"gold_loss":0},{"damage_healed":0,"gold_gain":0,"player_choice":"Paid Gold","damage_taken":0,"relics_obtained":["Mango"],"max_hp_gain":0,"max_hp_loss":0,"event_name":"WeMeetAgain","floor":29,"gold_loss":62},{"damage_healed":0,"gold_gain":0,"player_choice":"Ignored","damage_taken":0,"max_hp_gain":0,"max_hp_loss":0,"event_name":"Tomb of Lord Red Mask","floor":36,"gold_loss":0}],"is_beta":false,"boss_relics":[{"not_picked":["Empty Cage","Black Blood"],"picked":"Sozu"},{"not_picked":["Runic Cube","Coffee Dripper"],"picked":"Velvet Choker"}],"items_purged_floors":[3,22],"is_endless":false,"potions_floor_spawned":[8,19,21,23,30,33,35,39],"killed_by":"Reptomancer","ascension_level":5}