{"gold_per_floor":[15,15,15,30,30,30,54,72,95,115,65,26,49,49,49,49],"floor_reached":16,"playtime":1243,"items_purged":[],"score":92,"play_id":"0d815a99-df14-42f4-95c8-5a95ca3d223b","local_time":"20190301190045","is_ascension_mode":false,"campfire_choices":[{"data":"Zap","floor":6,"key":"SMITH"},{"data":"Fusion","floor":15,"key":"SMITH"}],"neow_cost":"NO_GOLD","seed_source_timestamp":270534401336870,"circlet_count":0,"master_deck":["Strike_B","Strike_B","Defend_B","Defend_B","Defend_B","Zap+1","Dualcast","Static Discharge+1","Cold Snap","Compile Driver","Glacier","Loop","Self Repair","Fusion+1"],"relics":["Cracked Core","Golden Idol","Potion Belt","Matryoshka"],"potions_floor_usage":[],"damage_taken":[{"damage":0,"enemies":"Small Slimes","floor":1,"turns":3},{"damage":6,"enemies":"Jaw Worm","floor":4,"turns":2},{"damage":0,"enemies":"2 Louse","floor":7,"turns":3},{"damage":8,"enemies":"Looter","floor":8,"turns":3},{"damage":2,"enemies":"Blue Slaver","floor":10,"turns":3},{"damage":1,"enemies":"Large Slime","floor":13,"turns":5},{"damage":47,"enemies":"The Guardian","floor":16,"turns":12}],"seed_played":"4583331375667027143","potions_obtained":[{"floor":7,"key":"FocusPotion"},{"floor":8,"key":"Dexterity Potion"}],"is_trial":false,"path_per_floor":["?","?","?","T"],"character_chosen":"DEFECT","items_purchased":["Self Repair"],"campfire_rested":0,"item_purchase_floors":[12],"current_hp_per_floor":[75,75,57,51,51,51,51,43,43,41,41,41,47,47,47,0],"gold":49,"neow_bonus":"REMOVE_TWO","is_prod":false,"is_daily":false,"chose_seed":false,"campfire_upgraded":2,"win_rate":0.0,"timestamp":1551466845,"path_taken":["M","?","?","M","$","R","M","M","T","M","?","$","M","?","R","BOSS"],"build_version":"2019-01-23","purchased_purges":0,"victory":false,"max_hp_per_floor":[75,75,75,75,75,75,75,75,75,75,75,75,75,75,75,75],"card_choices":[{"not_picked":["Sweeping Beam","Compile Driver"],"picked":"Static Discharge","floor":1},{"not_picked":["Stack","Heatsinks"],"picked":"Cold Snap","floor":4},{"not_picked":["Defragment","Reinforced Body"],"picked":"Compile Driver","floor":7},{"not_picked":["Streamline","White Noise"],"picked":"Glacier","floor":8},{"not_picked":["Gash","Tempest"],"picked":"Loop","floor":10},{"not_picked":["Streamline","Force Field"],"picked":"Fusion","floor":13}],"player_experience":49453,"relics_obtained":[{"floor":9,"key":"Potion Belt"},{"floor":14,"key":"Matryoshka"}],"event_choices":[{"damage_healed":0,"gold_gain":0,"player_choice":"Grow","damage_taken":0,"max_hp_gain":0,"max_hp_loss":0,"event_name":"Living Wall","floor":2,"gold_loss":0,"cards_upgraded":["Static Discharge"]},{"damage_healed":0,"gold_gain":0,"player_choice":"Take Damage","damage_taken":18,"relics_obtained":["Golden Idol"],"max_hp_gain":0,"max_hp_loss":0,"event_name":"Golden Idol","floor":3,"gold_loss":0},{"cards_removed":["Strike_B"],"damage_healed":0,"gold_gain":0,"player_choice":"Card Removal","damage_taken":0,"max_hp_gain":0,"max_hp_loss":0,"event_name":"The Cleric","floor":11,"gold_loss":50}],"is_beta":false,"boss_relics":[],"items_purged_floors":[],"is_endless":false,"potions_floor_spawned":[7,8],"killed_by":"The Guardian","ascension_level":0}