{"gold_per_floor":[118,19,39,53,72,72,107,124,124,139,158,158,189,205,205,283,283,295,295,309,309,329,329,341,26,26,26,76,87,87,114,114,114],"floor_reached":33,"playtime":1613,"items_purged":["Strike_R"],"score":517,"play_id":"e4bd1f62-5a8a-43d1-9912-4077f1dee445","local_time":"20190419143302","is_ascension_mode":true,"campfire_choices":[{"data":"Fiend Fire","floor":6.0,"key":"SMITH"},{"data":"Armaments","floor":15.0,"key":"SMITH"},{"data":"Infernal Blade","floor":23,"key":"SMITH"},{"data":"Metallicize","floor":27,"key":"SMITH"},{"data":"Flame Barrier","floor":30,"key":"SMITH"},{"floor":32,"key":"REST"}],"neow_cost":"NONE","seed_source_timestamp":204279269510126,"circlet_count":0,"master_deck":["AscendersBane","Strike_R","Strike_R","Defend_R","Defend_R","Defend_R","Defend_R","Bash","Fiend Fire+1","Power Through","Inflame","Twin Strike","Infernal Blade+1","Disarm","Carnage","Clothesline","Metallicize+1","Shrug It Off","Feed","Armaments+1","Offering","Flame Barrier+1","Offering"],"special_seed":0,"relics":["Burning Blood","Darkstone Periapt","Juzu Bracelet","Anchor","Philosopher\u0027s Stone","Ornamental Fan","Pear","Blue Candle"],"potions_floor_usage":[31,31],"damage_taken":[{"damage":10.0,"enemies":"Small Slimes","floor":1.0,"turns":4.0},{"damage":0.0,"enemies":"Jaw Worm","floor":3.0,"turns":3.0},{"damage":0.0,"enemies":"2 Louse","floor":4.0,"turns":1.0},{"damage":12.0,"enemies":"Looter","floor":5.0,"turns":3.0},{"damage":21.0,"enemies":"Lagavulin","floor":7.0,"turns":6.0},{"damage":0.0,"enemies":"2 Fungi Beasts","floor":8.0,"turns":4.0},{"damage":0.0,"enemies":"Large Slime","floor":10.0,"turns":5.0},{"damage":21.0,"enemies":"Lots of Slimes","floor":11.0,"turns":5.0},{"damage":21.0,"enemies":"3 Sentries","floor":13.0,"turns":11.0},{"damage":1.0,"enemies":"Looter","floor":14.0,"turns":4.0},{"damage":17.0,"enemies":"The Guardian","floor":16.0,"turns":12.0},{"damage":31,"enemies":"3 Byrds","floor":18,"turns":5},{"damage":18,"enemies":"Shell Parasite","floor":20,"turns":3},{"damage":8,"enemies":"Snecko","floor":22,"turns":4},{"damage":13,"enemies":"3 Cultists","floor":24,"turns":5},{"damage":9,"enemies":"Snake Plant","floor":29,"turns":5},{"damage":20,"enemies":"Book of Stabbing","floor":31,"turns":5},{"damage":83,"enemies":"Collector","floor":33,"turns":16}],"seed_played":"3813749445340732455","potions_obtained":[{"floor":1.0,"key":"Regen Potion"},{"floor":3.0,"key":"Regen Potion"},{"floor":18,"key":"Poison Potion"}],"is_trial":false,"path_per_floor":["M","$","M","M","M","R","E","M","T","M","M","?","E","M","R","B",null,"M","?","M","?","M","R","M","$","T","R","?","M","R","E","R","B"],"character_chosen":"IRONCLAD","items_purchased":["Inflame","Twin Strike","Ornamental Fan"],"campfire_rested":1,"item_purchase_floors":[2,2,25],"current_hp_per_floor":[64,64,70,75,69,69,54,60,60,66,51,44,44,49,49,38,66,44,44,32,32,30,30,26,26,36,36,36,36,36,40,69,0],"gold":114,"neow_bonus":"ONE_RANDOM_RARE_CARD","is_prod":false,"is_daily":false,"chose_seed":false,"campfire_upgraded":5,"win_rate":0,"timestamp":1555709582,"path_taken":["M","$","M","M","M","R","E","M","T","M","M","?","E","M","R","BOSS","M","?","M","?","M","R","M","$","T","R","?","M","R","E","R","BOSS"],"build_version":"2019-01-23","purchased_purges":1,"victory":false,"max_hp_per_floor":[75,75,75,75,75,75,75,75,75,75,75,75,75,75,75,75,75,78,78,78,78,78,78,81,81,91,91,91,94,94,98,98,98],"card_choices":[{"not_picked":["Entrench","Heavy Blade"],"picked":"Power Through","floor":1.0},{"not_picked":["Cleave","Flex"],"picked":"Infernal Blade","floor":3.0},{"not_picked":["Wild Strike","Havoc","Cleave"],"picked":"SKIP","floor":4.0},{"not_picked":["Anger","Hemokinesis"],"picked":"Disarm","floor":5.0},{"not_picked":["Bludgeon","Intimidate"],"picked":"Carnage","floor":7.0},{"not_picked":["Warcry","Clash"],"picked":"Clothesline","floor":8.0},{"not_picked":["Clothesline","Wild Strike"],"picked":"Metallicize","floor":10.0},{"not_picked":["Thunderclap","Clash"],"picked":"Shrug It Off","floor":11.0},{"not_picked":["Inflame","Body Slam"],"picked":"Feed","floor":13.0},{"not_picked":["Anger","Sever Soul"],"picked":"Armaments","floor":14.0},{"not_picked":["Bludgeon","Impervious"],"picked":"Offering","floor":16.0},{"not_picked":["Thunderclap","Havoc","Perfected Strike"],"picked":"SKIP","floor":18},{"not_picked":["Burning Pact","Armaments","Rage"],"picked":"SKIP","floor":20},{"not_picked":["Clothesline","Carnage","Wild Strike"],"picked":"SKIP","floor":22},{"not_picked":["Clothesline","Carnage","Wild Strike"],"picked":"SKIP","floor":22},{"not_picked":["Twin Strike","Flex","Sever Soul+1"],"picked":"SKIP","floor":24},{"not_picked":["Anger","Evolve"],"picked":"Flame Barrier","floor":29},{"not_picked":["Rage","Pummel"],"picked":"Offering","floor":31}],"player_experience":210176,"relics_obtained":[{"floor":7.0,"key":"Darkstone Periapt"},{"floor":9.0,"key":"Juzu Bracelet"},{"floor":13.0,"key":"Anchor"},{"floor":26,"key":"Pear"},{"floor":31,"key":"Blue Candle"}],"event_choices":[{"cards_removed":["Strike_R"],"damage_healed":0.0,"max_hp_gain":0.0,"max_hp_loss":0.0,"gold_gain":0.0,"event_name":"Golden Wing","player_choice":"Card Removal","floor":12.0,"gold_loss":0.0,"damage_taken":7.0},{"damage_healed":0,"gold_gain":0,"player_choice":"Ignored","damage_taken":0,"max_hp_gain":0,"max_hp_loss":0,"event_name":"Ghosts","floor":19,"gold_loss":0},{"cards_removed":["Strike_R"],"damage_healed":0,"gold_gain":0,"player_choice":"Elegance","damage_taken":0,"max_hp_gain":0,"max_hp_loss":0,"event_name":"Back to Basics","floor":21,"gold_loss":0},{"damage_healed":0,"gold_gain":50,"player_choice":"Stole From Cult","damage_taken":0,"max_hp_gain":0,"max_hp_loss":0,"event_name":"Nest","floor":28,"gold_loss":0}],"is_beta":false,"boss_relics":[{"not_picked":["White Beast Statue","Runic Pyramid"],"picked":"Philosopher\u0027s Stone"}],"items_purged_floors":[25],"is_endless":false,"potions_floor_spawned":[1,3,4,10,11,18,22,24],"killed_by":"Collector","ascension_level":15}