{"gold_per_floor":[117,133,133,133,10,42,42,72,95,95,106,106,163,181,181,278,278,288,58,71,71,86,120,120,137,137,152,182,15,41,54,54,154,154,173,173,184,184,204,231,231,241,241,241,269,281,281,35,35,35],"floor_reached":51,"playtime":7580,"items_purged":["Strike_R","Strike_R"],"score":1040,"play_id":"0f3c046b-6bb2-475a-9b20-a823fdd766b6","local_time":"20190329231510","is_ascension_mode":true,"campfire_choices":[{"floor":7,"key":"REST"},{"data":"Feed","floor":10,"key":"SMITH"},{"floor":12,"key":"REST"},{"data":"Dark Embrace","floor":15,"key":"SMITH"},{"data":"Flame Barrier","floor":24,"key":"SMITH"},{"data":"Whirlwind","floor":32,"key":"SMITH"},{"floor":41,"key":"REST"},{"floor":44,"key":"REST"},{"floor":47,"key":"REST"},{"data":"Fiend Fire","floor":49,"key":"SMITH"}],"neow_cost":"NONE","seed_source_timestamp":24487405439178,"circlet_count":0,"master_deck":["Strike_R","Strike_R","Defend_R","Defend_R","Defend_R","Defend_R","Bash+1","True Grit","Pommel Strike","Anger","Spot Weakness","Feed+1","Dark Embrace+1","Warcry","Shrug It Off","Intimidate","True Grit","Fiend Fire","Metallicize","Flame Barrier+1","Armaments","Uppercut+1","Spot Weakness","Whirlwind+1","Impervious","Inflame+1","Warcry","Shockwave+1","Impervious","Havoc+1","True Grit+1","Shrug It Off+1","Intimidate+1","Disarm","Iron Wave+1","Fiend Fire+1","Corruption+1"],"relics":["Burning Blood","Happy Flower","Question Card","Dead Branch","Dream Catcher","Boot","Tiny Chest","Sozu","Bag of Preparation","Omamori","Prayer Wheel","Smiling Mask","Strawberry","Eternal Feather","Potion Belt","Frozen Egg 2","Centennial Puzzle","Mummified Hand"],"potions_floor_usage":[16,18,23,45],"damage_taken":[{"damage":6,"enemies":"Cultist","floor":1,"turns":4},{"damage":5,"enemies":"2 Louse","floor":2,"turns":4},{"damage":47,"enemies":"Lagavulin","floor":6,"turns":7},{"damage":18,"enemies":"Gremlin Nob","floor":8,"turns":4},{"damage":7,"enemies":"Jaw Worm","floor":11,"turns":2},{"damage":28,"enemies":"Lagavulin","floor":13,"turns":6},{"damage":15,"enemies":"Exordium Thugs","floor":14,"turns":5},{"damage":38,"enemies":"The Guardian","floor":16,"turns":14},{"damage":13,"enemies":"2 Thieves","floor":18,"turns":4},{"damage":14,"enemies":"Spheric Guardian","floor":20,"turns":4},{"damage":5,"enemies":"3 Cultists","floor":22,"turns":5},{"damage":10,"enemies":"Gremlin Leader","floor":23,"turns":5},{"damage":4,"enemies":"Cultist and Chosen","floor":25,"turns":5},{"damage":9,"enemies":"Centurion and Healer","floor":27,"turns":8},{"damage":12,"enemies":"Book of Stabbing","floor":28,"turns":5},{"damage":0,"enemies":"Snake Plant","floor":31,"turns":4},{"damage":44,"enemies":"Automaton","floor":33,"turns":9},{"damage":8,"enemies":"3 Shapes","floor":35,"turns":7},{"damage":6,"enemies":"Orb Walker","floor":37,"turns":3},{"damage":39,"enemies":"Transient","floor":39,"turns":5},{"damage":49,"enemies":"Nemesis","floor":40,"turns":11},{"damage":24,"enemies":"3 Darklings","floor":42,"turns":8},{"damage":61,"enemies":"Reptomancer","floor":45,"turns":8},{"damage":0,"enemies":"Jaw Worm Horde","floor":46,"turns":2},{"damage":63,"enemies":"Awakened One","floor":50,"turns":9}],"seed_played":"4266140642732230778","potions_obtained":[{"floor":2,"key":"LiquidBronze"},{"floor":11,"key":"LiquidBronze"},{"floor":13,"key":"BloodPotion"},{"floor":14,"key":"SpeedPotion"},{"floor":16,"key":"SkillPotion"}],"is_trial":false,"path_per_floor":["T","?","?","T","?","M","?","M"],"character_chosen":"IRONCLAD","items_purchased":["Anger","Spot Weakness","Bag of Preparation","Inflame","Warcry","Mummified Hand"],"campfire_rested":5,"item_purchase_floors":[5,5,19,29,29,48],"current_hp_per_floor":[72,73,73,73,73,32,56,44,44,44,47,72,54,49,49,26,76,69,69,65,65,66,62,62,68,68,69,63,63,70,76,76,38,93,95,95,95,95,62,19,71,53,53,105,50,56,111,111,115,58],"gold":35,"neow_bonus":"RANDOM_COMMON_RELIC","is_prod":false,"is_daily":false,"chose_seed":false,"campfire_upgraded":5,"win_rate":0,"timestamp":1553901310,"path_taken":["M","M","?","?","$","E","R","E","T","R","M","R","E","M","R","BOSS","M","$","M","?","M","E","R","M","T","M","E","$","?","M","R","BOSS","M","?","?","?","M","E","R","M","T","R","E","?","R","$","R","BOSS"],"build_version":"2019-01-23","purchased_purges":2,"victory":true,"max_hp_per_floor":[80,80,80,80,80,80,80,80,80,80,84,84,88,92,92,92,92,92,92,96,96,96,96,96,100,100,104,104,104,111,111,111,111,111,115,115,115,115,115,115,115,115,115,115,115,115,115,115,115,115],"card_choices":[{"not_picked":["Thunderclap","Pummel"],"picked":"True Grit","floor":1},{"not_picked":["Hemokinesis","Fire Breathing"],"picked":"Pommel Strike","floor":2},{"not_picked":["Whirlwind","Inflame","True Grit"],"picked":"Feed","floor":6},{"not_picked":["Evolve","Heavy Blade","Sword Boomerang"],"picked":"Dark Embrace","floor":8},{"not_picked":["Whirlwind","Spot Weakness","Flex"],"picked":"Warcry","floor":11},{"not_picked":["Metallicize","Perfected Strike","Evolve"],"picked":"Shrug It Off","floor":12},{"not_picked":["Perfected Strike","Flex","Entrench"],"picked":"Intimidate","floor":13},{"not_picked":["Iron Wave","Anger","Shrug It Off"],"picked":"True Grit","floor":14},{"not_picked":["Impervious","Juggernaut","Feed"],"picked":"Fiend Fire","floor":16},{"not_picked":["Pummel","Armaments","Power Through+1"],"picked":"Metallicize","floor":18},{"not_picked":["Perfected Strike","Flex","Fire Breathing+1"],"picked":"Flame Barrier","floor":20},{"not_picked":["Whirlwind","Seeing Red+1","Body Slam+1"],"picked":"Armaments","floor":22},{"not_picked":["Headbutt","Clash","Sword Boomerang+1"],"picked":"Uppercut+1","floor":23},{"not_picked":["Power Through+1","Flex","Headbutt"],"picked":"Spot Weakness","floor":25},{"not_picked":["Power Through","Havoc","Searing Blow+1"],"picked":"Whirlwind","floor":27},{"not_picked":["Infernal Blade+1","Rage+1","Flex","Perfected Strike"],"picked":"SKIP","floor":27},{"not_picked":["Bloodletting","Pommel Strike","Iron Wave"],"picked":"Impervious","floor":28},{"not_picked":["Metallicize","Wild Strike","Sever Soul"],"picked":"Shockwave+1","floor":31},{"not_picked":["Perfected Strike","Battle Trance+1","Twin Strike+1","Anger"],"picked":"SKIP","floor":31},{"not_picked":["Berserk","Offering","Immolate"],"picked":"Impervious","floor":33},{"not_picked":["Seeing Red","Anger+1","Iron Wave+1"],"picked":"Havoc+1","floor":35},{"not_picked":["Clash","Perfected Strike+1","Uppercut","Shrug It Off+1"],"picked":"SKIP","floor":35},{"not_picked":["Body Slam","Wild Strike","Offering"],"picked":"True Grit+1","floor":37},{"not_picked":["Iron Wave+1","Hemokinesis+1","Immolate","Twin Strike+1"],"picked":"SKIP","floor":37},{"not_picked":["Reckless Charge","Cleave+1","Iron Wave"],"picked":"Shrug It Off+1","floor":39},{"not_picked":["Armaments","Clash+1","Cleave+1"],"picked":"Intimidate+1","floor":39},{"not_picked":["Twin Strike","Sever Soul+1","Rampage","Shrug It Off+1"],"picked":"SKIP","floor":40},{"not_picked":["Intimidate","Thunderclap","Headbutt"],"picked":"Disarm","floor":41},{"not_picked":["Searing Blow+1","Clash","Perfected Strike+1","True Grit+1"],"picked":"SKIP","floor":42},{"not_picked":["Flex+1","Entrench+1","Anger+1","Twin Strike"],"picked":"SKIP","floor":42},{"not_picked":["Flex+1","Bloodletting+1","Thunderclap"],"picked":"Iron Wave+1","floor":44},{"not_picked":["Havoc","Thunderclap","Clash+1"],"picked":"Fiend Fire","floor":45},{"not_picked":["Uppercut","Sword Boomerang","True Grit+1"],"picked":"Corruption+1","floor":46},{"not_picked":["Clothesline+1","Infernal Blade","Cleave+1","Clash"],"picked":"SKIP","floor":46}],"player_experience":372321,"relics_obtained":[{"floor":3,"key":"Question Card"},{"floor":6,"key":"Dead Branch"},{"floor":8,"key":"Dream Catcher"},{"floor":9,"key":"Boot"},{"floor":13,"key":"Tiny Chest"},{"floor":23,"key":"Omamori"},{"floor":26,"key":"Prayer Wheel"},{"floor":28,"key":"Smiling Mask"},{"floor":30,"key":"Strawberry"},{"floor":40,"key":"Potion Belt"},{"floor":43,"key":"Frozen Egg 2"},{"floor":45,"key":"Centennial Puzzle"}],"event_choices":[{"damage_healed":0,"gold_gain":0,"player_choice":"Grow","damage_taken":0,"max_hp_gain":0,"max_hp_loss":0,"event_name":"Living Wall","floor":4,"gold_loss":0,"cards_upgraded":["Bash"]},{"cards_removed":["Strike_R"],"damage_healed":0,"gold_gain":0,"player_choice":"Purged","damage_taken":0,"max_hp_gain":0,"max_hp_loss":0,"event_name":"Purifier","floor":21,"gold_loss":0},{"damage_healed":0,"gold_gain":0,"player_choice":"Upgraded","damage_taken":0,"max_hp_gain":0,"max_hp_loss":0,"event_name":"Upgrade Shrine","floor":36,"gold_loss":0,"cards_upgraded":["Inflame"]},{"damage_healed":0,"gold_gain":0,"player_choice":"0 cards matched","damage_taken":0,"max_hp_gain":0,"max_hp_loss":0,"event_name":"Match and Keep!","floor":38,"gold_loss":0,"cards_obtained":[]}],"is_beta":false,"boss_relics":[{"not_picked":["Ectoplasm","Black Star"],"picked":"Sozu"},{"not_picked":["Runic Pyramid","Velvet Choker"],"picked":"Eternal Feather"}],"items_purged_floors":[19,29],"is_endless":false,"potions_floor_spawned":[2,11,13,14,16,18,25,27,28,31,40,45,46],"ascension_level":7}