{"gold_per_floor":[114,126,145,145,155,155,170,270,270,270,119,119,135,158,158,158],"floor_reached":16,"playtime":705,"items_purged":["Regret"],"score":99,"play_id":"15a08288-806b-44f1-a605-a9490b4bc73c","local_time":"20181025193713","is_ascension_mode":true,"campfire_choices":[{"data":"Shockwave","floor":6,"key":"SMITH"},{"data":"Searing Blow","floor":12,"key":"SMITH"},{"data":"Searing Blow+1","floor":15,"key":"SMITH"}],"neow_cost":"NONE","seed_source_timestamp":178280038143400,"circlet_count":0,"master_deck":["Strike_R","Strike_R","Strike_R","Strike_R","Strike_R","Defend_R","Defend_R","Defend_R","Defend_R","Bash","Cleave","Shockwave+1","Thunderclap","Flex","Searing Blow+2","Ghostly Armor","Flex"],"relics":["Burning Blood","Lantern","Charon\u0027s Ashes","Gremlin Horn","Golden Idol"],"potions_floor_usage":[13,14,16],"damage_taken":[{"damage":8,"enemies":"Small Slimes","floor":1,"turns":3},{"damage":0,"enemies":"2 Louse","floor":2,"turns":3},{"damage":0,"enemies":"Cultist","floor":3,"turns":3},{"damage":32,"enemies":"2 Fungi Beasts","floor":5,"turns":4},{"damage":11,"enemies":"Exordium Thugs","floor":7,"turns":5},{"damage":0,"enemies":"3 Louse","floor":13,"turns":1},{"damage":0,"enemies":"2 Fungi Beasts","floor":14,"turns":6},{"damage":61,"enemies":"Hexaghost","floor":16,"turns":11}],"seed_played":"-8420117689606424045","potions_obtained":[{"floor":5,"key":"Regen Potion"},{"floor":7,"key":"Explosive Potion"},{"floor":14,"key":"SkillPotion"}],"is_trial":false,"path_per_floor":["M","M","M","?","M","R","M","?","T","?","$","R","M","M","R"],"character_chosen":"IRONCLAD","items_purchased":["Searing Blow"],"campfire_rested":0,"item_purchase_floors":[11],"current_hp_per_floor":[78,80,80,80,54,54,49,49,49,29,29,29,35,56,56,0],"gold":158,"neow_bonus":"RANDOM_COMMON_RELIC","is_prod":false,"is_daily":false,"chose_seed":false,"campfire_upgraded":3,"win_rate":0,"timestamp":1540510633,"path_taken":["M","M","M","?","M","R","M","?","T","?","?","R","?","M","R","BOSS"],"build_version":"2018-10-25v2","purchased_purges":1,"victory":false,"max_hp_per_floor":[80,80,80,80,80,80,80,80,80,80,80,80,80,80,80,80],"card_choices":[{"not_picked":["Warcry","Clothesline","Clash"],"picked":"SKIP","floor":1},{"not_picked":["Sentinel","Infernal Blade"],"picked":"Cleave","floor":2},{"not_picked":["Sentinel","Blood for Blood"],"picked":"Shockwave","floor":3},{"not_picked":["Bloodletting","Sever Soul"],"picked":"Thunderclap","floor":5},{"not_picked":["Pommel Strike","True Grit"],"picked":"Flex","floor":7},{"not_picked":["Sword Boomerang","Dual Wield"],"picked":"Ghostly Armor","floor":13},{"not_picked":["Wild Strike","Dark Embrace"],"picked":"Flex","floor":14}],"player_experience":248522,"relics_obtained":[{"floor":9,"key":"Gremlin Horn"}],"event_choices":[{"damage_healed":0,"gold_gain":0,"player_choice":"Box","damage_taken":0,"relics_obtained":["Charon\u0027s Ashes"],"max_hp_gain":0,"max_hp_loss":0,"event_name":"Big Fish","floor":4,"gold_loss":0,"cards_obtained":["Regret"]},{"damage_healed":0,"gold_gain":100,"player_choice":"Pray","damage_taken":0,"max_hp_gain":0,"max_hp_loss":0,"event_name":"Golden Shrine","floor":8,"gold_loss":0},{"damage_healed":0,"gold_gain":0,"player_choice":"Take Damage","damage_taken":20,"relics_obtained":["Golden Idol"],"max_hp_gain":0,"max_hp_loss":0,"event_name":"Golden Idol","floor":10,"gold_loss":0}],"is_beta":true,"boss_relics":[],"items_purged_floors":[11],"is_endless":false,"potions_floor_spawned":[5,7,14],"killed_by":"Hexaghost","ascension_level":1}