{"gold_per_floor":[111,130,130,130,177,233,245,288,300,312,337,365,390,402,414,515,527,558,595,9,209,209],"floor_reached":22,"playtime":786,"items_purged":["Strike_B"],"score":438,"play_id":"7a8abc3e-def2-4cdc-9702-076f1b7222d0","local_time":"20190420211722","is_ascension_mode":true,"campfire_choices":[{"data":"White Noise","floor":10.0,"key":"SMITH"},{"floor":15.0,"key":"REST"}],"neow_cost":"NONE","seed_source_timestamp":0,"circlet_count":0,"master_deck":["AscendersBane","Strike_B","Strike_B","Strike_B","Defend_B","Defend_B","Defend_B","Defend_B","Zap","Dualcast","Cold Snap","Go for the Eyes","White Noise+1","Cold Snap","Coolheaded","Machine Learning+1","Compile Driver","Gash","Echo Form+1","Redo+1","Coolheaded+1","Turbo+1","Self Repair+1"],"special_seed":0,"relics":["Cracked Core","NeowsBlessing","Golden Idol","MawBank","Prayer Wheel","Pear","Frozen Egg 2","Philosopher\u0027s Stone","Juzu Bracelet","Kunai"],"potions_floor_usage":[16],"damage_taken":[{"damage":0.0,"enemies":"Jaw Worm","floor":1.0,"turns":1.0},{"damage":0.0,"enemies":"Cultist","floor":2.0,"turns":1.0},{"damage":0.0,"enemies":"Lagavulin","floor":6.0,"turns":1.0},{"damage":63.0,"enemies":"Gremlin Nob","floor":8.0,"turns":5.0},{"damage":0.0,"enemies":"Small Slimes","floor":11.0,"turns":3.0},{"damage":0.0,"enemies":"Red Slaver","floor":12.0,"turns":5.0},{"damage":9.0,"enemies":"Lots of Slimes","floor":13.0,"turns":4.0},{"damage":43,"enemies":"Slime Boss","floor":16,"turns":11},{"damage":16,"enemies":"Spheric Guardian","floor":18,"turns":6},{"damage":31,"enemies":"2 Thieves","floor":19,"turns":4},{"damage":4,"enemies":"Chosen and Byrds","floor":22,"turns":3}],"seed_played":"-1923711260289381626","potions_obtained":[{"floor":11.0,"key":"Ancient Potion"},{"floor":12.0,"key":"SteroidPotion"},{"floor":13.0,"key":"Regen Potion"}],"is_trial":false,"path_per_floor":["M","M","?","?","T","E","$","E","T","R","M","M","M","$","R","B",null,"M","M","$","?","M"],"character_chosen":"DEFECT","items_purchased":["Self Repair+1","Juzu Bracelet","Kunai"],"campfire_rested":1,"item_purchase_floors":[20,20,20],"current_hp_per_floor":[64,64,69,69,69,69,69,16,16,16,16,16,7,7,30,2,60,44,13,13,13,9],"gold":209,"neow_bonus":"THREE_ENEMY_KILL","is_prod":false,"is_daily":false,"chose_seed":false,"campfire_upgraded":1,"win_rate":0,"timestamp":1555787842,"path_taken":["M","M","?","?","?","E","?","E","T","R","M","M","?","?","R","BOSS","M","M","?","?","M"],"build_version":"2019-04-20","purchased_purges":1,"victory":false,"max_hp_per_floor":[71,71,76,69,69,69,69,79,79,79,79,79,79,79,79,79,79,79,79,79,79,79],"card_choices":[{"not_picked":["Hologram","Steam"],"picked":"Cold Snap","floor":1.0},{"not_picked":["Static Discharge","Beam Cell"],"picked":"Go for the Eyes","floor":2.0},{"not_picked":["Steam","Coolheaded"],"picked":"White Noise","floor":6.0},{"not_picked":["Redo","Skim"],"picked":"Cold Snap","floor":8.0},{"not_picked":["Steam","Tempest"],"picked":"Coolheaded","floor":11.0},{"not_picked":["Chaos","Beam Cell","Stack"],"picked":"SKIP","floor":11.0},{"not_picked":["Compile Driver","Hologram"],"picked":"Machine Learning+1","floor":12.0},{"not_picked":["Redo","Melter"],"picked":"Compile Driver","floor":12.0},{"not_picked":["Aggregate","White Noise"],"picked":"Gash","floor":13.0},{"not_picked":["Compile Driver","Double Energy","Scrape"],"picked":"SKIP","floor":13.0},{"not_picked":["All For One","Meteor Strike"],"picked":"Echo Form+1","floor":16},{"not_picked":["Storm+1","Rebound"],"picked":"Redo+1","floor":18},{"not_picked":["Hello World+1","Barrage","Lockon+1"],"picked":"SKIP","floor":18},{"not_picked":["Static Discharge+1","Barrage"],"picked":"Coolheaded+1","floor":19},{"not_picked":["Streamline","Auto Shields"],"picked":"Turbo+1","floor":19}],"player_experience":1176019,"relics_obtained":[{"floor":5.0,"key":"MawBank"},{"floor":6.0,"key":"Prayer Wheel"},{"floor":8.0,"key":"Pear"},{"floor":9.0,"key":"Frozen Egg 2"}],"event_choices":[{"damage_healed":0.0,"max_hp_gain":5.0,"max_hp_loss":0.0,"gold_gain":0.0,"event_name":"Big Fish","player_choice":"Donut","floor":3.0,"gold_loss":0.0,"damage_taken":0.0},{"damage_healed":0.0,"max_hp_gain":0.0,"max_hp_loss":7.0,"gold_gain":0.0,"event_name":"Golden Idol","player_choice":"Lose Max HP","floor":4.0,"gold_loss":0.0,"damage_taken":0.0,"relics_obtained":["Golden Idol"]},{"damage_healed":0,"gold_gain":200,"player_choice":"Gold","damage_taken":0,"max_hp_gain":0,"max_hp_loss":0,"event_name":"Wheel of Change","floor":21,"gold_loss":0}],"is_beta":true,"boss_relics":[{"not_picked":["Eternal Feather","Orrery"],"picked":"Philosopher\u0027s Stone"}],"items_purged_floors":[20],"is_endless":false,"potions_floor_spawned":[11,12,13],"killed_by":"Chosen and Byrds","ascension_level":20}