{"gold_per_floor":[119,194,194,205,221,221,252,266,266,298,15,32,32,65,65,65],"floor_reached":16,"playtime":446,"items_purged":[],"score":290,"play_id":"a9b42d64-824d-49bf-a8f2-4cc9ace5d650","local_time":"20190424005717","is_ascension_mode":true,"campfire_choices":[{"data":"White Noise","floor":6.0,"key":"SMITH"},{"data":"Zap","floor":15,"key":"SMITH"}],"neow_cost":"NONE","seed_source_timestamp":36873344132749,"circlet_count":0,"master_deck":["AscendersBane","Strike_B","Strike_B","Strike_B","Strike_B","Defend_B","Defend_B","Defend_B","Defend_B","Zap+1","Dualcast","Doom and Gloom","Leap","White Noise+1","Coolheaded","FTL","Go for the Eyes","Compile Driver"],"special_seed":0,"relics":["Cracked Core","NeowsBlessing","Kunai","Letter Opener","Regal Pillow","Meat on the Bone","Boot"],"potions_floor_usage":[10,14,14],"damage_taken":[{"damage":0.0,"enemies":"2 Louse","floor":1.0,"turns":2.0},{"damage":0.0,"enemies":"Small Slimes","floor":4.0,"turns":1.0},{"damage":0.0,"enemies":"Cultist","floor":5.0,"turns":1.0},{"damage":6.0,"enemies":"Lagavulin","floor":7.0,"turns":5.0},{"damage":12.0,"enemies":"Lots of Slimes","floor":8.0,"turns":3.0},{"damage":0,"enemies":"3 Sentries","floor":10,"turns":2},{"damage":0,"enemies":"Red Slaver","floor":12,"turns":3},{"damage":23,"enemies":"Gremlin Nob","floor":14,"turns":5},{"damage":36,"enemies":"Hexaghost","floor":16,"turns":9}],"seed_played":"-3199488352306238339","potions_obtained":[{"floor":4.0,"key":"Ancient Potion"},{"floor":5.0,"key":"Weak Potion"},{"floor":7.0,"key":"SpeedPotion"},{"floor":12,"key":"SpeedPotion"}],"is_trial":false,"path_per_floor":["M","?","?","M","M","R","E","M","T","E","$","M","$","E","R","B"],"character_chosen":"DEFECT","items_purchased":["Meat on the Bone"],"campfire_rested":0,"item_purchase_floors":[11],"current_hp_per_floor":[64,53,53,53,53,53,47,35,35,35,35,47,47,36,36,0],"gold":65,"neow_bonus":"THREE_ENEMY_KILL","is_prod":false,"is_daily":false,"chose_seed":false,"campfire_upgraded":2,"win_rate":0,"timestamp":1556060237,"path_taken":["M","?","?","?","M","R","E","M","T","E","$","M","?","E","R","BOSS"],"build_version":"2019-04-21","purchased_purges":0,"victory":false,"max_hp_per_floor":[71,71,71,71,71,71,71,71,71,71,71,71,71,71,71,71],"card_choices":[{"not_picked":["Compile Driver","Sweeping Beam"],"picked":"Doom and Gloom","floor":1.0},{"not_picked":["Steam","Conserve Battery"],"picked":"Leap","floor":4.0},{"not_picked":["Heatsinks","Streamline"],"picked":"White Noise","floor":5.0},{"not_picked":["Barrage","Meteor Strike"],"picked":"Coolheaded","floor":7.0},{"not_picked":["Beam Cell","Streamline"],"picked":"FTL","floor":8.0},{"not_picked":["Chaos","Stack"],"picked":"Go for the Eyes","floor":10},{"not_picked":["Auto Shields","Heatsinks","Coolheaded"],"picked":"SKIP","floor":12},{"not_picked":["Streamline","Redo"],"picked":"Compile Driver","floor":14}],"player_experience":1200815,"relics_obtained":[{"floor":3.0,"key":"Kunai"},{"floor":9.0,"key":"Letter Opener"},{"floor":10,"key":"Regal Pillow"},{"floor":14,"key":"Boot"}],"event_choices":[{"damage_healed":0.0,"max_hp_gain":0.0,"max_hp_loss":0.0,"gold_gain":75.0,"event_name":"World of Goop","player_choice":"Gather Gold","floor":2.0,"gold_loss":0.0,"damage_taken":11.0},{"damage_healed":0.0,"max_hp_gain":0.0,"max_hp_loss":0.0,"gold_gain":0.0,"event_name":"Wheel of Change","player_choice":"Relic","floor":3.0,"gold_loss":0.0,"damage_taken":0.0}],"is_beta":true,"boss_relics":[],"items_purged_floors":[],"is_endless":false,"potions_floor_spawned":[4,5,7,12],"killed_by":"Hexaghost","ascension_level":20}