{"gold_per_floor":[19,38,38,52,14,42,42,58,58,88,108,118,137,137,137,234,234,250,146,156,71,83,116,116,136,163,163,163,163,190,190,190,294,294,307,362,376,389,389,389,399,409,432,448,448,468,483,495,495,495],"floor_reached":51,"playtime":9709,"items_purged":[],"score":824,"play_id":"1068bb78-87e8-4cae-a3ad-4f863d3c70b1","local_time":"20190310034325","is_ascension_mode":true,"campfire_choices":[{"floor":7,"key":"REST"},{"data":"Glass Knife","floor":15,"key":"SMITH"},{"floor":24,"key":"REST"},{"floor":27,"key":"REST"},{"data":"Noxious Fumes","floor":29,"key":"SMITH"},{"floor":32,"key":"REST"},{"data":"Well Laid Plans","floor":40,"key":"SMITH"},{"floor":45,"key":"REST"},{"floor":49,"key":"REST"}],"neow_cost":"NO_GOLD","seed_source_timestamp":334235570928344,"circlet_count":0,"master_deck":["Defend_G+1","Defend_G+1","Defend_G+1","Defend_G+1","Defend_G+1","Strike_G+1","Strike_G+1","Strike_G+1","Strike_G+1","Strike_G+1","Survivor","Neutralize","Glass Knife","Finisher","Flying Knee","Dagger Throw","Noxious Fumes+1","Glass Knife+1","Caltrops","Backflip","Malaise","Cloak And Dagger+1","Prepared","Caltrops","Reflex+1","Cloak And Dagger","Corpse Explosion","Footwork+1","PiercingWail+1","Well Laid Plans+1","Purity","PiercingWail","Crippling Poison","Backflip","Sucker Punch","Infinite Blades+1","Dash+1","Bouncing Flask+1"],"relics":["Ring of the Snake","Oddly Smooth Stone","Pantograph","Potion Belt","Sozu","Dead Branch","Snake Skull","Pen Nib","MutagenicStrength","Singing Bowl","Snecko Eye","Prayer Wheel","Anchor"],"potions_floor_usage":[22,23,33,50],"damage_taken":[{"damage":0,"enemies":"Small Slimes","floor":1,"turns":2},{"damage":0,"enemies":"Jaw Worm","floor":2,"turns":3},{"damage":0,"enemies":"2 Louse","floor":4,"turns":2},{"damage":9,"enemies":"3 Sentries","floor":6,"turns":8},{"damage":13,"enemies":"Blue Slaver","floor":8,"turns":3},{"damage":0,"enemies":"Large Slime","floor":11,"turns":3},{"damage":4,"enemies":"3 Louse","floor":12,"turns":2},{"damage":0,"enemies":"Blue Slaver","floor":13,"turns":3},{"damage":2,"enemies":"Slime Boss","floor":16,"turns":8},{"damage":8,"enemies":"3 Byrds","floor":18,"turns":4},{"damage":11,"enemies":"2 Thieves","floor":20,"turns":4},{"damage":17,"enemies":"Centurion and Healer","floor":22,"turns":6},{"damage":28,"enemies":"Gremlin Leader","floor":23,"turns":7},{"damage":0,"enemies":"Chosen and Byrds","floor":25,"turns":7},{"damage":28,"enemies":"Slavers","floor":30,"turns":5},{"damage":35,"enemies":"Collector","floor":33,"turns":10},{"damage":4,"enemies":"Orb Walker","floor":35,"turns":3},{"damage":19,"enemies":"2 Orb Walkers","floor":36,"turns":2},{"damage":0,"enemies":"3 Darklings","floor":37,"turns":1},{"damage":0,"enemies":"4 Shapes","floor":38,"turns":5},{"damage":16,"enemies":"Sphere and 2 Shapes","floor":41,"turns":5},{"damage":8,"enemies":"Spire Growth","floor":42,"turns":4},{"damage":1,"enemies":"Writhing Mass","floor":44,"turns":6},{"damage":28,"enemies":"Transient","floor":46,"turns":5},{"damage":7,"enemies":"Maw","floor":47,"turns":6},{"damage":3,"enemies":"Writhing Mass","floor":48,"turns":9},{"damage":19,"enemies":"Time Eater","floor":50,"turns":10}],"seed_played":"7612500359030963519","potions_obtained":[{"floor":2,"key":"Strength Potion"},{"floor":6,"key":"SpeedPotion"},{"floor":8,"key":"SkillPotion"},{"floor":16,"key":"FearPotion"}],"is_trial":false,"path_per_floor":["?","?","M","?","?","?","?","?","?"],"character_chosen":"THE_SILENT","items_purchased":["Noxious Fumes","Prepared","Caltrops"],"campfire_rested":6,"item_purchase_floors":[5,19,19],"current_hp_per_floor":[70,70,37,37,37,28,49,36,36,36,36,32,32,32,32,55,70,62,62,51,51,34,6,27,27,27,48,48,48,20,20,41,31,70,66,47,49,53,53,53,39,33,33,34,58,32,25,24,49,55],"gold":495,"neow_bonus":"THREE_RARE_CARDS","is_prod":false,"is_daily":false,"chose_seed":false,"campfire_upgraded":3,"win_rate":0,"timestamp":1552189405,"path_taken":["M","M","?","M","$","E","R","M","T","?","M","?","M","?","R","BOSS","M","$","M","?","M","E","R","M","T","R","?","R","E","?","R","BOSS","M","?","M","M","?","R","M","M","T","M","R","M","M","M","R","BOSS"],"build_version":"2019-01-23","purchased_purges":0,"victory":true,"max_hp_per_floor":[70,70,70,70,70,70,70,70,70,70,70,70,70,70,70,70,70,70,70,70,70,70,70,70,70,70,70,70,70,70,70,70,70,70,70,70,72,76,76,76,78,80,80,82,82,84,84,86,86,86],"card_choices":[{"not_picked":["After Image","Corpse Explosion"],"picked":"Glass Knife","floor":0},{"not_picked":["Deadly Poison","Poisoned Stab"],"picked":"Finisher","floor":1},{"not_picked":["Blade Dance","Catalyst"],"picked":"Flying Knee","floor":2},{"not_picked":["Dagger Spray","Finisher"],"picked":"Dagger Throw","floor":4},{"not_picked":["Outmaneuver","Bane"],"picked":"Glass Knife","floor":6},{"not_picked":["Blade Dance","Dagger Spray","Masterful Stab"],"picked":"SKIP","floor":8},{"not_picked":["Quick Slash","Poisoned Stab"],"picked":"Caltrops","floor":11},{"not_picked":["Flying Knee","Bane","Slice"],"picked":"SKIP","floor":12},{"not_picked":["Well Laid Plans","Setup"],"picked":"Backflip","floor":13},{"not_picked":["Corpse Explosion","Die Die Die"],"picked":"Malaise","floor":16},{"not_picked":["Slice","Choke+1"],"picked":"Cloak And Dagger+1","floor":18},{"not_picked":["Dagger Spray","Slice","Quick Slash"],"picked":"SKIP","floor":20},{"not_picked":["Tools of the Trade","Acrobatics","Outmaneuver+1"],"picked":"SKIP","floor":22},{"not_picked":["Flechettes","Tactician+1"],"picked":"Reflex+1","floor":23},{"not_picked":["Outmaneuver","Masterful Stab","Reflex"],"picked":"SKIP","floor":25},{"not_picked":["Noxious Fumes","Eviscerate"],"picked":"Cloak And Dagger","floor":30},{"not_picked":["Phantasmal Killer","Malaise"],"picked":"Corpse Explosion","floor":33},{"not_picked":["Cloak And Dagger+1","Quick Slash"],"picked":"Footwork+1","floor":35},{"not_picked":["Flechettes","Poisoned Stab+1"],"picked":"PiercingWail+1","floor":36},{"not_picked":["Acrobatics+1","Dagger Spray","Prepared+1"],"picked":"Singing Bowl","floor":37},{"not_picked":["Cloak And Dagger","After Image"],"picked":"Well Laid Plans","floor":37},{"not_picked":["Concentrate","Dagger Spray+1","Flying Knee"],"picked":"Singing Bowl","floor":38},{"not_picked":["Dagger Spray+1","Bane","Slice+1"],"picked":"Singing Bowl","floor":38},{"not_picked":["Panache","Bandage Up"],"picked":"Purity","floor":39},{"not_picked":["Acrobatics","Bane","Prepared+1"],"picked":"Singing Bowl","floor":41},{"not_picked":["Underhanded Strike+1","Deadly Poison"],"picked":"PiercingWail","floor":41},{"not_picked":["Bane","Prepared","Expertise"],"picked":"Singing Bowl","floor":42},{"not_picked":["Cloak And Dagger","Accuracy"],"picked":"Crippling Poison","floor":42},{"not_picked":["Bane","Masterful Stab+1","Blade Dance+1"],"picked":"Singing Bowl","floor":44},{"not_picked":["Prepared","Burst"],"picked":"Backflip","floor":44},{"not_picked":["Slice+1","Dagger Throw+1","Cloak And Dagger"],"picked":"Singing Bowl","floor":46},{"not_picked":["Cloak And Dagger","Accuracy+1"],"picked":"Sucker Punch","floor":46},{"not_picked":["Blade Dance+1","All Out Attack"],"picked":"Infinite Blades+1","floor":47},{"not_picked":["Bane+1","Flying Knee"],"picked":"Dash+1","floor":47},{"not_picked":["Escape Plan","Dagger Throw"],"picked":"Bouncing Flask+1","floor":48},{"not_picked":["Accuracy","Outmaneuver+1","Quick Slash+1"],"picked":"Singing Bowl","floor":48}],"player_experience":183053,"relics_obtained":[{"floor":6,"key":"Pantograph"},{"floor":9,"key":"Potion Belt"},{"floor":23,"key":"Snake Skull"},{"floor":26,"key":"Pen Nib"},{"floor":30,"key":"Singing Bowl"},{"floor":36,"key":"Prayer Wheel"},{"floor":43,"key":"Anchor"}],"event_choices":[{"damage_healed":0,"gold_gain":0,"player_choice":"Success","damage_taken":33,"relics_obtained":["Oddly Smooth Stone"],"max_hp_gain":0,"max_hp_loss":0,"event_name":"Scrap Ooze","floor":3,"gold_loss":0},{"damage_healed":0,"gold_gain":30,"player_choice":"Searched \u00271\u0027 times","damage_taken":0,"max_hp_gain":0,"max_hp_loss":0,"event_name":"Dead Adventurer","floor":10,"gold_loss":0},{"damage_healed":0,"gold_gain":0,"player_choice":"Ignored","damage_taken":0,"max_hp_gain":0,"max_hp_loss":0,"event_name":"Golden Wing","floor":14,"gold_loss":0},{"damage_healed":0,"gold_gain":0,"player_choice":"Obtained Relic","damage_taken":0,"relics_obtained":["Dead Branch"],"max_hp_gain":0,"max_hp_loss":0,"event_name":"Addict","floor":21,"gold_loss":85},{"damage_healed":0,"gold_gain":0,"player_choice":"Inject Mutagens","damage_taken":0,"relics_obtained":["MutagenicStrength"],"max_hp_gain":0,"max_hp_loss":0,"event_name":"Drug Dealer","floor":28,"gold_loss":0},{"damage_healed":0,"gold_gain":0,"player_choice":"Simplicity","damage_taken":0,"max_hp_gain":0,"max_hp_loss":0,"event_name":"Back to Basics","floor":31,"gold_loss":0,"cards_upgraded":["Defend_G","Defend_G","Defend_G","Defend_G","Defend_G","Strike_G","Strike_G","Strike_G","Strike_G","Strike_G"]},{"damage_healed":0,"gold_gain":0,"player_choice":"Fight","damage_taken":0,"max_hp_gain":0,"max_hp_loss":0,"event_name":"Mysterious Sphere","floor":36,"gold_loss":0},{"damage_healed":0,"gold_gain":0,"player_choice":"Memory 1","damage_taken":0,"max_hp_gain":0,"max_hp_loss":0,"event_name":"SensoryStone","floor":39,"gold_loss":0}],"is_beta":false,"boss_relics":[{"not_picked":["Coffee Dripper","Ring of the Serpent"],"picked":"Sozu"},{"not_picked":["HoveringKite","Eternal Feather"],"picked":"Snecko Eye"}],"items_purged_floors":[],"is_endless":false,"potions_floor_spawned":[2,6,8,16,18,33,37,41,46,47],"ascension_level":4}