{"path_per_floor":["M","M","M","?","?","M","M","M","T","M","M","M","M","?","R","B",null,"M"],"character_chosen":"THE_SILENT","items_purchased":[],"gold_per_floor":[112,123,139,139,139,157,182,207,207,228,248,263,284,384,384,508,508,521],"floor_reached":19,"campfire_rested":1,"playtime":904,"current_hp_per_floor":[66,66,66,66,66,57,57,53,53,37,20,20,20,20,41,38,70,46],"items_purged":[],"gold":521,"score":167,"play_id":"4ff98c87-21a7-4d79-aa6b-394ba5cc46ab","is_prod":false,"is_daily":false,"is_ascension_mode":false,"campfire_upgraded":0,"path_taken":["M","M","M","?","?","M","M","M","T","M","M","M","M","?","R","BOSS","M","M"],"build_version":"2018-02-15-PROD1","purchased_purges":0,"victory":false,"master_deck":["Defend_G+1","Defend_G","Defend_G","Defend_G","Defend_G+1","Strike_G","Strike_G","Strike_G","Strike_G","Strike_G","Survivor","Neutralize","Bouncing Flask","Noxious Fumes","Flechettes","Injury","Outmaneuver","Dagger Throw","Backflip","Leg Sweep","Well Laid Plans","Underhanded Strike","Corpse Explosion","Burst","Normality","Pain","Pain","Bane+1"],"max_hp_per_floor":[70,70,70,70,70,70,70,70,70,70,70,70,70,70,70,70,70,70],"relics":["Ring of the Snake","Golden Idol","Tingsha","Calling Bell","Oddly Smooth Stone","War Paint","Prayer Wheel"],"card_choices":[{"not_picked":["Prepared","Deadly Poison"],"picked":"Bouncing Flask"},{"not_picked":["Dodge and Roll","Blade Dance"],"picked":"Noxious Fumes"},{"not_picked":["Well Laid Plans","Sucker Punch"],"picked":"Flechettes"},{"not_picked":["Skewer","Endless Agony"],"picked":"Outmaneuver"},{"not_picked":["Poisoned Stab","Backstab"],"picked":"Dagger Throw"},{"not_picked":["Underhanded Strike","Cloak And Dagger"],"picked":"Backflip"},{"not_picked":["Cloak And Dagger","Dagger Spray"],"picked":"Leg Sweep"},{"not_picked":["Dagger Throw","Dash"],"picked":"Well Laid Plans"},{"not_picked":["Poisoned Stab","Expertise"],"picked":"Underhanded Strike"},{"not_picked":["Dodge and Roll","Outmaneuver"],"picked":"Corpse Explosion"},{"not_picked":["Wraith Form","Doppelganger"],"picked":"Burst"},{"not_picked":["PiercingWail","Well Laid Plans"],"picked":"Bane"}],"player_experience":134630,"potions_floor_usage":[8,13,16,16],"damage_taken":[{"damage":4,"enemies":"Jaw Worm","floor":1,"turns":6},{"damage":0,"enemies":"Cultist","floor":2,"turns":3},{"damage":0,"enemies":"2 Louse","floor":3,"turns":4},{"damage":9,"enemies":"2 Fungi Beasts","floor":6,"turns":6},{"damage":0,"enemies":"Looter","floor":7,"turns":4},{"damage":4,"enemies":"Gremlin Gang","floor":8,"turns":3},{"damage":16,"enemies":"Lots of Slimes","floor":10,"turns":6},{"damage":17,"enemies":"Red Slaver","floor":11,"turns":5},{"damage":0,"enemies":"Looter","floor":12,"turns":4},{"damage":0,"enemies":"Large Slime","floor":13,"turns":5},{"damage":18,"enemies":"Hexaghost","floor":16,"turns":10},{"damage":24,"enemies":"Chosen","floor":18,"turns":7},{"damage":10,"enemies":"3 Byrds","floor":19,"turns":2}],"event_choices":[{"event_name":"The Woman in Blue","player_choice":"Bought 0 Potions","floor":4,"damage_taken":0},{"event_name":"Golden Idol","player_choice":"Take Wound","floor":5,"damage_taken":0},{"event_name":"Golden Shrine","player_choice":"Pray","floor":14,"damage_taken":0}],"boss_relics":[{"not_picked":["Orrery","Eternal Feather"],"picked":"Calling Bell"}],"potions_floor_spawned":[3,7,8,10,12,13],"seed_played":"9161866409255672883","killed_by":"3 Byrds","ascension_level":0,"is_trial":false}