{"gold_per_floor":[119,139,38,56,56,56,91,91,165,178,193,213,232,242,242,345,345,345,345,345,345,345,345,345,345,345,345,345,30,30,30,30,30,30,30,30,30,30,30,30,30,30,30,30,30,30,30,30,30,30],"floor_reached":51,"playtime":9995,"items_purged":["Strike_G"],"score":687,"play_id":"8d8438c0-f864-4183-a0b1-eedd91b89095","local_time":"20190302024005","is_ascension_mode":true,"campfire_choices":[{"data":"Well Laid Plans","floor":6,"key":"SMITH"},{"data":"Blur","floor":8,"key":"SMITH"},{"data":"Deadly Poison","floor":15,"key":"SMITH"},{"data":"PiercingWail","floor":23,"key":"SMITH"},{"data":"Envenom","floor":32,"key":"SMITH"},{"data":"Noxious Fumes","floor":40,"key":"SMITH"},{"data":"Cloak And Dagger","floor":47,"key":"SMITH"},{"floor":49,"key":"REST"}],"neow_cost":"NONE","seed_source_timestamp":289310838966460,"circlet_count":0,"master_deck":["Defend_G+1","Defend_G+1","Defend_G+1","Defend_G+1","Strike_G+1","Strike_G+1","Strike_G+1","Survivor","Neutralize","Acrobatics","Backflip","Well Laid Plans+1","Quick Slash","Blur+1","Backflip","Cloak And Dagger+1","Blur","Deadly Poison+1","Poisoned Stab","Adrenaline","PiercingWail+1","Deadly Poison","RitualDagger","Terror+1","Prepared","Prepared+1","Envenom+1","Dodge and Roll+1","Infinite Blades","Poisoned Stab+1","Tools of the Trade","Dagger Spray","Noxious Fumes+1","Finesse+1","PiercingWail+1","Finisher+1","Catalyst+1","Parasite","Acrobatics+1"],"relics":["Ring of the Snake","Ornamental Fan","Snake Skull","Meat on the Bone","Ectoplasm","Red Mask","Ancient Tea Set","Toxic Egg 2","Lantern","Empty Cage","Thread and Needle","Old Coin"],"potions_floor_usage":[7,11,16,33,50],"damage_taken":[{"damage":0,"enemies":"Cultist","floor":1,"turns":5},{"damage":2,"enemies":"Jaw Worm","floor":2,"turns":8},{"damage":0,"enemies":"2 Louse","floor":4,"turns":3},{"damage":15,"enemies":"Gremlin Nob","floor":7,"turns":5},{"damage":0,"enemies":"Looter","floor":10,"turns":3},{"damage":21,"enemies":"Exordium Thugs","floor":11,"turns":6},{"damage":0,"enemies":"Blue Slaver","floor":12,"turns":5},{"damage":0,"enemies":"Red Slaver","floor":13,"turns":4},{"damage":0,"enemies":"3 Louse","floor":14,"turns":4},{"damage":14,"enemies":"The Guardian","floor":16,"turns":9},{"damage":9,"enemies":"Chosen","floor":18,"turns":5},{"damage":0,"enemies":"3 Byrds","floor":19,"turns":6},{"damage":27,"enemies":"Masked Bandits","floor":22,"turns":8},{"damage":0,"enemies":"Snake Plant","floor":24,"turns":5},{"damage":3,"enemies":"3 Cultists","floor":27,"turns":7},{"damage":0,"enemies":"Chosen and Byrds","floor":28,"turns":7},{"damage":6,"enemies":"Centurion and Healer","floor":31,"turns":7},{"damage":19,"enemies":"Automaton","floor":33,"turns":7},{"damage":7,"enemies":"3 Shapes","floor":35,"turns":7},{"damage":0,"enemies":"Orb Walker","floor":36,"turns":4},{"damage":7,"enemies":"3 Darklings","floor":39,"turns":6},{"damage":0,"enemies":"Jaw Worm Horde","floor":41,"turns":4},{"damage":4,"enemies":"Sphere and 2 Shapes","floor":45,"turns":6},{"damage":2,"enemies":"Writhing Mass","floor":48,"turns":5},{"damage":23,"enemies":"Awakened One","floor":50,"turns":12}],"seed_played":"2204797748603341017","potions_obtained":[{"floor":1,"key":"LiquidBronze"},{"floor":2,"key":"Energy Potion"},{"floor":7,"key":"Poison Potion"},{"floor":10,"key":"GamblersBrew"},{"floor":16,"key":"GhostInAJar"},{"floor":18,"key":"Swift Potion"},{"floor":19,"key":"Block Potion"},{"floor":28,"key":"SpeedPotion"},{"floor":41,"key":"SpeedPotion"},{"floor":45,"key":"LiquidBronze"},{"floor":48,"key":"Swift Potion"}],"is_trial":false,"path_per_floor":["T","M","?","?","?","T","M","?","?","?","M","?","$"],"character_chosen":"THE_SILENT","items_purchased":["Well Laid Plans","Quick Slash","Dodge and Roll+1","Infinite Blades","Lantern"],"campfire_rested":1,"item_purchase_floors":[3,3,29,29,29],"current_hp_per_floor":[77,75,75,75,75,75,60,60,60,60,39,39,39,39,39,37,77,68,68,62,62,47,47,47,47,47,44,44,44,44,50,50,43,77,70,70,70,70,63,63,63,63,63,63,59,59,59,57,77,54],"gold":30,"neow_bonus":"TEN_PERCENT_HP_BONUS","is_prod":false,"is_daily":false,"chose_seed":false,"campfire_upgraded":7,"win_rate":0,"timestamp":1551494405,"path_taken":["M","M","$","M","?","R","E","R","T","M","M","M","?","M","R","BOSS","M","M","?","?","?","R","M","?","T","?","M","$","?","M","R","BOSS","M","M","?","?","M","R","?","?","T","?","M","$","R","M","R","BOSS"],"build_version":"2019-01-23","purchased_purges":1,"victory":true,"max_hp_per_floor":[77,77,77,77,77,77,77,77,77,77,77,77,77,77,77,77,77,77,77,77,77,77,77,77,77,77,77,77,77,77,77,77,77,77,77,77,77,77,77,77,77,77,77,77,77,77,77,77,77,77],"card_choices":[{"not_picked":["Slice","Backstab"],"picked":"Acrobatics","floor":1},{"not_picked":["Deflect","Cloak And Dagger"],"picked":"Backflip","floor":2},{"not_picked":["Well Laid Plans","Cloak And Dagger"],"picked":"Quick Slash","floor":4},{"not_picked":["Footwork","Dodge and Roll"],"picked":"Blur","floor":7},{"not_picked":["Sucker Punch","Underhanded Strike"],"picked":"Backflip","floor":10},{"not_picked":["Skewer","Glass Knife"],"picked":"Cloak And Dagger","floor":11},{"not_picked":["Caltrops","Quick Slash"],"picked":"Blur","floor":12},{"not_picked":["Flechettes","Deflect"],"picked":"Deadly Poison","floor":13},{"not_picked":["Quick Slash","Outmaneuver"],"picked":"Poisoned Stab","floor":14},{"not_picked":["Unload","Venomology"],"picked":"Adrenaline","floor":16},{"not_picked":["Bane","Slice"],"picked":"PiercingWail","floor":18},{"not_picked":["Quick Slash","Heel Hook"],"picked":"Deadly Poison","floor":19},{"not_picked":["Underhanded Strike+1","Escape Plan+1"],"picked":"Terror+1","floor":22},{"not_picked":["Quick Slash","Sucker Punch"],"picked":"Prepared","floor":24},{"not_picked":["Sucker Punch+1","Heel Hook+1"],"picked":"Prepared+1","floor":27},{"not_picked":["Poisoned Stab","Skewer"],"picked":"Envenom","floor":28},{"not_picked":["Backflip+1","Predator"],"picked":"Poisoned Stab+1","floor":31},{"not_picked":["Bullet Time+1","Night Terror+1"],"picked":"Tools of the Trade","floor":33},{"not_picked":["Masterful Stab+1","Backflip+1"],"picked":"Dagger Spray","floor":35},{"not_picked":["Eviscerate+1","Poisoned Stab"],"picked":"Noxious Fumes","floor":36},{"not_picked":["Enlightenment+1","Transmutation+1"],"picked":"Finesse+1","floor":37},{"not_picked":["Poisoned Stab+1","Outmaneuver+1"],"picked":"PiercingWail+1","floor":39},{"not_picked":["Dagger Spray","Underhanded Strike+1"],"picked":"Finisher+1","floor":41},{"not_picked":["Accuracy+1","Predator"],"picked":"Catalyst+1","floor":45},{"not_picked":["Backstab","Deflect+1"],"picked":"Acrobatics+1","floor":48}],"player_experience":67552,"relics_obtained":[{"floor":5,"key":"Ornamental Fan"},{"floor":7,"key":"Snake Skull"},{"floor":9,"key":"Meat on the Bone"},{"floor":22,"key":"Red Mask"},{"floor":25,"key":"Ancient Tea Set"},{"floor":26,"key":"Toxic Egg 2"},{"floor":43,"key":"Old Coin"}],"event_choices":[{"damage_healed":0,"gold_gain":0,"player_choice":"Joined the Cult","damage_taken":6,"max_hp_gain":0,"max_hp_loss":0,"event_name":"Nest","floor":20,"gold_loss":0,"cards_obtained":["RitualDagger"]},{"damage_healed":0,"gold_gain":0,"player_choice":"Ignored","damage_taken":0,"max_hp_gain":0,"max_hp_loss":0,"event_name":"Vampires","floor":21,"gold_loss":0},{"damage_healed":0,"gold_gain":0,"player_choice":"Fought Bandits","damage_taken":0,"max_hp_gain":0,"max_hp_loss":0,"event_name":"Masked Bandits","floor":22,"gold_loss":0},{"damage_healed":0,"gold_gain":0,"player_choice":"Simplicity","damage_taken":0,"max_hp_gain":0,"max_hp_loss":0,"event_name":"Back to Basics","floor":30,"gold_loss":0,"cards_upgraded":["Defend_G","Defend_G","Defend_G","Defend_G","Defend_G","Strike_G","Strike_G","Strike_G","Strike_G"]},{"damage_healed":0,"gold_gain":0,"player_choice":"Memory 1","damage_taken":0,"max_hp_gain":0,"max_hp_loss":0,"event_name":"SensoryStone","floor":37,"gold_loss":0},{"damage_healed":0,"gold_gain":0,"player_choice":"Gave Potion","damage_taken":0,"relics_obtained":["Thread and Needle"],"max_hp_gain":0,"max_hp_loss":0,"event_name":"WeMeetAgain","floor":38,"gold_loss":0},{"cards_removed":["Quick Slash"],"damage_healed":0,"gold_gain":0,"player_choice":"Removed Attack","damage_taken":0,"max_hp_gain":0,"max_hp_loss":0,"event_name":"Falling","floor":42,"gold_loss":0}],"is_beta":false,"boss_relics":[{"not_picked":["Astrolabe","Runic Pyramid"],"picked":"Ectoplasm"},{"not_picked":["Black Star","Coffee Dripper"],"picked":"Empty Cage"}],"items_purged_floors":[29],"is_endless":false,"potions_floor_spawned":[1,2,7,10,16,18,19,24,28,41,45,48],"ascension_level":1}