{"gold_per_floor":[112,125,35,47,122,122,153,153,153,153,178,194,209,237,237,341,341,353,19,19,19,29,64,78,111,111,122,122],"floor_reached":28,"playtime":1704,"items_purged":["Strike_R"],"score":361,"play_id":"2ca9e2ee-77dd-4dec-b34c-fa979ce385cc","local_time":"20190321004939","is_ascension_mode":true,"campfire_choices":[{"data":"Body Slam","floor":6,"key":"SMITH"},{"floor":8,"key":"REST"},{"data":"Armaments","floor":15,"key":"SMITH"}],"neow_cost":"NONE","seed_source_timestamp":167117915990374,"circlet_count":0,"master_deck":["Strike_R+1","Strike_R","Strike_R+1","Strike_R","Defend_R","Defend_R","Defend_R","Defend_R","Bash","Body Slam+1","Battle Trance","Inflame","Havoc","Rampage","Havoc","Dramatic Entrance","Evolve","Havoc","Wild Strike","Armaments","Armaments+1","Bludgeon","Seeing Red","Body Slam","Metallicize+1","Warcry","Dark Embrace","Thunderclap+1"],"relics":["Burning Blood","Paper Frog","Whetstone","Darkstone Periapt","Letter Opener","Coffee Dripper","Shuriken","Self Forming Clay","Lantern","Omamori"],"potions_floor_usage":[11,12,16,23,25,25,28,28,28,28],"damage_taken":[{"damage":6,"enemies":"Jaw Worm","floor":1,"turns":5},{"damage":7,"enemies":"Small Slimes","floor":2,"turns":3},{"damage":1,"enemies":"Cultist","floor":4,"turns":4},{"damage":15,"enemies":"Gremlin Nob","floor":7,"turns":3},{"damage":20,"enemies":"3 Sentries","floor":11,"turns":7},{"damage":25,"enemies":"Large Slime","floor":12,"turns":6},{"damage":0,"enemies":"3 Louse","floor":13,"turns":2},{"damage":8,"enemies":"Gremlin Nob","floor":14,"turns":3},{"damage":31,"enemies":"The Guardian","floor":16,"turns":9},{"damage":12,"enemies":"2 Thieves","floor":18,"turns":3},{"damage":6,"enemies":"Shell Parasite","floor":22,"turns":3},{"damage":24,"enemies":"Slavers","floor":23,"turns":6},{"damage":18,"enemies":"Centurion and Healer","floor":24,"turns":4},{"damage":25,"enemies":"Gremlin Leader","floor":25,"turns":6},{"damage":7,"enemies":"Chosen and Byrds","floor":27,"turns":5},{"damage":23,"enemies":"Shelled Parasite and Fungi","floor":28,"turns":4}],"seed_played":"4519543432883360687","potions_obtained":[{"floor":0,"key":"Explosive Potion"},{"floor":0,"key":"Fire Potion"},{"floor":0,"key":"Swift Potion"},{"floor":12,"key":"SmokeBomb"},{"floor":21,"key":"EntropicBrew"},{"floor":21,"key":"EssenceOfSteel"},{"floor":21,"key":"Dexterity Potion"},{"floor":24,"key":"EssenceOfSteel"},{"floor":25,"key":"GamblersBrew"},{"floor":27,"key":"Dexterity Potion"}],"is_trial":false,"path_per_floor":["?","?","M","?","?","M","M"],"character_chosen":"IRONCLAD","items_purchased":["Inflame","Havoc","Shuriken"],"campfire_rested":1,"item_purchase_floors":[3,3,19],"current_hp_per_floor":[72,71,71,76,65,65,56,80,80,80,66,47,53,51,51,26,67,61,61,61,61,61,43,31,12,12,11,0],"gold":122,"neow_bonus":"THREE_SMALL_POTIONS","is_prod":false,"is_daily":false,"chose_seed":false,"campfire_upgraded":2,"win_rate":0,"timestamp":1553154579,"path_taken":["M","M","$","M","?","R","E","R","T","?","E","M","?","E","R","BOSS","M","$","?","?","M","E","?","E","T","M","?"],"build_version":"2019-01-23","purchased_purges":1,"victory":false,"max_hp_per_floor":[80,80,80,80,80,80,80,80,80,80,80,80,80,80,80,80,80,80,80,80,80,80,80,80,80,80,80,80],"card_choices":[{"not_picked":["Warcry","Twin Strike"],"picked":"Body Slam","floor":1},{"not_picked":["Warcry","Cleave"],"picked":"Battle Trance","floor":2},{"not_picked":["Sword Boomerang","Disarm"],"picked":"Rampage","floor":4},{"not_picked":["Cleave","Warcry"],"picked":"Havoc","floor":7},{"not_picked":["Blood for Blood","Offering"],"picked":"Havoc","floor":11},{"not_picked":["Rupture","Clash"],"picked":"Wild Strike","floor":12},{"not_picked":["Infernal Blade","Clothesline"],"picked":"Armaments","floor":13},{"not_picked":["Pommel Strike","Twin Strike"],"picked":"Armaments","floor":14},{"not_picked":["Fiend Fire","Juggernaut"],"picked":"Bludgeon","floor":16},{"not_picked":["True Grit","Battle Trance"],"picked":"Seeing Red","floor":18},{"not_picked":["Sword Boomerang","Searing Blow"],"picked":"Body Slam","floor":22},{"not_picked":["Disarm","Cleave"],"picked":"Metallicize+1","floor":23},{"not_picked":["Perfected Strike","Twin Strike"],"picked":"Warcry","floor":24},{"not_picked":["True Grit+1","Infernal Blade"],"picked":"Dark Embrace","floor":25},{"not_picked":["Perfected Strike","Cleave"],"picked":"Thunderclap+1","floor":27}],"player_experience":82560,"relics_obtained":[{"floor":7,"key":"Paper Frog"},{"floor":9,"key":"Whetstone"},{"floor":11,"key":"Darkstone Periapt"},{"floor":14,"key":"Letter Opener"},{"floor":23,"key":"Self Forming Clay"},{"floor":25,"key":"Lantern"},{"floor":26,"key":"Omamori"}],"event_choices":[{"damage_healed":0,"gold_gain":75,"player_choice":"Gather Gold","damage_taken":11,"max_hp_gain":0,"max_hp_loss":0,"event_name":"World of Goop","floor":5,"gold_loss":0},{"damage_healed":0,"gold_gain":0,"player_choice":"2 cards matched","damage_taken":0,"max_hp_gain":0,"max_hp_loss":0,"event_name":"Match and Keep!","floor":10,"gold_loss":0,"cards_obtained":["Dramatic Entrance","Evolve"]},{"damage_healed":0,"gold_gain":0,"player_choice":"Ignored","damage_taken":0,"max_hp_gain":0,"max_hp_loss":0,"event_name":"Beggar","floor":20,"gold_loss":0},{"damage_healed":0,"gold_gain":0,"player_choice":"Got Potions","damage_taken":0,"max_hp_gain":0,"max_hp_loss":0,"event_name":"Lab","floor":21,"gold_loss":0}],"is_beta":false,"boss_relics":[{"not_picked":["Calling Bell","Black Star"],"picked":"Coffee Dripper"}],"items_purged_floors":[19],"is_endless":false,"potions_floor_spawned":[2,4,7,12,24,25,27],"killed_by":"Shelled Parasite and Fungi","ascension_level":6}