{"gold_per_floor":[109,139,139,150,50,50,76,96,168,185,185,203,231,231,231,231],"floor_reached":16,"playtime":720,"items_purged":[],"score":162,"play_id":"a6efd366-244d-4e76-9c93-76123fec3fdb","local_time":"20190209172859","is_ascension_mode":true,"campfire_choices":[{"floor":6.0,"key":"REST"},{"floor":15,"key":"REST"}],"neow_cost":"NONE","seed_source_timestamp":1223754911344444,"circlet_count":0,"master_deck":["Defend_G","Defend_G","Defend_G+1","Defend_G+1","Defend_G","Strike_G","Strike_G","Strike_G","Strike_G","Strike_G","Survivor","Neutralize","PiercingWail","Heel Hook","Footwork","Quick Slash","Acrobatics","Quick Slash","Prepared","Outmaneuver","Concentrate"],"special_seed":0,"relics":["Ring of the Snake","NeowsBlessing","Tiny Chest","Peace Pipe","Blood Vial"],"potions_floor_usage":[13,13],"damage_taken":[{"damage":0.0,"enemies":"2 Louse","floor":1.0,"turns":1.0},{"damage":0.0,"enemies":"Small Slimes","floor":4.0,"turns":1.0},{"damage":0.0,"enemies":"Gremlin Nob","floor":7.0,"turns":1.0},{"damage":1.0,"enemies":"Jaw Worm","floor":8.0,"turns":5.0},{"damage":2.0,"enemies":"Red Slaver","floor":10.0,"turns":6.0},{"damage":12.0,"enemies":"Exordium Thugs","floor":12.0,"turns":7.0},{"damage":41,"enemies":"Lagavulin","floor":13,"turns":16},{"damage":51,"enemies":"Slime Boss","floor":16,"turns":10}],"seed_played":"8317770937120964346","potions_obtained":[{"floor":1.0,"key":"FearPotion"},{"floor":8.0,"key":"PowerPotion"}],"is_trial":false,"path_per_floor":["?","?","?","?"],"character_chosen":"THE_SILENT","items_purchased":["Footwork","Quick Slash"],"campfire_rested":2,"item_purchase_floors":[5,5],"current_hp_per_floor":[70,52,38,38,38,59,59,58,58,56,56,44,3,26,47,0],"gold":231,"neow_bonus":"THREE_ENEMY_KILL","is_prod":false,"is_daily":false,"chose_seed":false,"campfire_upgraded":0,"win_rate":0,"timestamp":1549762139,"path_taken":["M","?","?","M","$","R","E","M","T","M","?","M","E","?","R","BOSS"],"build_version":"2019-01-23","purchased_purges":0,"victory":false,"max_hp_per_floor":[70,70,70,70,70,70,70,70,70,70,70,70,70,70,70,70],"card_choices":[{"not_picked":["Calculated Gamble","Sucker Punch"],"picked":"PiercingWail","floor":1.0},{"not_picked":["PiercingWail","Underhanded Strike"],"picked":"Heel Hook","floor":4.0},{"not_picked":["Caltrops","Riddle With Holes"],"picked":"Acrobatics","floor":7.0},{"not_picked":["Blade Dance","Prepared"],"picked":"Quick Slash","floor":8.0},{"not_picked":["Bane","Deadly Poison"],"picked":"Prepared","floor":10.0},{"not_picked":["PiercingWail","Cloak And Dagger"],"picked":"Outmaneuver","floor":12.0},{"not_picked":["Flying Knee","Envenom"],"picked":"Concentrate","floor":13}],"player_experience":50201,"relics_obtained":[{"floor":7.0,"key":"Peace Pipe"},{"floor":13,"key":"Blood Vial"}],"event_choices":[{"damage_healed":0.0,"max_hp_gain":0.0,"max_hp_loss":0.0,"gold_gain":0.0,"event_name":"Scrap Ooze","player_choice":"Success","floor":2.0,"gold_loss":0.0,"damage_taken":18.0,"relics_obtained":["Tiny Chest"]},{"damage_healed":0.0,"max_hp_gain":0.0,"max_hp_loss":0.0,"gold_gain":0.0,"event_name":"Shining Light","player_choice":"Entered Light","floor":3.0,"gold_loss":0.0,"damage_taken":14.0,"cards_upgraded":["Defend_G","Defend_G"]},{"damage_healed":0.0,"max_hp_gain":0.0,"max_hp_loss":0.0,"gold_gain":0.0,"event_name":"Liars Game","player_choice":"Ignored","floor":11.0,"gold_loss":0.0,"damage_taken":0.0},{"damage_healed":23,"gold_gain":0,"player_choice":"Banana","damage_taken":0,"max_hp_gain":0,"max_hp_loss":0,"event_name":"Big Fish","floor":14,"gold_loss":0}],"is_beta":false,"boss_relics":[],"items_purged_floors":[],"is_endless":false,"potions_floor_spawned":[1,8],"killed_by":"Slime Boss","ascension_level":4}