{"gold_per_floor":[118,42,59,59,77,77,97,129,129,149,159,193,193,212,212,212],"floor_reached":16,"playtime":1303,"items_purged":[],"score":160,"play_id":"f196c848-e7ff-4f99-82a3-631d57a736f3","local_time":"20190406150141","is_ascension_mode":true,"campfire_choices":[{"data":"Defragment","floor":6,"key":"SMITH"},{"floor":13,"key":"REST"},{"data":"Go for the Eyes","floor":15,"key":"SMITH"}],"neow_cost":"NONE","seed_source_timestamp":422267603045754,"circlet_count":0,"master_deck":["Strike_B","Strike_B","Strike_B","Strike_B","Defend_B","Defend_B","Defend_B","Defend_B","Zap","Dualcast","Go for the Eyes","Defragment+1","Ball Lightning","Leap","Go for the Eyes+1","Hologram","Core Surge","Defragment","Sweeping Beam"],"relics":["Cracked Core","Nunchaku","Dead Branch","Bird Faced Urn"],"potions_floor_usage":[8,12],"damage_taken":[{"damage":2,"enemies":"Jaw Worm","floor":1,"turns":4},{"damage":1,"enemies":"Cultist","floor":3,"turns":3},{"damage":7,"enemies":"2 Louse","floor":5,"turns":2},{"damage":17,"enemies":"Exordium Wildlife","floor":7,"turns":4},{"damage":20,"enemies":"Gremlin Nob","floor":8,"turns":4},{"damage":0,"enemies":"Looter","floor":10,"turns":4},{"damage":20,"enemies":"Lots of Slimes","floor":11,"turns":4},{"damage":20,"enemies":"3 Sentries","floor":12,"turns":6},{"damage":10,"enemies":"Exordium Thugs","floor":14,"turns":5},{"damage":37,"enemies":"Hexaghost","floor":16,"turns":9}],"seed_played":"8642192496681202622","potions_obtained":[{"floor":3,"key":"Regen Potion"},{"floor":5,"key":"Strength Potion"},{"floor":7,"key":"Block Potion"},{"floor":11,"key":"FearPotion"}],"is_trial":false,"path_per_floor":["?","M"],"character_chosen":"DEFECT","items_purchased":["Defragment"],"campfire_rested":1,"item_purchase_floors":[2],"current_hp_per_floor":[73,73,72,82,75,75,58,38,38,38,18,13,37,31,31,0],"gold":212,"neow_bonus":"TEN_PERCENT_HP_BONUS","is_prod":false,"is_daily":false,"chose_seed":false,"campfire_upgraded":2,"win_rate":0,"timestamp":1554559301,"path_taken":["M","$","M","?","M","R","?","E","T","M","M","E","R","M","R","BOSS"],"build_version":"2019-01-23","purchased_purges":0,"victory":false,"max_hp_per_floor":[82,82,82,82,82,82,82,82,82,82,82,82,82,82,82,82],"card_choices":[{"not_picked":["Static Discharge","Rebound"],"picked":"Go for the Eyes","floor":1},{"not_picked":["Hello World","Reprogram"],"picked":"Tempest","floor":3},{"not_picked":["Leap","Hologram"],"picked":"Ball Lightning","floor":5},{"not_picked":["Gash","Redo"],"picked":"Leap","floor":7},{"not_picked":["Steam Power","Beam Cell"],"picked":"Go for the Eyes","floor":8},{"not_picked":["Redo","Gash"],"picked":"Hologram","floor":10},{"not_picked":["Double Energy","Streamline"],"picked":"Core Surge","floor":11},{"not_picked":["Turbo","Consume"],"picked":"Defragment","floor":12},{"not_picked":["Barrage","Gash"],"picked":"Sweeping Beam","floor":14}],"player_experience":504286,"relics_obtained":[{"floor":8,"key":"Nunchaku"},{"floor":9,"key":"Dead Branch"},{"floor":12,"key":"Bird Faced Urn"}],"event_choices":[{"cards_removed":["Tempest"],"damage_healed":10,"gold_gain":0,"player_choice":"Offered Uncommon","damage_taken":0,"max_hp_gain":0,"max_hp_loss":0,"event_name":"Bonfire Elementals","floor":4,"gold_loss":0}],"is_beta":false,"boss_relics":[],"items_purged_floors":[],"is_endless":false,"potions_floor_spawned":[3,5,7,11],"killed_by":"Hexaghost","ascension_level":8}