{"gold_per_floor":[113,123,123,55,71,71,105,105,105,119,119,119,147,162,162,264,264,282,267,277,293,308,308,336,354,410,50,149,75,75,94,94,194,194,206,306,306,146,146,146,181,181,181,2,25,36,54,5,5,5],"floor_reached":51,"playtime":6926,"items_purged":["Strike_B","Strike_B","Strike_B"],"score":778,"play_id":"c65652bc-264e-4f61-91cd-29fc910fc3e2","local_time":"20190329182740","is_ascension_mode":true,"campfire_choices":[{"data":"Zap","floor":6,"key":"SMITH"},{"data":"Dualcast","floor":8,"key":"SMITH"},{"data":"Sunder","floor":11,"key":"SMITH"},{"data":"Coolheaded","floor":15,"key":"SMITH"},{"floor":23,"key":"REST"},{"floor":30,"key":"REST"},{"floor":32,"key":"REST"},{"floor":40,"key":"REST"},{"floor":42,"key":"REST"},{"floor":49,"key":"REST"}],"neow_cost":"NONE","seed_source_timestamp":7885248889425,"circlet_count":0,"master_deck":["Strike_B","Defend_B","Defend_B","Defend_B","Defend_B","Zap+1","Dualcast+1","Core Surge","Hologram","FTL","Auto Shields","Coolheaded+1","Glacier+1","Sunder+1","Cold Snap","Compile Driver","Creative AI","Rebound","Ball Lightning","Leap","Consume","Sweeping Beam+1","Go for the Eyes","Compile Driver","Chill","Capacitor","Recycle","Seek","Stack+1","Conserve Battery","Bandage Up","Barrage","Finesse","Defragment","Skim"],"relics":["FrozenCore","Symbiotic Virus","Oddly Smooth Stone","Shuriken","Inserter","Smiling Mask","Tiny Chest","Regal Pillow","Ice Cream","Meat on the Bone","Pantograph","Blood Vial"],"potions_floor_usage":[18,20,20,24,33,36,41,47,47,50],"damage_taken":[{"damage":0,"enemies":"Small Slimes","floor":1,"turns":2},{"damage":1,"enemies":"Cultist","floor":2,"turns":3},{"damage":0,"enemies":"2 Louse","floor":5,"turns":3},{"damage":20,"enemies":"3 Sentries","floor":7,"turns":7},{"damage":0,"enemies":"Large Slime","floor":10,"turns":3},{"damage":10,"enemies":"Gremlin Nob","floor":13,"turns":3},{"damage":0,"enemies":"2 Fungi Beasts","floor":14,"turns":2},{"damage":20,"enemies":"Hexaghost","floor":16,"turns":12},{"damage":0,"enemies":"Spheric Guardian","floor":18,"turns":3},{"damage":11,"enemies":"2 Thieves","floor":19,"turns":4},{"damage":18,"enemies":"Centurion and Healer","floor":20,"turns":6},{"damage":2,"enemies":"Snecko","floor":21,"turns":5},{"damage":20,"enemies":"Cultist and Chosen","floor":22,"turns":7},{"damage":46,"enemies":"Gremlin Leader","floor":24,"turns":8},{"damage":8,"enemies":"Shelled Parasite and Fungi","floor":25,"turns":6},{"damage":14,"enemies":"Snake Plant","floor":31,"turns":5},{"damage":55,"enemies":"Collector","floor":33,"turns":12},{"damage":38,"enemies":"3 Darklings","floor":35,"turns":6},{"damage":8,"enemies":"Mind Bloom Boss Battle","floor":36,"turns":9},{"damage":47,"enemies":"Reptomancer","floor":41,"turns":8},{"damage":0,"enemies":"3 Shapes","floor":46,"turns":4},{"damage":41,"enemies":"Transient","floor":47,"turns":5},{"damage":13,"enemies":"Time Eater","floor":50,"turns":16}],"seed_played":"-5812381122017874927","potions_obtained":[{"floor":5,"key":"Energy Potion"},{"floor":7,"key":"Ancient Potion"},{"floor":10,"key":"Energy Potion"},{"floor":13,"key":"Regen Potion"},{"floor":19,"key":"Weak Potion"},{"floor":21,"key":"Swift Potion"},{"floor":22,"key":"SpeedPotion"},{"floor":24,"key":"FearPotion"},{"floor":33,"key":"Weak Potion"},{"floor":41,"key":"Energy Potion"}],"is_trial":false,"path_per_floor":["?","?","M","M","?","?","?","?","$","T"],"character_chosen":"DEFECT","items_purchased":["Auto Shields","Regen Potion","Chill","Regal Pillow","Capacitor","Bandage Up","Barrage","Defragment","SkillPotion","Weak Potion"],"campfire_rested":6,"item_purchase_floors":[4,27,27,27,29,38,38,44,44,48],"current_hp_per_floor":[75,74,79,79,79,79,59,59,59,59,59,59,49,49,49,29,80,80,69,51,49,29,53,22,14,14,14,14,14,53,39,78,38,80,42,34,34,34,34,73,30,69,69,69,69,75,48,48,80,71],"gold":5,"neow_bonus":"ONE_RANDOM_RARE_CARD","is_prod":false,"is_daily":false,"chose_seed":false,"campfire_upgraded":4,"win_rate":0,"timestamp":1553884060,"path_taken":["M","M","?","$","M","R","E","R","T","M","R","?","E","M","R","BOSS","M","?","M","?","M","R","E","M","T","$","?","$","R","M","R","BOSS","M","?","?","$","?","R","E","R","T","?","?","M","M","$","R","BOSS"],"build_version":"2019-01-23","purchased_purges":3,"victory":true,"max_hp_per_floor":[75,75,80,80,80,80,80,80,80,80,80,80,80,80,80,80,80,80,80,80,80,80,80,80,80,80,80,80,80,80,80,80,80,80,80,80,80,80,80,80,80,80,80,80,80,80,80,80,80,80],"card_choices":[{"not_picked":["Turbo","Steam"],"picked":"Hologram","floor":1},{"not_picked":["Reinforced Body","Storm"],"picked":"FTL","floor":2},{"not_picked":["Storm","Turbo"],"picked":"Coolheaded","floor":5},{"not_picked":["Core Surge","Genetic Algorithm"],"picked":"Glacier","floor":7},{"not_picked":["Hologram","Stack"],"picked":"Sunder","floor":10},{"not_picked":["FTL","White Noise"],"picked":"Cold Snap","floor":13},{"not_picked":["Steam Power","Hello World"],"picked":"Compile Driver","floor":14},{"not_picked":["Reboot","Machine Learning"],"picked":"Creative AI","floor":16},{"not_picked":["Doom and Gloom","Gash+1"],"picked":"Rebound","floor":18},{"not_picked":["Gash","FTL"],"picked":"Ball Lightning","floor":19},{"not_picked":["Streamline","Beam Cell"],"picked":"Leap","floor":20},{"not_picked":["Rebound","Steam Power"],"picked":"Consume","floor":21},{"not_picked":["Streamline","Hologram"],"picked":"Sweeping Beam+1","floor":22},{"not_picked":["Creative AI","Sweeping Beam"],"picked":"Go for the Eyes","floor":24},{"not_picked":["Streamline","Gash"],"picked":"Compile Driver","floor":25},{"not_picked":["Streamline","Scrape"],"picked":"Recycle","floor":31},{"not_picked":["Electrodynamics","Rainbow"],"picked":"Seek","floor":33},{"not_picked":["Barrage","Storm+1"],"picked":"Stack+1","floor":35},{"not_picked":["Sweeping Beam+1","Double Energy+1"],"picked":"Conserve Battery","floor":36},{"not_picked":["Magnetism","Purity"],"picked":"Finesse","floor":39},{"not_picked":["Beam Cell+1","Leap+1","Coolheaded"],"picked":"SKIP","floor":41},{"not_picked":["Scrape+1","Stack+1"],"picked":"Skim","floor":46},{"not_picked":["Reprogram","Ball Lightning+1","Hologram"],"picked":"SKIP","floor":47}],"player_experience":355949,"relics_obtained":[{"floor":7,"key":"Symbiotic Virus"},{"floor":9,"key":"Oddly Smooth Stone"},{"floor":13,"key":"Shuriken"},{"floor":24,"key":"Smiling Mask"},{"floor":26,"key":"Tiny Chest"},{"floor":36,"key":"Ice Cream"},{"floor":41,"key":"Meat on the Bone"},{"floor":43,"key":"Pantograph"},{"floor":45,"key":"Blood Vial"}],"event_choices":[{"damage_healed":0,"gold_gain":0,"player_choice":"Donut","damage_taken":0,"max_hp_gain":5,"max_hp_loss":0,"event_name":"Big Fish","floor":3,"gold_loss":0},{"damage_healed":0,"gold_gain":0,"player_choice":"Upgraded","damage_taken":0,"max_hp_gain":0,"max_hp_loss":0,"event_name":"Upgrade Shrine","floor":12,"gold_loss":0,"cards_upgraded":["Glacier"]},{"damage_healed":0,"gold_gain":99,"player_choice":"Stole From Cult","damage_taken":0,"max_hp_gain":0,"max_hp_loss":0,"event_name":"Nest","floor":28,"gold_loss":0},{"damage_healed":0,"gold_gain":0,"player_choice":"Fight","damage_taken":0,"max_hp_gain":0,"max_hp_loss":0,"event_name":"MindBloom","floor":36,"gold_loss":0},{"damage_healed":0,"gold_gain":0,"player_choice":"Ignored","damage_taken":0,"max_hp_gain":0,"max_hp_loss":0,"event_name":"Tomb of Lord Red Mask","floor":37,"gold_loss":0},{"damage_healed":0,"gold_gain":0,"player_choice":"Memory 1","damage_taken":0,"max_hp_gain":0,"max_hp_loss":0,"event_name":"SensoryStone","floor":39,"gold_loss":0}],"is_beta":false,"boss_relics":[{"not_picked":["Lizard Tail","Nuclear Battery"],"picked":"Inserter"},{"not_picked":["Eternal Feather","Tiny House"],"picked":"FrozenCore"}],"items_purged_floors":[27,38,44],"is_endless":false,"potions_floor_spawned":[5,7,10,13,14,19,21,22,24,33,41],"ascension_level":3}