{"gold_per_floor":[115,128,128,138,165,165,197,68,68,95,95,120,140,151,151,225,225,238,163,178,49,149,179,179,211,211,244,263,263,277,304,304,378,378,393,406,406,406,68,93,93,126,126,126,51,63,88,188,188,188],"floor_reached":50,"playtime":2185,"items_purged":["Pain","Strike_B"],"score":1353,"play_id":"8137c7bc-02f7-4f11-8526-aa5fdfb0a02b","local_time":"20190425235439","is_ascension_mode":true,"campfire_choices":[{"data":"Zap","floor":6.0,"key":"SMITH"},{"floor":15.0,"key":"REST"},{"floor":24.0,"key":"REST"},{"floor":32.0,"key":"REST"},{"data":"Defragment","floor":41.0,"key":"SMITH"},{"floor":44,"key":"RECALL"},{"data":"Fission","floor":49,"key":"SMITH"}],"neow_cost":"NONE","seed_source_timestamp":20407849216516,"circlet_count":0,"master_deck":["AscendersBane","Strike_B","Defend_B","Defend_B+1","Defend_B","Defend_B","Zap+1","Dualcast","Go for the Eyes","Steam","Ball Lightning","Conserve Battery","Machine Learning","Defragment+1","Ball Lightning","Leap","Biased Cognition","Hologram+1","Static Discharge","Coolheaded","Coolheaded","Chill+1","Cold Snap","Compile Driver","Core Surge","Loop","Glacier","Meteor Strike","Self Repair","Chill","Loop","Regret","Fission+1","Parasite","Stack","Coolheaded","Reinforced Body"],"special_seed":0,"relics":["Cracked Core","NeowsBlessing","WarpedTongs","Vajra","Regal Pillow","Question Card","PreservedInsect","Odd Mushroom","Busted Crown","Thread and Needle","Letter Opener","Sundial","Mummified Hand","Ancient Tea Set","War Paint","Mercury Hourglass","Cursed Key","Art of War","Du-Vu Doll","Boot","FossilizedHelix"],"potions_floor_usage":[47],"damage_taken":[{"damage":0.0,"enemies":"2 Louse","floor":1.0,"turns":1.0},{"damage":0.0,"enemies":"Cultist","floor":2.0,"turns":1.0},{"damage":0.0,"enemies":"Jaw Worm","floor":4.0,"turns":1.0},{"damage":23.0,"enemies":"3 Sentries","floor":7.0,"turns":9.0},{"damage":8.0,"enemies":"Lagavulin","floor":10.0,"turns":5.0},{"damage":5.0,"enemies":"The Mushroom Lair","floor":12.0,"turns":5.0},{"damage":0.0,"enemies":"Large Slime","floor":13.0,"turns":3.0},{"damage":5.0,"enemies":"2 Fungi Beasts","floor":14.0,"turns":3.0},{"damage":17.0,"enemies":"Slime Boss","floor":16.0,"turns":4.0},{"damage":3.0,"enemies":"3 Byrds","floor":18.0,"turns":4.0},{"damage":15.0,"enemies":"Shell Parasite","floor":20.0,"turns":5.0},{"damage":7.0,"enemies":"Colosseum Slavers","floor":22.0,"turns":5.0},{"damage":22.0,"enemies":"Colosseum Nobs","floor":22.0,"turns":4.0},{"damage":13.0,"enemies":"Gremlin Leader","floor":23.0,"turns":6.0},{"damage":17.0,"enemies":"Slavers","floor":25.0,"turns":3.0},{"damage":12.0,"enemies":"Book of Stabbing","floor":27.0,"turns":5.0},{"damage":2.0,"enemies":"Snake Plant","floor":28.0,"turns":3.0},{"damage":0.0,"enemies":"Snecko","floor":30.0,"turns":5.0},{"damage":0.0,"enemies":"Gremlin Leader","floor":31.0,"turns":5.0},{"damage":2.0,"enemies":"Champ","floor":33.0,"turns":12.0},{"damage":5.0,"enemies":"3 Shapes","floor":35.0,"turns":4.0},{"damage":10.0,"enemies":"3 Darklings","floor":36.0,"turns":5.0},{"damage":0.0,"enemies":"Reptomancer","floor":40.0,"turns":6.0},{"damage":13,"enemies":"Nemesis","floor":42,"turns":5},{"damage":5,"enemies":"Writhing Mass","floor":46,"turns":5},{"damage":8,"enemies":"Giant Head","floor":47,"turns":6},{"damage":0,"enemies":"Mind Bloom Boss Battle","floor":48,"turns":4},{"damage":34,"enemies":"Time Eater","floor":50,"turns":7}],"seed_played":"-1374137512698422337","potions_obtained":[{"floor":4.0,"key":"Poison Potion"},{"floor":7.0,"key":"FocusPotion"},{"floor":13.0,"key":"PowerPotion"},{"floor":18.0,"key":"Block Potion"},{"floor":23.0,"key":"Regen Potion"},{"floor":27.0,"key":"Block Potion"},{"floor":30.0,"key":"Energy Potion"},{"floor":31.0,"key":"SteroidPotion"},{"floor":33.0,"key":"Strength Potion"},{"floor":36.0,"key":"GamblersBrew"},{"floor":42,"key":"PowerPotion"}],"is_trial":false,"path_per_floor":["M","M","?","M","T","R","E","$","T","E","?","?","M","M","R","B",null,"M","?","M","$","?","E","R","E","T","E","M","?","M","E","R","B",null,"M","M","?","?","$","E","R","E","T","R","$","M","E","?","R","B"],"character_chosen":"DEFECT","items_purchased":["Conserve Battery","Coolheaded","Glacier","Meteor Strike","Self Repair","Fission"],"campfire_rested":3,"item_purchase_floors":[8,21,39,39,39,45],"current_hp_per_floor":[64,64,64,64,64,64,41,41,41,33,26,21,21,16,52,35,62,59,59,44,44,15,2,38,30,30,18,16,16,16,16,52,50,66,61,51,51,51,51,58,58,52,52,52,52,47,46,46,46,12],"gold":188,"neow_bonus":"THREE_ENEMY_KILL","is_prod":false,"is_daily":false,"chose_seed":false,"campfire_upgraded":3,"win_rate":0,"timestamp":1556229279,"path_taken":["M","M","?","?","?","R","E","$","T","E","?","?","M","M","R","BOSS","M","?","M","$","?","E","R","E","T","E","M","?","M","E","R","BOSS","M","M","?","?","$","E","R","E","T","R","?","?","E","?","R","BOSS"],"build_version":"2019-04-23","purchased_purges":2,"victory":false,"max_hp_per_floor":[71,71,71,71,71,71,71,71,71,71,71,71,71,71,71,71,71,71,71,71,71,71,71,71,71,71,71,71,71,71,71,71,71,71,71,71,71,71,71,71,71,71,71,71,71,71,71,71,71,71],"card_choices":[{"not_picked":["Heatsinks","Tempest"],"picked":"Cold Snap","floor":1.0},{"not_picked":["Steam","Force Field"],"picked":"Go for the Eyes","floor":2.0},{"not_picked":["Skim","Turbo"],"picked":"Steam","floor":4.0},{"not_picked":["Gash","Double Energy"],"picked":"Ball Lightning","floor":7.0},{"not_picked":["Conserve Battery","Blizzard","Steam Power"],"picked":"Machine Learning","floor":10.0},{"not_picked":["Stack","Beam Cell","Gash"],"picked":"Defragment","floor":12.0},{"not_picked":["Reprogram","Turbo","Redo"],"picked":"Ball Lightning","floor":13.0},{"not_picked":["Skim","Chaos","White Noise"],"picked":"Leap","floor":14.0},{"not_picked":["Amplify","Multi-Cast","Creative AI"],"picked":"Biased Cognition","floor":16.0},{"not_picked":["Blizzard"],"picked":"Hologram","floor":18.0},{"not_picked":["Rebound"],"picked":"Static Discharge","floor":20.0},{"not_picked":["Barrage"],"picked":"Coolheaded","floor":22.0},{"not_picked":["Sweeping Beam","Hello World"],"picked":"SKIP","floor":23.0},{"not_picked":["Beam Cell"],"picked":"Chill+1","floor":25.0},{"not_picked":["Streamline","Ball Lightning"],"picked":"SKIP","floor":27.0},{"not_picked":["Steam Power","Gash"],"picked":"SKIP","floor":28.0},{"not_picked":["Consume"],"picked":"Cold Snap","floor":30.0},{"not_picked":["Genetic Algorithm"],"picked":"Compile Driver","floor":31.0},{"not_picked":["Reboot"],"picked":"Core Surge","floor":33.0},{"not_picked":["Turbo"],"picked":"Loop","floor":35.0},{"not_picked":["Melter","Loop"],"picked":"SKIP","floor":36.0},{"not_picked":["Rebound"],"picked":"Chill","floor":40.0},{"not_picked":["Gash"],"picked":"Loop","floor":42},{"not_picked":["Rebound"],"picked":"Stack","floor":46},{"not_picked":["Thunder Strike"],"picked":"Coolheaded","floor":47},{"not_picked":["Beam Cell"],"picked":"Reinforced Body","floor":48}],"player_experience":1215706,"relics_obtained":[{"floor":5.0,"key":"Vajra"},{"floor":7.0,"key":"Regal Pillow"},{"floor":9.0,"key":"Question Card"},{"floor":10.0,"key":"PreservedInsect"},{"floor":12.0,"key":"Odd Mushroom"},{"floor":22.0,"key":"Thread and Needle"},{"floor":22.0,"key":"Letter Opener"},{"floor":23.0,"key":"Sundial"},{"floor":25.0,"key":"Mummified Hand"},{"floor":26.0,"key":"Ancient Tea Set"},{"floor":27.0,"key":"War Paint"},{"floor":31.0,"key":"Mercury Hourglass"},{"floor":40.0,"key":"Art of War"},{"floor":42,"key":"Du-Vu Doll"},{"floor":47,"key":"Boot"},{"floor":48,"key":"FossilizedHelix"}],"event_choices":[{"damage_healed":0.0,"max_hp_gain":0.0,"max_hp_loss":0.0,"gold_gain":0.0,"event_name":"Accursed Blacksmith","player_choice":"Rummage","floor":3.0,"gold_loss":0.0,"damage_taken":0.0,"relics_obtained":["WarpedTongs"],"cards_obtained":["Pain"]},{"cards_removed":["Strike_B"],"damage_healed":0.0,"max_hp_gain":0.0,"max_hp_loss":0.0,"gold_gain":0.0,"event_name":"Golden Wing","player_choice":"Card Removal","floor":11.0,"gold_loss":0.0,"damage_taken":7.0},{"damage_healed":0.0,"max_hp_gain":0.0,"max_hp_loss":0.0,"gold_gain":0.0,"event_name":"Mushrooms","player_choice":"Fought Mushrooms","floor":12.0,"gold_loss":0.0,"damage_taken":0.0},{"cards_removed":["Strike_B"],"damage_healed":0.0,"max_hp_gain":0.0,"max_hp_loss":0.0,"gold_gain":0.0,"event_name":"Beggar","player_choice":"Gave Gold","floor":19.0,"gold_loss":75.0,"damage_taken":0.0},{"damage_healed":0.0,"max_hp_gain":0.0,"max_hp_loss":0.0,"gold_gain":0.0,"event_name":"Colosseum","player_choice":"Fight","floor":22.0,"gold_loss":0.0,"damage_taken":0.0},{"damage_healed":0.0,"max_hp_gain":0.0,"max_hp_loss":0.0,"gold_gain":0.0,"event_name":"Colosseum","player_choice":"Fought Nobs","floor":22.0,"gold_loss":0.0,"damage_taken":0.0},{"damage_healed":0.0,"max_hp_gain":0.0,"max_hp_loss":0.0,"gold_gain":0.0,"event_name":"Cursed Tome","player_choice":"Ignored","floor":29.0,"gold_loss":0.0,"damage_taken":0.0},{"cards_removed":["Cold Snap"],"damage_healed":0.0,"max_hp_gain":0.0,"max_hp_loss":0.0,"gold_gain":0.0,"event_name":"Falling","player_choice":"Removed Attack","floor":37.0,"gold_loss":0.0,"damage_taken":0.0},{"damage_healed":0.0,"max_hp_gain":0.0,"max_hp_loss":0.0,"gold_gain":0.0,"event_name":"SensoryStone","player_choice":"Memory 1","floor":38.0,"gold_loss":0.0,"damage_taken":0.0},{"damage_healed":0,"gold_gain":0,"player_choice":"Fight","damage_taken":0,"max_hp_gain":0,"max_hp_loss":0,"event_name":"MindBloom","floor":48,"gold_loss":0}],"is_beta":true,"boss_relics":[{"not_picked":["White Beast Statue","Calling Bell"],"picked":"Busted Crown"},{"not_picked":["Tiny House","Nuclear Battery"],"picked":"Cursed Key"}],"items_purged_floors":[8,21],"is_endless":false,"potions_floor_spawned":[4,7,13,14,18,22,23,27,30,31,33,36,42],"killed_by":"Time Eater","ascension_level":20}