{"gold_per_floor":[112,123,139,157,175,204,217,242,267,267,442,442,458,483,483,583,583,598,598,617,264,264,264],"floor_reached":23,"playtime":996,"items_purged":[],"score":263,"play_id":"569188ca-584a-4673-8d9e-11d9631fc58e","local_time":"20190421151601","is_ascension_mode":false,"campfire_choices":[{"floor":10,"key":"REST"},{"data":"Hologram","floor":15,"key":"SMITH"}],"neow_cost":"NONE","seed_source_timestamp":73528951905808,"circlet_count":0,"master_deck":["Strike_B+1","Strike_B+1","Strike_B+1","Defend_B+1","Defend_B+1","Defend_B+1","Zap","Dualcast","Biased Cognition","Sweeping Beam","Hologram+1","Leap","Redo","Ball Lightning","Electrodynamics","Capacitor","Doubt","Conserve Battery","Glacier+1","Go for the Eyes","Core Surge","Go for the Eyes+1","Loop","Core Surge","Cold Snap"],"relics":["Cracked Core","Strawberry","Prayer Wheel","Art of War","War Paint","Black Star","Bronze Scales"],"potions_floor_usage":[14,16,16,18,23],"damage_taken":[{"damage":0,"enemies":"Small Slimes","floor":1,"turns":2},{"damage":0,"enemies":"2 Louse","floor":2,"turns":2},{"damage":1,"enemies":"Cultist","floor":3,"turns":3},{"damage":4,"enemies":"Blue Slaver","floor":4,"turns":4},{"damage":17,"enemies":"3 Louse","floor":5,"turns":3},{"damage":5,"enemies":"Gremlin Nob","floor":6,"turns":3},{"damage":1,"enemies":"Looter","floor":7,"turns":3},{"damage":27,"enemies":"3 Sentries","floor":8,"turns":4},{"damage":13,"enemies":"Exordium Thugs","floor":13,"turns":2},{"damage":22,"enemies":"Lagavulin","floor":14,"turns":6},{"damage":0,"enemies":"Slime Boss","floor":16,"turns":6},{"damage":22,"enemies":"2 Thieves","floor":18,"turns":4},{"damage":12,"enemies":"Chosen","floor":20,"turns":5},{"damage":54,"enemies":"Book of Stabbing","floor":23,"turns":4}],"seed_played":"-8106840618818509297","potions_obtained":[{"floor":1,"key":"Strength Potion"},{"floor":3,"key":"Swift Potion"},{"floor":4,"key":"Energy Potion"},{"floor":14,"key":"FocusPotion"},{"floor":16,"key":"SteroidPotion"},{"floor":18,"key":"SpeedPotion"}],"is_trial":false,"path_per_floor":["M","M","M","M","M","E","M","E","T","R","?","?","M","E","R","B",null,"M","?","M","$","?","E"],"character_chosen":"DEFECT","items_purchased":["Bronze Scales","Core Surge","Cold Snap"],"campfire_rested":1,"item_purchase_floors":[21,21,21],"current_hp_per_floor":[75,75,74,70,53,55,54,27,27,51,51,51,38,16,16,16,82,60,60,48,48,48,0],"gold":264,"neow_bonus":"TRANSFORM_CARD","is_prod":false,"is_daily":false,"chose_seed":false,"campfire_upgraded":1,"win_rate":0,"timestamp":1555874161,"path_taken":["M","M","M","M","M","E","M","E","T","R","?","?","?","E","R","BOSS","M","?","M","$","?","E"],"build_version":"2019-01-23","purchased_purges":0,"victory":false,"max_hp_per_floor":[75,75,75,75,75,82,82,82,82,82,82,82,82,82,82,82,82,82,82,82,82,82,82],"card_choices":[{"not_picked":["Skim","Reinforced Body"],"picked":"Sweeping Beam","floor":1},{"not_picked":["Turbo","Ball Lightning"],"picked":"Hologram","floor":2},{"not_picked":["Steam","Tempest"],"picked":"Leap","floor":3},{"not_picked":["Leap","Doom and Gloom"],"picked":"Redo","floor":4},{"not_picked":["Rebound","Streamline"],"picked":"Ball Lightning","floor":5},{"not_picked":["Lockon","Gash"],"picked":"Electrodynamics","floor":6},{"not_picked":["Double Energy","Stack"],"picked":"Capacitor","floor":7},{"not_picked":["Stack","Blizzard","Scrape"],"picked":"SKIP","floor":8},{"not_picked":["Stack","Redo"],"picked":"Conserve Battery","floor":13},{"not_picked":["Sweeping Beam","Force Field"],"picked":"Glacier","floor":13},{"not_picked":["Steam","Conserve Battery"],"picked":"Go for the Eyes","floor":14},{"not_picked":["Biased Cognition","Multi-Cast"],"picked":"Core Surge","floor":16},{"not_picked":["Hologram","Double Energy+1"],"picked":"Go for the Eyes+1","floor":18},{"not_picked":["Streamline+1","Ball Lightning","Hologram"],"picked":"SKIP","floor":18},{"not_picked":["Tempest","Sunder"],"picked":"Loop","floor":20},{"not_picked":["Chaos","Conserve Battery","Rebound"],"picked":"SKIP","floor":20}],"player_experience":343063,"relics_obtained":[{"floor":6,"key":"Strawberry"},{"floor":8,"key":"Prayer Wheel"},{"floor":9,"key":"Art of War"},{"floor":14,"key":"War Paint"}],"event_choices":[{"damage_healed":0,"gold_gain":175,"player_choice":"AGREE","damage_taken":0,"max_hp_gain":0,"max_hp_loss":0,"event_name":"Liars Game","floor":11,"gold_loss":0,"cards_obtained":["Doubt"]},{"cards_removed":["Defend_B"],"damage_healed":0,"gold_gain":0,"player_choice":"Offered Basic","damage_taken":0,"max_hp_gain":0,"max_hp_loss":0,"event_name":"Bonfire Elementals","floor":12,"gold_loss":0},{"damage_healed":0,"gold_gain":0,"player_choice":"Ignored","damage_taken":0,"max_hp_gain":0,"max_hp_loss":0,"event_name":"Ghosts","floor":19,"gold_loss":0},{"damage_healed":0,"gold_gain":0,"player_choice":"Simplicity","damage_taken":0,"max_hp_gain":0,"max_hp_loss":0,"event_name":"Back to Basics","floor":22,"gold_loss":0,"cards_upgraded":["Strike_B","Strike_B","Strike_B","Defend_B","Defend_B"]}],"is_beta":false,"boss_relics":[{"not_picked":["Snecko Eye","Inserter"],"picked":"Black Star"}],"items_purged_floors":[],"is_endless":false,"potions_floor_spawned":[1,3,4,8,14,16,18],"killed_by":"Book of Stabbing","ascension_level":0}