{"gold_per_floor":[113,132,82,82,82,117,117,117],"floor_reached":8,"playtime":300,"items_purged":[],"score":62,"play_id":"ad682c67-ea2f-4fb1-9f51-78b91758c618","local_time":"20190131014853","is_ascension_mode":true,"campfire_choices":[{"data":"Searing Blow","floor":7,"key":"SMITH"}],"neow_cost":"PERCENT_DAMAGE","seed_source_timestamp":18642530687500,"circlet_count":0,"master_deck":["Strike_R","Strike_R","Strike_R","Strike_R","Defend_R","Defend_R","Defend_R","Defend_R","Bash","Rampage","Searing Blow+1","Metallicize"],"relics":["Burning Blood","Magic Flower","Champion Belt","Bottled Flame"],"potions_floor_usage":[6,6,6],"damage_taken":[{"damage":3,"enemies":"Jaw Worm","floor":1,"turns":5},{"damage":0,"enemies":"2 Louse","floor":2,"turns":2},{"damage":28,"enemies":"Lagavulin","floor":6,"turns":7},{"damage":53,"enemies":"Gremlin Nob","floor":8,"turns":5}],"seed_played":"-6069671398951766733","potions_obtained":[{"floor":1,"key":"Block Potion"},{"floor":2,"key":"Fire Potion"},{"floor":5,"key":"SkillPotion"}],"is_trial":false,"path_per_floor":["M","M","?","?","?","E","R","E"],"character_chosen":"IRONCLAD","items_purchased":[],"campfire_rested":0,"item_purchase_floors":[],"current_hp_per_floor":[62,71,71,53,53,34,34,0],"gold":117,"neow_bonus":"ONE_RARE_RELIC","is_prod":false,"is_daily":false,"chose_seed":false,"campfire_upgraded":1,"win_rate":0,"timestamp":1548917333,"path_taken":["M","M","?","?","?","E","R","E"],"build_version":"2019-01-23","purchased_purges":0,"victory":false,"max_hp_per_floor":[80,80,80,80,80,80,80,80],"card_choices":[{"not_picked":["Carnage","Shrug It Off"],"picked":"Rampage","floor":1},{"not_picked":["Clash","Anger"],"picked":"Searing Blow","floor":2},{"not_picked":["Evolve","Thunderclap"],"picked":"Metallicize","floor":6}],"player_experience":352373,"relics_obtained":[{"floor":6,"key":"Bottled Flame"}],"event_choices":[{"cards_removed":["Strike_R"],"damage_healed":0,"gold_gain":0,"player_choice":"Card Removal","damage_taken":0,"max_hp_gain":0,"max_hp_loss":0,"event_name":"The Cleric","floor":3,"gold_loss":50},{"damage_healed":0,"gold_gain":0,"player_choice":"Success","damage_taken":18,"relics_obtained":["Champion Belt"],"max_hp_gain":0,"max_hp_loss":0,"event_name":"Scrap Ooze","floor":4,"gold_loss":0},{"damage_healed":0,"gold_gain":0,"player_choice":"Got Potions","damage_taken":0,"max_hp_gain":0,"max_hp_loss":0,"event_name":"Lab","floor":5,"gold_loss":0}],"is_beta":false,"boss_relics":[],"items_purged_floors":[],"is_endless":false,"potions_floor_spawned":[1,2],"killed_by":"Gremlin Nob","ascension_level":3}