{"gold_per_floor":[110,130,130,147,161,189,189,189,265,265,293,303,320,346,346,445,445,455,224,235,255,272,272,288,45,68,68,68,102,119,131,131,226,226,238,238,253,253,269,294,294,319,319,346,0,0,0,0,0,0],"floor_reached":51,"playtime":2427,"items_purged":[],"score":952,"play_id":"7aa6175c-6220-4f27-b1fe-9ac64d01da75","local_time":"20190118174719","is_ascension_mode":true,"campfire_choices":[{"data":"Glass Knife","floor":7,"key":"SMITH"},{"data":"Glass Knife","floor":8,"key":"SMITH"},{"data":"Bane","floor":10,"key":"SMITH"},{"data":"Backstab","floor":15,"key":"SMITH"},{"data":"Apotheosis","floor":27,"key":"SMITH"},{"floor":32,"key":"REST"},{"floor":46,"key":"REST"},{"data":"Terror","floor":49,"key":"SMITH"}],"neow_cost":"NONE","seed_source_timestamp":3670408037300,"circlet_count":0,"master_deck":["Defend_G","Defend_G","Defend_G","Defend_G","Defend_G","Strike_G","Survivor","Neutralize","Deadly Poison","Bane+1","Prepared","Glass Knife+1","PiercingWail","Venomology","Deadly Poison","Poisoned Stab","Backstab+1","Die Die Die","Grand Finale+1","After Image+1","Calculated Gamble+1","Terror+1","Apotheosis+1","Footwork","Backflip+1","Catalyst","Footwork","Catalyst","Noxious Fumes","Venomology","Adrenaline","Acrobatics+1","Madness","Madness","Bouncing Flask+1","Footwork","PiercingWail+1"],"special_seed":0,"relics":["Ring of the Snake","WingedGreaves","Letter Opener","Bag of Marbles","Incense Burner","Astrolabe","Meat on the Bone","Blood Vial","Art of War","Velvet Choker","Bottled Flame","Omamori","The Courier","Centennial Puzzle","Frozen Egg 2","Red Mask"],"potions_floor_usage":[11,16,16,20,21,22,23,23,23,29,30,31,31,31,31,31,33,35,39,39,39,40,40,40,42,42,44,50,50,50],"damage_taken":[{"damage":0.0,"enemies":"Small Slimes","floor":1.0,"turns":3.0},{"damage":1.0,"enemies":"Cultist","floor":2.0,"turns":3.0},{"damage":0,"enemies":"2 Louse","floor":4,"turns":3},{"damage":0,"enemies":"Red Slaver","floor":5,"turns":4},{"damage":22,"enemies":"3 Sentries","floor":6,"turns":10},{"damage":8,"enemies":"Lagavulin","floor":11,"turns":3},{"damage":0,"enemies":"Blue Slaver","floor":12,"turns":1},{"damage":0,"enemies":"2 Fungi Beasts","floor":13,"turns":1},{"damage":0,"enemies":"Gremlin Nob","floor":14,"turns":2},{"damage":22,"enemies":"Hexaghost","floor":16,"turns":8},{"damage":11,"enemies":"Spheric Guardian","floor":18,"turns":4},{"damage":0,"enemies":"Chosen","floor":20,"turns":4},{"damage":0,"enemies":"Snecko","floor":21,"turns":3},{"damage":4,"enemies":"Cultist and Chosen","floor":22,"turns":3},{"damage":0,"enemies":"Slavers","floor":23,"turns":1},{"damage":21,"enemies":"3 Cultists","floor":24,"turns":6},{"damage":2,"enemies":"Book of Stabbing","floor":29,"turns":5},{"damage":0,"enemies":"Snecko","floor":30,"turns":4},{"damage":11,"enemies":"Cultist and Chosen","floor":31,"turns":5},{"damage":36,"enemies":"Champ","floor":33,"turns":8},{"damage":6,"enemies":"3 Darklings","floor":35,"turns":7},{"damage":2,"enemies":"Orb Walker","floor":37,"turns":2},{"damage":29,"enemies":"Maw","floor":39,"turns":7},{"damage":15,"enemies":"Giant Head","floor":40,"turns":8},{"damage":12,"enemies":"Nemesis","floor":42,"turns":7},{"damage":7,"enemies":"Giant Head","floor":44,"turns":7},{"damage":49,"enemies":"Time Eater","floor":50,"turns":11}],"seed_played":"-8471514187745257934","potions_obtained":[{"floor":4,"key":"FearPotion"},{"floor":5,"key":"GamblersBrew"},{"floor":12,"key":"AttackPotion"},{"floor":14,"key":"EssenceOfSteel"},{"floor":22,"key":"EntropicBrew"},{"floor":35,"key":"Regen Potion"},{"floor":44,"key":"Ancient Potion"}],"is_trial":false,"path_per_floor":["M","M","?","M","M","E","R","R","T","R","E","M","M","E","R","B",null,"M","$","M","M","M","E","M","$","T","R","?","E","M","M","R","B",null,"M","T","M","?","M","E","?","E","T","E","?","R","$","?","R","B",null],"character_chosen":"THE_SILENT","items_purchased":["Apotheosis","Footwork","Meat on the Bone"],"campfire_rested":2,"item_purchase_floors":[19,19,25],"current_hp_per_floor":[70,69,69,69,69,47,47,47,47,47,39,39,39,39,39,17,70,59,59,59,59,55,55,34,34,34,34,34,46,48,39,60,41,70,64,64,64,55,43,45,45,47,47,42,42,63,63,63,63,28],"gold":0,"neow_bonus":"ONE_RANDOM_RARE_CARD","is_prod":false,"is_daily":false,"chose_seed":false,"campfire_upgraded":6,"win_rate":0,"timestamp":1547851639,"path_taken":["M","M","?","M","M","E","R","R","T","R","E","M","M","E","R","BOSS","M","$","M","?","M","E","M","$","T","R","?","E","M","M","R","BOSS","M","?","?","?","M","E","?","E","T","E","?","R","$","?","R","BOSS"],"build_version":"2019-01-17v2","purchased_purges":0,"victory":true,"max_hp_per_floor":[70,70,70,70,70,70,70,70,70,70,70,70,70,70,70,70,70,70,70,70,70,70,70,70,70,70,70,70,70,70,70,70,70,70,70,70,70,70,70,70,70,70,70,70,70,70,70,70,70,70],"card_choices":[{"not_picked":["Well Laid Plans","Cloak And Dagger"],"picked":"Deadly Poison","floor":1.0},{"not_picked":["Backflip","Poisoned Stab"],"picked":"Bane","floor":2.0},{"not_picked":["Predator","Blade Dance"],"picked":"Prepared","floor":4},{"not_picked":["Dash","Flying Knee"],"picked":"Glass Knife","floor":5},{"not_picked":["Venomology","Expertise"],"picked":"PiercingWail","floor":6},{"not_picked":["Heel Hook","Skewer"],"picked":"Venomology","floor":11},{"not_picked":["Dagger Spray","Dodge and Roll"],"picked":"Deadly Poison","floor":12},{"not_picked":["Sucker Punch","Concentrate"],"picked":"Poisoned Stab","floor":13},{"not_picked":["Finisher","Bullet Time"],"picked":"Backstab","floor":14},{"not_picked":["Unload","After Image"],"picked":"Die Die Die","floor":16},{"not_picked":["Slice","All Out Attack+1"],"picked":"Terror","floor":18},{"not_picked":["Poisoned Stab+1","Cloak And Dagger"],"picked":"Backflip+1","floor":20},{"not_picked":["Poisoned Stab","Outmaneuver"],"picked":"Catalyst","floor":21},{"not_picked":["Setup","Deflect"],"picked":"Footwork","floor":22},{"not_picked":["Slice","Expertise","Prepared"],"picked":"SKIP","floor":24},{"not_picked":["Quick Slash","Eviscerate+1"],"picked":"Noxious Fumes","floor":29},{"not_picked":["Deadly Poison","Dagger Spray"],"picked":"Venomology","floor":30},{"not_picked":["Setup","Choke+1","Finisher"],"picked":"SKIP","floor":31},{"not_picked":["Die Die Die","Tools of the Trade"],"picked":"Adrenaline","floor":33},{"not_picked":["Outmaneuver","Flying Knee+1","Dagger Spray+1"],"picked":"SKIP","floor":35},{"not_picked":["Poisoned Stab","Endless Agony+1"],"picked":"Acrobatics+1","floor":37},{"not_picked":["Deadly Poison+1","Poisoned Stab","Acrobatics"],"picked":"SKIP","floor":39},{"not_picked":["Prepared+1","Skewer"],"picked":"Bouncing Flask+1","floor":40},{"not_picked":["Bane+1","Malaise"],"picked":"Footwork","floor":42},{"not_picked":["Flechettes+1","All Out Attack"],"picked":"PiercingWail+1","floor":44}],"player_experience":346305,"relics_obtained":[{"floor":6,"key":"WingedGreaves"},{"floor":9,"key":"Letter Opener"},{"floor":11,"key":"Bag of Marbles"},{"floor":14,"key":"Incense Burner"},{"floor":26,"key":"Blood Vial"},{"floor":29,"key":"Art of War"},{"floor":36,"key":"Bottled Flame"},{"floor":40,"key":"Omamori"},{"floor":42,"key":"The Courier"},{"floor":43,"key":"Centennial Puzzle"},{"floor":44,"key":"Frozen Egg 2"}],"event_choices":[{"cards_removed":["Strike_G"],"damage_healed":0.0,"max_hp_gain":0.0,"max_hp_loss":0.0,"gold_gain":0.0,"event_name":"Bonfire Elementals","player_choice":"Offered Basic","floor":3.0,"gold_loss":0.0,"damage_taken":0.0},{"damage_healed":0,"gold_gain":0,"player_choice":"Copied","damage_taken":0,"max_hp_gain":0,"max_hp_loss":0,"event_name":"Duplicator","floor":28,"gold_loss":0,"cards_obtained":["Catalyst"]},{"damage_healed":0,"gold_gain":0,"player_choice":"Embrace Madness","damage_taken":9,"max_hp_gain":0,"max_hp_loss":0,"event_name":"Winding Halls","floor":38,"gold_loss":0,"cards_obtained":["Madness","Madness"]},{"damage_healed":0,"gold_gain":0,"player_choice":"Memory 1","damage_taken":0,"max_hp_gain":0,"max_hp_loss":0,"event_name":"SensoryStone","floor":41,"gold_loss":0},{"damage_healed":0,"gold_gain":0,"player_choice":"Paid","damage_taken":0,"relics_obtained":["Red Mask"],"max_hp_gain":0,"max_hp_loss":0,"event_name":"Tomb of Lord Red Mask","floor":45,"gold_loss":346},{"cards_removed":["Glass Knife"],"damage_healed":0,"gold_gain":0,"player_choice":"Removed Attack","damage_taken":0,"max_hp_gain":0,"max_hp_loss":0,"event_name":"Falling","floor":48,"gold_loss":0}],"is_beta":false,"boss_relics":[{"not_picked":["Empty Cage","Tiny House"],"picked":"Astrolabe"},{"not_picked":["Sozu","HoveringKite"],"picked":"Velvet Choker"}],"items_purged_floors":[],"is_endless":false,"potions_floor_spawned":[4,5,12,14,18,22,23,29,35,44],"ascension_level":2}