{"gold_per_floor":[110,110,110,210,227,243,276,288,300,345,357,171,186,186,186,282,282,299,299,224,211,226,226,257,257,287,322,322,322,338,338],"floor_reached":31,"playtime":861,"items_purged":["Regret"],"score":393,"play_id":"9703cb22-a870-418d-bce8-2190f0677de4","local_time":"20190213193634","is_ascension_mode":true,"campfire_choices":[{"data":"Zap","floor":8.0,"key":"SMITH"},{"data":"Hyperbeam","floor":11.0,"key":"SMITH"},{"floor":15.0,"key":"REST"},{"data":"Conserve Battery","floor":23.0,"key":"SMITH"},{"data":"Defragment","floor":25.0,"key":"SMITH"}],"neow_cost":"NONE","seed_source_timestamp":1554947572400,"circlet_count":0,"master_deck":["Strike_B+1","Strike_B+1","Strike_B+1","Strike_B+1","Defend_B+1","Defend_B+1","Defend_B+1","Defend_B+1","Zap+1","Dualcast","Sweeping Beam","Rip and Tear","Hyperbeam+1","Conserve Battery+1","Conserve Battery","Rebound","Defragment+1","Decay"],"special_seed":0,"relics":["Cracked Core","NeowsBlessing","Thread and Needle","MawBank","Ornamental Fan","Singing Bowl","Pen Nib","White Beast Statue","PreservedInsect","Tiny Chest","Vajra"],"potions_floor_usage":[30,30],"damage_taken":[{"damage":0.0,"enemies":"Cultist","floor":1.0,"turns":1.0},{"damage":0.0,"enemies":"Small Slimes","floor":5.0,"turns":1.0},{"damage":0.0,"enemies":"Jaw Worm","floor":6.0,"turns":1.0},{"damage":23.0,"enemies":"3 Sentries","floor":7.0,"turns":5.0},{"damage":24.0,"enemies":"Gremlin Nob","floor":10.0,"turns":4.0},{"damage":0.0,"enemies":"Lots of Slimes","floor":13.0,"turns":1.0},{"damage":29.0,"enemies":"The Guardian","floor":16.0,"turns":11.0},{"damage":3.0,"enemies":"Chosen","floor":18.0,"turns":4.0},{"damage":13.0,"enemies":"2 Thieves","floor":21.0,"turns":5.0},{"damage":3.0,"enemies":"Cultist and Chosen","floor":22.0,"turns":4.0},{"damage":24.0,"enemies":"Gremlin Leader","floor":24.0,"turns":5.0},{"damage":34,"enemies":"Book of Stabbing","floor":27,"turns":4},{"damage":0,"enemies":"Centurion and Healer","floor":30,"turns":9},{"damage":11,"enemies":"Snecko","floor":31,"turns":3}],"seed_played":"1357106077272529468","potions_obtained":[{"floor":6.0,"key":"EntropicBrew"},{"floor":7.0,"key":"SkillPotion"},{"floor":16.0,"key":"Strength Potion"},{"floor":18.0,"key":"Dexterity Potion"},{"floor":21.0,"key":"Poison Potion"},{"floor":24.0,"key":"Swift Potion"},{"floor":27,"key":"FocusPotion"},{"floor":30,"key":"SteroidPotion"}],"is_trial":false,"path_per_floor":["M","?","?","?","M","M","E","R","T","E","R","$","M","?","R","B",null,"M","?","$","M","M","R","E","R","T","E","?","?","M","M"],"character_chosen":"DEFECT","items_purchased":["Pen Nib","Conserve Battery"],"campfire_rested":1,"item_purchase_floors":[12,12],"current_hp_per_floor":[68,68,68,68,68,68,45,45,45,21,21,21,23,8,31,4,60,57,79,79,68,65,65,41,41,41,9,9,9,11,0],"gold":338,"neow_bonus":"THREE_ENEMY_KILL","is_prod":false,"is_daily":false,"chose_seed":false,"campfire_upgraded":4,"win_rate":0,"timestamp":1550104594,"path_taken":["M","?","?","?","M","?","E","R","T","E","R","?","M","?","R","BOSS","M","?","$","M","M","R","E","R","T","E","?","?","M","?"],"build_version":"2019-01-23","purchased_purges":1,"victory":false,"max_hp_per_floor":[75,75,75,75,75,75,75,75,75,75,75,75,77,77,77,79,79,79,79,79,81,81,81,81,81,81,83,83,83,85,85],"card_choices":[{"not_picked":["Hologram","Lockon"],"picked":"Sweeping Beam","floor":1.0},{"not_picked":["Chaos","Turbo","Steam"],"picked":"SKIP","floor":5.0},{"not_picked":["Rebound","BootSequence"],"picked":"Rip and Tear","floor":6.0},{"not_picked":["Stack","Rip and Tear","Hello World"],"picked":"SKIP","floor":7.0},{"not_picked":["Steam","Stack"],"picked":"Hyperbeam","floor":10.0},{"not_picked":["Lockon","Hologram","Double Energy"],"picked":"Singing Bowl","floor":13.0},{"not_picked":["Hyperbeam","Machine Learning","Meteor Strike"],"picked":"Singing Bowl","floor":16.0},{"not_picked":["Barrage+1","Gash"],"picked":"Conserve Battery","floor":18.0},{"not_picked":["Leap+1","Rebound","Barrage+1"],"picked":"Singing Bowl","floor":21.0},{"not_picked":["Coolheaded","Redo"],"picked":"Rebound","floor":22.0},{"not_picked":["Leap","Redo+1"],"picked":"Defragment","floor":24.0},{"not_picked":["Genetic Algorithm","Multi-Cast","Consume+1"],"picked":"Singing Bowl","floor":27},{"not_picked":["Rebound+1","Compile Driver","Redo"],"picked":"Singing Bowl","floor":30}],"player_experience":456625,"relics_obtained":[{"floor":7.0,"key":"MawBank"},{"floor":9.0,"key":"Ornamental Fan"},{"floor":10.0,"key":"Singing Bowl"},{"floor":24.0,"key":"PreservedInsect"},{"floor":26.0,"key":"Tiny Chest"},{"floor":27,"key":"Vajra"}],"event_choices":[{"damage_healed":0.0,"max_hp_gain":0.0,"max_hp_loss":0.0,"gold_gain":0.0,"event_name":"Big Fish","player_choice":"Box","floor":2.0,"gold_loss":0.0,"damage_taken":0.0,"relics_obtained":["Thread and Needle"],"cards_obtained":["Regret"]},{"damage_healed":0.0,"max_hp_gain":0.0,"max_hp_loss":0.0,"gold_gain":0.0,"event_name":"Liars Game","player_choice":"Ignored","floor":3.0,"gold_loss":0.0,"damage_taken":0.0},{"damage_healed":0.0,"max_hp_gain":0.0,"max_hp_loss":0.0,"gold_gain":100.0,"event_name":"Golden Shrine","player_choice":"Pray","floor":4.0,"gold_loss":0.0,"damage_taken":0.0},{"damage_healed":0.0,"max_hp_gain":0.0,"max_hp_loss":0.0,"gold_gain":0.0,"event_name":"Shining Light","player_choice":"Entered Light","floor":14.0,"gold_loss":0.0,"damage_taken":15.0,"cards_upgraded":["Strike_B","Defend_B"]},{"damage_healed":26.0,"max_hp_gain":0.0,"max_hp_loss":0.0,"gold_gain":0.0,"event_name":"The Library","player_choice":"Heal","floor":19.0,"gold_loss":0.0,"damage_taken":0.0},{"damage_healed":0,"gold_gain":0,"player_choice":"Simplicity","damage_taken":0,"max_hp_gain":0,"max_hp_loss":0,"event_name":"Back to Basics","floor":28,"gold_loss":0,"cards_upgraded":["Strike_B","Strike_B","Strike_B","Defend_B","Defend_B","Defend_B"]},{"damage_healed":0,"gold_gain":0,"player_choice":"Smashed Altar","damage_taken":0,"max_hp_gain":0,"max_hp_loss":0,"event_name":"Forgotten Altar","floor":29,"gold_loss":0,"cards_obtained":["Decay"]}],"is_beta":false,"boss_relics":[{"not_picked":["Eternal Feather","Calling Bell"],"picked":"White Beast Statue"}],"items_purged_floors":[20],"is_endless":false,"potions_floor_spawned":[6,7,16,18,21,22,24,27,30],"killed_by":"Snecko","ascension_level":8}