{"gold_per_floor":[113,133,133,151,151,167,199,209,235,260,18,18,28,48,48,153,153,173,185,185],"floor_reached":20,"playtime":1363,"items_purged":["Strike_G"],"score":226,"play_id":"dd0abc23-5729-4338-babf-09ad0be5ee5a","local_time":"20190316135227","is_ascension_mode":true,"campfire_choices":[{"floor":12.0,"key":"REST"},{"floor":15.0,"key":"REST"}],"neow_cost":"NONE","seed_source_timestamp":0,"circlet_count":0,"master_deck":["Defend_G","Defend_G","Defend_G","Defend_G","Defend_G","Strike_G","Strike_G","Strike_G","Survivor","Neutralize","Blade Dance","Backflip","Acrobatics","Quick Slash","Choke","PiercingWail","Cloak And Dagger","Cloak And Dagger","Accuracy","Cloak And Dagger","Reflex","Tools of the Trade","Infinite Blades","Deflect"],"special_seed":0,"relics":["Ring of the Snake","Omamori","Art of War","Strawberry","Blood Vial","White Beast Statue"],"potions_floor_usage":[19,19,20],"damage_taken":[{"damage":8.0,"enemies":"2 Louse","floor":1.0,"turns":2.0},{"damage":0.0,"enemies":"Cultist","floor":2.0,"turns":4.0},{"damage":13.0,"enemies":"Jaw Worm","floor":4.0,"turns":4.0},{"damage":5.0,"enemies":"Red Slaver","floor":6.0,"turns":5.0},{"damage":26.0,"enemies":"Gremlin Nob","floor":7.0,"turns":4.0},{"damage":6.0,"enemies":"2 Fungi Beasts","floor":8.0,"turns":4.0},{"damage":17.0,"enemies":"Lagavulin","floor":10.0,"turns":11.0},{"damage":0.0,"enemies":"Exordium Wildlife","floor":13.0,"turns":3.0},{"damage":14.0,"enemies":"Gremlin Gang","floor":14.0,"turns":6.0},{"damage":24.0,"enemies":"The Guardian","floor":16.0,"turns":13.0},{"damage":48,"enemies":"Spheric Guardian","floor":18,"turns":9},{"damage":26,"enemies":"3 Byrds","floor":19,"turns":6},{"damage":12,"enemies":"Shelled Parasite and Fungi","floor":20,"turns":4}],"seed_played":"-8911483077637122047","potions_obtained":[{"floor":2.0,"key":"LiquidBronze"},{"floor":8.0,"key":"EssenceOfSteel"},{"floor":10.0,"key":"SneckoOil"},{"floor":16.0,"key":"SneckoOil"},{"floor":18,"key":"Ancient Potion"},{"floor":19,"key":"Fruit Juice"}],"is_trial":false,"path_per_floor":["?","?","M"],"character_chosen":"THE_SILENT","items_purchased":["Accuracy","Fire Potion","Cloak And Dagger"],"campfire_rested":2,"item_purchase_floors":[11,11,11],"current_hp_per_floor":[62,62,62,49,49,44,18,12,19,2,2,25,27,15,38,16,77,29,10,0],"gold":185,"neow_bonus":"TRANSFORM_CARD","is_prod":false,"is_daily":false,"chose_seed":false,"campfire_upgraded":0,"win_rate":0,"timestamp":1552769547,"path_taken":["M","M","?","M","?","M","E","M","T","E","$","R","M","?","R","BOSS","M","M","M"],"build_version":"2019-01-23","purchased_purges":1,"victory":false,"max_hp_per_floor":[70,70,70,70,70,70,70,70,77,77,77,77,77,77,77,77,77,77,82,82],"card_choices":[{"not_picked":["Dagger Spray","Deflect"],"picked":"Backflip","floor":1.0},{"not_picked":["Crippling Poison","Quick Slash"],"picked":"Acrobatics","floor":2.0},{"not_picked":["Prepared","Poisoned Stab"],"picked":"Quick Slash","floor":4.0},{"not_picked":["Tactician","Acrobatics"],"picked":"Choke","floor":6.0},{"not_picked":["Skewer","Acrobatics"],"picked":"PiercingWail","floor":7.0},{"not_picked":["Dodge and Roll","Venomology"],"picked":"Cloak And Dagger","floor":8.0},{"not_picked":["Slice","Flechettes"],"picked":"Cloak And Dagger","floor":10.0},{"not_picked":["Bouncing Flask","Sucker Punch"],"picked":"Reflex","floor":13.0},{"not_picked":["Calculated Gamble","Catalyst","Flying Knee"],"picked":"SKIP","floor":14.0},{"not_picked":["Unload","Doppelganger"],"picked":"Tools of the Trade","floor":16.0},{"not_picked":["Quick Slash","Prepared"],"picked":"Infinite Blades","floor":18},{"not_picked":["Quick Slash","Distraction"],"picked":"Deflect","floor":19}],"player_experience":59104,"relics_obtained":[{"floor":7.0,"key":"Art of War"},{"floor":9.0,"key":"Strawberry"},{"floor":10.0,"key":"Blood Vial"}],"event_choices":[{"damage_healed":0.0,"max_hp_gain":0.0,"max_hp_loss":0.0,"gold_gain":0.0,"event_name":"Big Fish","player_choice":"Box","floor":3.0,"gold_loss":0.0,"damage_taken":0.0,"relics_obtained":["Omamori"],"cards_obtained":["Regret"]},{"cards_removed":["Regret"],"damage_healed":0.0,"max_hp_gain":0.0,"max_hp_loss":0.0,"gold_gain":0.0,"event_name":"Fountain of Cleansing","player_choice":"Removed Curses","floor":5.0,"gold_loss":0.0,"damage_taken":0.0}],"is_beta":false,"boss_relics":[{"not_picked":["Snecko Eye","Lizard Tail"],"picked":"White Beast Statue"}],"items_purged_floors":[11],"is_endless":false,"potions_floor_spawned":[2,8,10,16,18,19],"killed_by":"Shelled Parasite and Fungi","ascension_level":4}