{"gold_per_floor":[119,119,44,60,60,60,60,99,146,46,70,146,164,180,180,311,311,334,163,183,93,118,154,154,169,192,192],"floor_reached":27,"playtime":1736,"items_purged":["Strike_R","Strike_R","Strike_R"],"score":280,"play_id":"a8afffb3-6f69-4ca4-b9ec-1f8dcce77ccd","local_time":"20190316145036","is_ascension_mode":true,"campfire_choices":[{"data":"Barricade","floor":6.0,"key":"SMITH"},{"data":"Uppercut","floor":15.0,"key":"SMITH"},{"floor":24.0,"key":"REST"}],"neow_cost":"PERCENT_DAMAGE","seed_source_timestamp":635088953677873,"circlet_count":0,"master_deck":["Strike_R+1","Defend_R","Defend_R","Defend_R","Defend_R+1","Bash","Barricade+1","Rampage","Metallicize","Battle Trance","Ghostly Armor","Uppercut+1","Feed","Intimidate+1","True Grit","Headbutt","Evolve","Iron Wave","Ghostly Armor","Shame"],"special_seed":0,"relics":["Burning Blood","Golden Idol","Art of War","Self Forming Clay","Cursed Key","Ancient Tea Set","Anchor"],"potions_floor_usage":[],"damage_taken":[{"damage":6.0,"enemies":"Cultist","floor":1.0,"turns":4.0},{"damage":15.0,"enemies":"Small Slimes","floor":4.0,"turns":3.0},{"damage":17.0,"enemies":"Gremlin Nob","floor":8.0,"turns":4.0},{"damage":1.0,"enemies":"Jaw Worm","floor":11.0,"turns":4.0},{"damage":0.0,"enemies":"Blue Slaver","floor":13.0,"turns":5.0},{"damage":2.0,"enemies":"Large Slime","floor":14.0,"turns":7.0},{"damage":10.0,"enemies":"Slime Boss","floor":16.0,"turns":10.0},{"damage":0.0,"enemies":"3 Byrds","floor":18.0,"turns":9.0},{"damage":0.0,"enemies":"Chosen","floor":20.0,"turns":5.0},{"damage":35.0,"enemies":"3 Cultists","floor":22.0,"turns":8.0},{"damage":50.0,"enemies":"Gremlin Leader","floor":23.0,"turns":8.0},{"damage":23,"enemies":"Chosen and Byrds","floor":25,"turns":7},{"damage":20,"enemies":"Centurion and Healer","floor":27,"turns":2}],"seed_played":"3027613838403129110","potions_obtained":[{"floor":4.0,"key":"PowerPotion"},{"floor":8.0,"key":"AttackPotion"},{"floor":11.0,"key":"Strength Potion"},{"floor":13.0,"key":"AttackPotion"},{"floor":20.0,"key":"SpeedPotion"},{"floor":25,"key":"GamblersBrew"}],"is_trial":false,"path_per_floor":["?","?","$","T","?"],"character_chosen":"IRONCLAD","items_purchased":["True Grit"],"campfire_rested":1,"item_purchase_floors":[19],"current_hp_per_floor":[56,40,40,31,31,31,31,20,20,20,25,25,31,35,35,31,74,74,74,77,77,51,7,31,14,14,0],"gold":192,"neow_bonus":"THREE_RARE_CARDS","is_prod":false,"is_daily":false,"chose_seed":false,"campfire_upgraded":2,"win_rate":0,"timestamp":1552773036,"path_taken":["M","?","$","M","?","R","?","E","T","$","M","?","M","M","R","BOSS","M","$","M","?","M","E","R","M","T","M"],"build_version":"2019-01-23","purchased_purges":3,"victory":false,"max_hp_per_floor":[80,80,80,80,74,74,74,74,74,74,74,74,74,74,74,74,74,74,74,77,77,80,80,80,80,80,80],"card_choices":[{"not_picked":["Limit Break","Demon Form"],"picked":"Barricade","floor":0.0},{"not_picked":["Clash","Uppercut"],"picked":"Rampage","floor":1.0},{"not_picked":["True Grit","Shrug It Off"],"picked":"Metallicize","floor":4.0},{"not_picked":["Bloodletting","Warcry"],"picked":"Battle Trance","floor":8.0},{"not_picked":["Warcry","Flame Barrier"],"picked":"Ghostly Armor","floor":11.0},{"not_picked":["Havoc","Cleave"],"picked":"Uppercut","floor":13.0},{"not_picked":["Clothesline","Pommel Strike","Rage"],"picked":"SKIP","floor":14.0},{"not_picked":["Barricade","Dark Embrace"],"picked":"Feed","floor":16.0},{"not_picked":["Hemokinesis","Pommel Strike"],"picked":"Intimidate","floor":18.0},{"not_picked":["Wild Strike+1","Clash"],"picked":"Headbutt","floor":20.0},{"not_picked":["Flex","Perfected Strike"],"picked":"Evolve","floor":22.0},{"not_picked":["Bludgeon","Whirlwind"],"picked":"Iron Wave","floor":23.0},{"not_picked":["Dual Wield","Bloodletting"],"picked":"Ghostly Armor","floor":25}],"player_experience":61781,"relics_obtained":[{"floor":8.0,"key":"Art of War"},{"floor":12.0,"key":"Self Forming Clay"},{"floor":23.0,"key":"Ancient Tea Set"},{"floor":26,"key":"Anchor"}],"event_choices":[{"damage_healed":0.0,"max_hp_gain":0.0,"max_hp_loss":0.0,"gold_gain":0.0,"event_name":"Shining Light","player_choice":"Entered Light","floor":2.0,"gold_loss":0.0,"damage_taken":16.0,"cards_upgraded":["Strike_R","Defend_R"]},{"damage_healed":0.0,"max_hp_gain":0.0,"max_hp_loss":6.0,"gold_gain":0.0,"event_name":"Golden Idol","player_choice":"Lose Max HP","floor":5.0,"gold_loss":0.0,"damage_taken":0.0,"relics_obtained":["Golden Idol"]},{"cards_removed":["Strike_R"],"damage_healed":0.0,"max_hp_gain":0.0,"max_hp_loss":0.0,"gold_gain":0.0,"event_name":"Designer","player_choice":"Upgrade and Remove","floor":21.0,"gold_loss":90.0,"damage_taken":0.0,"cards_upgraded":["Intimidate"]}],"is_beta":false,"boss_relics":[{"not_picked":["Tiny House","Philosopher\u0027s Stone"],"picked":"Cursed Key"}],"items_purged_floors":[3,10,19],"is_endless":false,"potions_floor_spawned":[4,8,11,13,20,25],"killed_by":"Centurion and Healer","ascension_level":4}