{"gold_per_floor":[117,117,82,99,27,27,56,356,356,375,375,407,407,437,437,539,539,554,31,47,47,61,86,86,36,89,102,112,112,122,122,122,219,219,235,235],"floor_reached":36,"playtime":4056,"items_purged":["Strike_B"],"score":630,"play_id":"affc570e-7d81-4077-bff6-46ace0b12c79","local_time":"20190405234351","is_ascension_mode":true,"campfire_choices":[{"data":"Dualcast","floor":6,"key":"SMITH"},{"data":"Go for the Eyes","floor":11,"key":"SMITH"},{"floor":13,"key":"REST"},{"data":"FTL","floor":15,"key":"SMITH"},{"floor":24,"key":"REST"},{"floor":29,"key":"REST"},{"floor":32,"key":"REST"}],"neow_cost":"NONE","seed_source_timestamp":364446465435354,"circlet_count":0,"master_deck":["Strike_B","Strike_B","Defend_B","Defend_B","Defend_B+1","Defend_B+1","Zap+1","Dualcast+1","Rebound","Compile Driver","FTL+1","Go for the Eyes+1","Sweeping Beam","Reboot+1","Coolheaded+1","Echo Form","Turbo+1","Rainbow+1","White Noise+1","Cold Snap","Hologram+1","Ball Lightning","White Noise+1","Melter+1","Conserve Battery+1"],"relics":["Cracked Core","Toxic Egg 2","Old Coin","Bag of Marbles","Question Card","Pocketwatch","Runic Pyramid","Singing Bowl","War Paint","Happy Flower","NlothsMask","Snecko Eye"],"potions_floor_usage":[14,16,16,33,36],"damage_taken":[{"damage":2,"enemies":"Jaw Worm","floor":1,"turns":3},{"damage":3,"enemies":"2 Louse","floor":4,"turns":2},{"damage":25,"enemies":"Lagavulin","floor":7,"turns":5},{"damage":1,"enemies":"Small Slimes","floor":10,"turns":2},{"damage":0,"enemies":"Gremlin Nob","floor":12,"turns":2},{"damage":7,"enemies":"3 Sentries","floor":14,"turns":4},{"damage":23,"enemies":"Hexaghost","floor":16,"turns":12},{"damage":3,"enemies":"Chosen","floor":18,"turns":3},{"damage":15,"enemies":"2 Thieves","floor":20,"turns":3},{"damage":14,"enemies":"Cultist and Chosen","floor":22,"turns":6},{"damage":39,"enemies":"Gremlin Leader","floor":23,"turns":6},{"damage":19,"enemies":"Shelled Parasite and Fungi","floor":27,"turns":4},{"damage":1,"enemies":"3 Cultists","floor":28,"turns":5},{"damage":7,"enemies":"Centurion and Healer","floor":30,"turns":6},{"damage":30,"enemies":"Automaton","floor":33,"turns":9},{"damage":24,"enemies":"3 Shapes","floor":35,"turns":8},{"damage":52,"enemies":"3 Darklings","floor":36,"turns":5}],"seed_played":"6010315982918300121","potions_obtained":[{"floor":7,"key":"Dexterity Potion"},{"floor":10,"key":"SkillPotion"},{"floor":12,"key":"PowerPotion"},{"floor":14,"key":"Poison Potion"},{"floor":22,"key":"Regen Potion"},{"floor":23,"key":"GamblersBrew"}],"is_trial":false,"path_per_floor":["?","?","?","?","?","M","?","M"],"character_chosen":"DEFECT","items_purchased":["FTL","Rainbow+1","White Noise+1","Cold Snap","Singing Bowl"],"campfire_rested":4,"item_purchase_floors":[5,19,19,19,19],"current_hp_per_floor":[66,59,75,72,72,72,47,47,47,46,46,46,68,61,61,38,66,63,63,48,73,59,20,42,42,42,23,22,44,39,39,62,49,72,50,0],"gold":235,"neow_bonus":"UPGRADE_CARD","is_prod":false,"is_daily":false,"chose_seed":false,"campfire_upgraded":3,"win_rate":0,"timestamp":1554504231,"path_taken":["M","?","?","M","$","R","E","?","T","M","R","E","R","E","R","BOSS","M","$","M","?","M","E","R","?","T","M","?","R","M","?","R","BOSS","M","?"],"build_version":"2019-01-23","purchased_purges":1,"victory":false,"max_hp_per_floor":[75,75,75,75,75,75,75,75,75,75,75,75,75,75,75,75,75,75,75,75,75,75,75,75,75,75,75,75,75,77,77,77,79,79,81,81],"card_choices":[{"not_picked":["Conserve Battery","Genetic Algorithm"],"picked":"Rebound","floor":1},{"not_picked":["Double Energy","Steam Power"],"picked":"Compile Driver","floor":4},{"not_picked":["Leap","Beam Cell"],"picked":"Go for the Eyes","floor":7},{"not_picked":["Stack+1","Barrage"],"picked":"Sweeping Beam","floor":10},{"not_picked":["Gash","Barrage"],"picked":"Reboot+1","floor":12},{"not_picked":["Ball Lightning","Recycle+1","Core Surge"],"picked":"Coolheaded+1","floor":14},{"not_picked":["Creative AI","Fission+1","Rainbow+1"],"picked":"Echo Form","floor":16},{"not_picked":["Loop","Compile Driver+1","Rebound"],"picked":"Turbo+1","floor":18},{"not_picked":["Go for the Eyes","Barrage+1","Force Field+1"],"picked":"Hologram+1","floor":20},{"not_picked":["Leap+1","Stack+1","Conserve Battery+1"],"picked":"Ball Lightning","floor":22},{"not_picked":["Undo+1","Biased Cognition","Fusion+1"],"picked":"White Noise+1","floor":23},{"not_picked":["Stack+1","Sunder","Storm"],"picked":"Melter+1","floor":27},{"not_picked":["Scrape","Leap+1","Steam+1"],"picked":"Conserve Battery+1","floor":28},{"not_picked":["Compile Driver","Hologram+1","Beam Cell","Sweeping Beam"],"picked":"Singing Bowl","floor":30},{"not_picked":["Rainbow+1","Fission+1","Thunder Strike","Echo Form"],"picked":"Singing Bowl","floor":33},{"not_picked":["Conserve Battery+1","Fusion+1","Gash","Double Energy+1"],"picked":"Singing Bowl","floor":35}],"player_experience":484478,"relics_obtained":[{"floor":7,"key":"Toxic Egg 2"},{"floor":9,"key":"Bag of Marbles"},{"floor":12,"key":"Question Card"},{"floor":14,"key":"Pocketwatch"},{"floor":23,"key":"War Paint"},{"floor":26,"key":"Happy Flower"}],"event_choices":[{"cards_removed":["Strike_B"],"damage_healed":0,"gold_gain":0,"player_choice":"Card Removal","damage_taken":7,"max_hp_gain":0,"max_hp_loss":0,"event_name":"Golden Wing","floor":2,"gold_loss":0},{"damage_healed":18,"gold_gain":0,"player_choice":"Healed","damage_taken":0,"max_hp_gain":0,"max_hp_loss":0,"event_name":"The Cleric","floor":3,"gold_loss":35},{"damage_healed":0,"gold_gain":0,"player_choice":"Searched \u00271\u0027 times","damage_taken":0,"relics_obtained":["Old Coin"],"max_hp_gain":0,"max_hp_loss":0,"event_name":"Dead Adventurer","floor":8,"gold_loss":0},{"damage_healed":25,"gold_gain":0,"player_choice":"Heal","damage_taken":0,"max_hp_gain":0,"max_hp_loss":0,"event_name":"The Library","floor":21,"gold_loss":0},{"damage_healed":0,"gold_gain":0,"player_choice":"Bet on Murderer","damage_taken":0,"max_hp_gain":0,"max_hp_loss":0,"event_name":"The Joust","floor":25,"gold_loss":50},{"damage_healed":0,"gold_gain":0,"player_choice":"Trade","damage_taken":0,"relics_obtained":["NlothsMask"],"max_hp_gain":0,"max_hp_loss":0,"event_name":"FaceTrader","floor":31,"gold_loss":0}],"is_beta":false,"boss_relics":[{"not_picked":["Lizard Tail","Busted Crown"],"picked":"Runic Pyramid"},{"not_picked":["White Beast Statue","Orrery"],"picked":"Snecko Eye"}],"items_purged_floors":[19],"is_endless":false,"potions_floor_spawned":[7,10,12,14,22,23,28,30],"killed_by":"3 Darklings","ascension_level":8}