{"gold_per_floor":[110,185,185,185,198,198,216,250,250,284,284,296,309,323,323,323],"floor_reached":16,"playtime":865,"items_purged":[],"score":224,"play_id":"f680fd88-03a4-42f9-9d47-1c6ef6a54ee1","local_time":"20190422190635","is_ascension_mode":true,"campfire_choices":[{"data":"Neutralize","floor":6,"key":"SMITH"},{"floor":11,"key":"REST"},{"data":"Deadly Poison","floor":15,"key":"SMITH"}],"neow_cost":"NONE","seed_source_timestamp":372412369158687,"circlet_count":0,"master_deck":["AscendersBane","Defend_G","Defend_G","Defend_G","Defend_G","Defend_G","Strike_G","Strike_G","Strike_G","Strike_G","Survivor","Neutralize+1","Poisoned Stab+1","Dagger Throw","Quick Slash","Footwork","After Image","Dodge and Roll","Deadly Poison+1","Deflect"],"relics":["Ring of the Snake","Singing Bowl","Gremlin Horn","Bag of Marbles"],"potions_floor_usage":[8,8,13,16],"damage_taken":[{"damage":0,"enemies":"2 Louse","floor":1,"turns":2},{"damage":0,"enemies":"Small Slimes","floor":5,"turns":4},{"damage":0,"enemies":"Cultist","floor":7,"turns":3},{"damage":27,"enemies":"3 Sentries","floor":8,"turns":13},{"damage":34,"enemies":"Lagavulin","floor":10,"turns":7},{"damage":8,"enemies":"Lots of Slimes","floor":12,"turns":5},{"damage":3,"enemies":"Gremlin Gang","floor":13,"turns":3},{"damage":0,"enemies":"Blue Slaver","floor":14,"turns":5},{"damage":19,"enemies":"Slime Boss","floor":16,"turns":5}],"seed_played":"5893513283220665778","potions_obtained":[{"floor":5,"key":"EntropicBrew"},{"floor":10,"key":"Ancient Potion"},{"floor":13,"key":"Poison Potion"},{"floor":14,"key":"Energy Potion"}],"is_trial":false,"path_per_floor":["?","?","?"],"character_chosen":"THE_SILENT","items_purchased":[],"campfire_rested":1,"item_purchase_floors":[],"current_hp_per_floor":[59,48,48,66,66,66,66,39,39,5,24,16,13,13,13,0],"gold":323,"neow_bonus":"REMOVE_CARD","is_prod":false,"is_daily":false,"chose_seed":false,"campfire_upgraded":2,"win_rate":0,"timestamp":1555949195,"path_taken":["M","?","?","?","M","R","M","E","T","E","R","M","M","M","R","BOSS"],"build_version":"2019-01-23","purchased_purges":0,"victory":false,"max_hp_per_floor":[66,66,66,66,66,66,66,66,66,66,66,66,66,66,66,66],"card_choices":[{"not_picked":["Quick Slash","Outmaneuver"],"picked":"Poisoned Stab","floor":1},{"not_picked":["Tools of the Trade","Slice"],"picked":"Dagger Throw","floor":5},{"not_picked":["Slice","Deflect"],"picked":"Quick Slash","floor":7},{"not_picked":["Blade Dance","Deadly Poison"],"picked":"Footwork","floor":8},{"not_picked":["Footwork","Quick Slash"],"picked":"After Image","floor":10},{"not_picked":["Setup","Slice"],"picked":"Dodge and Roll","floor":12},{"not_picked":["Slice","Caltrops"],"picked":"Deadly Poison","floor":13},{"not_picked":["Flechettes","Poisoned Stab"],"picked":"Deflect","floor":14}],"player_experience":1810649,"relics_obtained":[{"floor":8,"key":"Singing Bowl"},{"floor":9,"key":"Gremlin Horn"},{"floor":10,"key":"Bag of Marbles"}],"event_choices":[{"damage_healed":0,"gold_gain":75,"player_choice":"Gather Gold","damage_taken":11,"max_hp_gain":0,"max_hp_loss":0,"event_name":"World of Goop","floor":2,"gold_loss":0},{"damage_healed":0,"gold_gain":0,"player_choice":"Grow","damage_taken":0,"max_hp_gain":0,"max_hp_loss":0,"event_name":"Living Wall","floor":3,"gold_loss":0,"cards_upgraded":["Poisoned Stab"]},{"damage_healed":22,"gold_gain":0,"player_choice":"Banana","damage_taken":0,"max_hp_gain":0,"max_hp_loss":0,"event_name":"Big Fish","floor":4,"gold_loss":0}],"is_beta":false,"boss_relics":[],"items_purged_floors":[],"is_endless":false,"potions_floor_spawned":[5,10,13,14],"killed_by":"Slime Boss","ascension_level":20}