{"gold_per_floor":[109,109,1,16,31,31,57,70,70,98,109,109,126,136,136,211,211,222,234,234,247,277,308,319,351,351,385,385,385,413,428,428,501,501,516,534,580,592,618,618,652,652,652,652,664,684,684,698,698,698],"floor_reached":51,"playtime":5045,"items_purged":[],"score":1368,"play_id":"75d72328-37bd-4415-b392-307c22d01147","local_time":"20190419174551","is_ascension_mode":true,"campfire_choices":[{"data":"Carnage","floor":6,"key":"SMITH"},{"data":"Bash","floor":12,"key":"SMITH"},{"data":"Seeing Red","floor":15,"key":"SMITH"},{"data":"Demon Form","floor":29,"key":"SMITH"},{"data":"Ghostly","floor":32,"key":"SMITH"},{"data":"Spot Weakness","floor":40,"key":"SMITH"},{"floor":42,"key":"REST"},{"floor":44,"key":"REST"},{"data":"Offering","floor":47,"key":"SMITH"},{"data":"Armaments","floor":49,"key":"SMITH"}],"neow_cost":"NONE","seed_source_timestamp":152308220737529,"circlet_count":0,"master_deck":["AscendersBane","Strike_R","Strike_R","Strike_R","Defend_R","Defend_R","Defend_R","Defend_R","Bash+1","Twin Strike","Headbutt","Carnage+1","Shrug It Off","Thunderclap+1","True Grit","Anger","Seeing Red+1","Armaments+1","Offering+1","Battle Trance","Shrug It Off","Ghostly+1","Ghostly","Ghostly","Metallicize+1","Demon Form+1","Feel No Pain","Spot Weakness+1","Hemokinesis","Whirlwind+1","Havoc+1","Reaper+1","Shockwave+1","Corruption","Spot Weakness"],"relics":["Burning Blood","Gambling Chip","Mercury Hourglass","Kunai","Velvet Choker","Red Mask","Gremlin Horn","Ancient Tea Set","Blue Candle","Matryoshka","Singing Bowl","Snecko Eye","Torii","Anchor","Blood Vial","Pen Nib","Charon\u0027s Ashes","Whetstone"],"potions_floor_usage":[7,10,19,37,38,48,50,50],"damage_taken":[{"damage":3,"enemies":"2 Louse","floor":1,"turns":4},{"damage":0,"enemies":"Cultist","floor":4,"turns":4},{"damage":4,"enemies":"Jaw Worm","floor":5,"turns":3},{"damage":16,"enemies":"Gremlin Nob","floor":7,"turns":3},{"damage":0,"enemies":"3 Louse","floor":8,"turns":2},{"damage":15,"enemies":"3 Sentries","floor":10,"turns":4},{"damage":0,"enemies":"Looter","floor":11,"turns":2},{"damage":0,"enemies":"2 Fungi Beasts","floor":13,"turns":2},{"damage":10,"enemies":"Gremlin Gang","floor":14,"turns":4},{"damage":38,"enemies":"Slime Boss","floor":16,"turns":6},{"damage":7,"enemies":"2 Thieves","floor":18,"turns":3},{"damage":0,"enemies":"Spheric Guardian","floor":19,"turns":1},{"damage":3,"enemies":"Snake Plant","floor":21,"turns":4},{"damage":9,"enemies":"Masked Bandits","floor":22,"turns":4},{"damage":7,"enemies":"Gremlin Leader","floor":23,"turns":7},{"damage":6,"enemies":"Centurion and Healer","floor":24,"turns":7},{"damage":6,"enemies":"Slavers","floor":25,"turns":6},{"damage":7,"enemies":"Book of Stabbing","floor":27,"turns":6},{"damage":5,"enemies":"Gremlin Leader","floor":30,"turns":4},{"damage":0,"enemies":"Shelled Parasite and Fungi","floor":31,"turns":4},{"damage":16,"enemies":"Champ","floor":33,"turns":8},{"damage":6,"enemies":"3 Darklings","floor":35,"turns":3},{"damage":9,"enemies":"Orb Walker","floor":36,"turns":4},{"damage":13,"enemies":"2 Orb Walkers","floor":37,"turns":4},{"damage":19,"enemies":"Transient","floor":38,"turns":5},{"damage":34,"enemies":"Nemesis","floor":41,"turns":7},{"damage":0,"enemies":"Jaw Worm Horde","floor":45,"turns":3},{"damage":1,"enemies":"Writhing Mass","floor":46,"turns":5},{"damage":0,"enemies":"Sphere and 2 Shapes","floor":48,"turns":3},{"damage":44,"enemies":"Awakened One","floor":50,"turns":10}],"seed_played":"-7382179578360779873","potions_obtained":[{"floor":4,"key":"Poison Potion"},{"floor":8,"key":"LiquidBronze"},{"floor":10,"key":"Fire Potion"},{"floor":19,"key":"Explosive Potion"},{"floor":37,"key":"Fire Potion"},{"floor":41,"key":"Block Potion"},{"floor":48,"key":"Dexterity Potion"}],"is_trial":false,"path_per_floor":["?","?","?","?","?","T"],"character_chosen":"IRONCLAD","items_purchased":["Headbutt","Strength Potion"],"campfire_rested":2,"item_purchase_floors":[3,3],"current_hp_per_floor":[78,78,78,82,82,82,72,78,78,69,75,75,81,77,77,45,73,72,78,41,41,38,37,37,37,37,36,36,36,37,41,41,31,39,41,40,35,34,34,34,8,22,22,36,44,49,49,51,51,13],"gold":698,"neow_bonus":"TEN_PERCENT_HP_BONUS","is_prod":false,"is_daily":false,"chose_seed":false,"campfire_upgraded":8,"win_rate":0,"timestamp":1555692351,"path_taken":["M","?","$","M","M","R","E","M","T","E","M","R","M","M","R","BOSS","M","M","?","M","?","E","M","E","T","E","?","R","E","M","R","BOSS","M","M","?","M","?","R","E","R","T","R","M","M","R","M","R","BOSS"],"build_version":"2019-01-23","purchased_purges":0,"victory":true,"max_hp_per_floor":[82,82,82,82,82,82,82,82,82,82,82,82,82,82,82,82,82,82,82,41,41,41,41,41,41,41,41,41,41,41,41,41,41,41,43,45,47,49,49,49,49,49,49,49,49,49,49,51,51,51],"card_choices":[{"not_picked":["Havoc","Evolve"],"picked":"Twin Strike","floor":1},{"not_picked":["Armaments","Seeing Red"],"picked":"Carnage","floor":4},{"not_picked":["Iron Wave","Battle Trance"],"picked":"Shrug It Off","floor":5},{"not_picked":["True Grit","Twin Strike"],"picked":"Thunderclap","floor":7},{"not_picked":["Cleave","Pummel","Thunderclap"],"picked":"SKIP","floor":8},{"not_picked":["Bloodletting","Whirlwind"],"picked":"True Grit","floor":10},{"not_picked":["Entrench","True Grit"],"picked":"Anger","floor":11},{"not_picked":["Clothesline","Iron Wave"],"picked":"Seeing Red","floor":13},{"not_picked":["Flex","Perfected Strike"],"picked":"Armaments","floor":14},{"not_picked":["Immolate","Double Tap"],"picked":"Offering","floor":16},{"not_picked":["Intimidate","Thunderclap"],"picked":"Battle Trance","floor":18},{"not_picked":["Anger","Clash"],"picked":"Shrug It Off","floor":19},{"not_picked":["Infernal Blade","Clash","Clothesline"],"picked":"SKIP","floor":21},{"not_picked":["True Grit","Body Slam+1"],"picked":"Metallicize+1","floor":22},{"not_picked":["Clothesline","Pummel"],"picked":"Demon Form","floor":23},{"not_picked":["Combust","Body Slam+1"],"picked":"Feel No Pain","floor":24},{"not_picked":["Clash","Wild Strike","Rupture"],"picked":"SKIP","floor":25},{"not_picked":["Power Through+1","Second Wind"],"picked":"Spot Weakness","floor":27},{"not_picked":["Flex","Hemokinesis"],"picked":"Whirlwind+1","floor":30},{"not_picked":["Bloodletting","Feel No Pain"],"picked":"Havoc+1","floor":31},{"not_picked":["Barricade","Berserk"],"picked":"Reaper","floor":33},{"not_picked":["Battle Trance+1","Shrug It Off","Entrench+1"],"picked":"Singing Bowl","floor":35},{"not_picked":["Carnage","Iron Wave","Rupture"],"picked":"Singing Bowl","floor":36},{"not_picked":["Hemokinesis","Power Through","Body Slam"],"picked":"Singing Bowl","floor":37},{"not_picked":["Thunderclap+1","Shrug It Off","Cleave"],"picked":"Singing Bowl","floor":38},{"not_picked":["Shrug It Off+1","Exhume"],"picked":"Shockwave+1","floor":41},{"not_picked":["Armaments","Reckless Charge+1"],"picked":"Corruption","floor":45},{"not_picked":["Combust","Fire Breathing+1"],"picked":"Spot Weakness","floor":46},{"not_picked":["Perfected Strike","Searing Blow","Sword Boomerang"],"picked":"Singing Bowl","floor":48}],"player_experience":639149,"relics_obtained":[{"floor":7,"key":"Gambling Chip"},{"floor":9,"key":"Mercury Hourglass"},{"floor":10,"key":"Kunai"},{"floor":22,"key":"Red Mask"},{"floor":23,"key":"Gremlin Horn"},{"floor":25,"key":"Ancient Tea Set"},{"floor":26,"key":"Blue Candle"},{"floor":27,"key":"Matryoshka"},{"floor":30,"key":"Singing Bowl"},{"floor":37,"key":"Torii"},{"floor":39,"key":"Anchor"},{"floor":39,"key":"Blood Vial"},{"floor":41,"key":"Pen Nib"},{"floor":43,"key":"Charon\u0027s Ashes"},{"floor":43,"key":"Whetstone"}],"event_choices":[{"cards_removed":["Strike_R"],"damage_healed":0,"gold_gain":0,"player_choice":"Offered Basic","damage_taken":0,"max_hp_gain":0,"max_hp_loss":0,"event_name":"Bonfire Elementals","floor":2,"gold_loss":0},{"damage_healed":0,"gold_gain":0,"player_choice":"Became a Ghost","damage_taken":0,"max_hp_gain":0,"max_hp_loss":41,"event_name":"Ghosts","floor":20,"gold_loss":0,"cards_obtained":["Ghostly","Ghostly","Ghostly"]},{"damage_healed":0,"gold_gain":0,"player_choice":"Fought Bandits","damage_taken":0,"max_hp_gain":0,"max_hp_loss":0,"event_name":"Masked Bandits","floor":22,"gold_loss":0},{"damage_healed":0,"gold_gain":0,"cards_transformed":["Strike_R"],"player_choice":"Transformed","damage_taken":0,"max_hp_gain":0,"max_hp_loss":0,"event_name":"Transmorgrifier","floor":28,"gold_loss":0,"cards_obtained":["Hemokinesis"]},{"damage_healed":0,"gold_gain":0,"player_choice":"Fight","damage_taken":0,"max_hp_gain":0,"max_hp_loss":0,"event_name":"Mysterious Sphere","floor":37,"gold_loss":0}],"is_beta":false,"boss_relics":[{"not_picked":["Tiny House","Busted Crown"],"picked":"Velvet Choker"},{"not_picked":["Pandora\u0027s Box","Sozu"],"picked":"Snecko Eye"}],"items_purged_floors":[],"is_endless":false,"potions_floor_spawned":[4,8,10,19,21,30,37,41,45,48],"ascension_level":16}