{"gold_per_floor":[109,125,43,118,133,133,146,181,235,268,268,278,228,23,23,122,122,137,237,237,237,248,248,248],"floor_reached":24,"playtime":2625,"items_purged":[],"score":341,"play_id":"3e6e42e4-eec4-45aa-977d-e1d6eb81c72f","local_time":"20190421225840","is_ascension_mode":true,"campfire_choices":[{"data":"Zap","floor":6,"key":"SMITH"},{"data":"Electrodynamics","floor":11,"key":"SMITH"},{"floor":15,"key":"REST"},{"floor":23,"key":"REST"}],"neow_cost":"NONE","seed_source_timestamp":346313791530277,"circlet_count":0,"master_deck":["AscendersBane","Strike_B","Strike_B","Strike_B","Defend_B","Defend_B","Defend_B","Defend_B","Zap+1","Dualcast","Rip and Tear","Auto Shields","Self Repair","Coolheaded","White Noise","Electrodynamics+1","Coolheaded","Barrage","Rainbow","Ball Lightning","Glacier","Darkness","Sweeping Beam","BootSequence","Sunder","Buffer","Ghostly","Ghostly","Ghostly","Ghostly","Ghostly","Defragment"],"relics":["Cracked Core","Question Card","Pen Nib","Oddly Smooth Stone","Bronze Scales","Orrery","Unceasing Top","Cables"],"potions_floor_usage":[7,19,19,24],"damage_taken":[{"damage":1,"enemies":"Cultist","floor":1,"turns":3},{"damage":2,"enemies":"Jaw Worm","floor":2,"turns":3},{"damage":4,"enemies":"Small Slimes","floor":5,"turns":2},{"damage":0,"enemies":"2 Fungi Beasts","floor":7,"turns":2},{"damage":25,"enemies":"Lagavulin","floor":8,"turns":8},{"damage":15,"enemies":"3 Sentries","floor":10,"turns":3},{"damage":9,"enemies":"Looter","floor":12,"turns":3},{"damage":22,"enemies":"The Guardian","floor":16,"turns":14},{"damage":23,"enemies":"Shell Parasite","floor":18,"turns":8},{"damage":24,"enemies":"Colosseum Slavers","floor":19,"turns":4},{"damage":52,"enemies":"Colosseum Nobs","floor":19,"turns":5},{"damage":0,"enemies":"Spheric Guardian","floor":22,"turns":3},{"damage":22,"enemies":"Cultist and Chosen","floor":24,"turns":8}],"seed_played":"2071628373070905208","potions_obtained":[{"floor":1,"key":"Regen Potion"},{"floor":2,"key":"Explosive Potion"},{"floor":22,"key":"Energy Potion"}],"is_trial":false,"path_per_floor":["$","?","?","?","?","?","M"],"character_chosen":"DEFECT","items_purchased":["Self Repair","Bronze Scales","Dexterity Potion"],"campfire_rested":2,"item_purchase_floors":[3,14,14],"current_hp_per_floor":[74,72,72,61,57,57,64,46,46,38,38,36,36,36,60,45,73,57,9,9,9,9,21,0],"gold":248,"neow_bonus":"TEN_PERCENT_HP_BONUS","is_prod":false,"is_daily":false,"chose_seed":false,"campfire_upgraded":2,"win_rate":0,"timestamp":1555883920,"path_taken":["M","M","?","?","M","R","M","E","T","E","R","M","?","$","R","BOSS","M","?","?","?","M","R","?"],"build_version":"2019-01-23","purchased_purges":0,"victory":false,"max_hp_per_floor":[82,82,82,82,82,82,82,82,82,82,82,82,82,82,82,82,82,82,82,41,41,41,41,41],"card_choices":[{"not_picked":["Blizzard","Skim"],"picked":"Rip and Tear","floor":1},{"not_picked":["Reinforced Body","Tempest"],"picked":"Auto Shields","floor":2},{"not_picked":["Compile Driver","Leap"],"picked":"Coolheaded","floor":5},{"not_picked":["Barrage","Steam Power"],"picked":"White Noise","floor":7},{"not_picked":["Turbo","Blizzard"],"picked":"Electrodynamics","floor":8},{"not_picked":["Leap","Beam Cell","Doom and Gloom"],"picked":"Coolheaded","floor":10},{"not_picked":["Hello World","Rebound","Redo"],"picked":"Barrage","floor":12},{"not_picked":["Buffer","Core Surge","Thunder Strike"],"picked":"Rainbow","floor":16},{"not_picked":["Hologram","Beam Cell","FTL"],"picked":"Ball Lightning","floor":17},{"not_picked":["Blizzard","Coolheaded","Cold Snap"],"picked":"Glacier","floor":17},{"not_picked":["Streamline","Leap","Undo"],"picked":"Darkness","floor":17},{"not_picked":["Barrage","Chill","Coolheaded"],"picked":"Sweeping Beam","floor":17},{"not_picked":["Beam Cell","Storm","Conserve Battery"],"picked":"BootSequence","floor":17},{"not_picked":["Steam+1","Hologram","Stack+1"],"picked":"Sunder","floor":18},{"not_picked":["Beam Cell","Coolheaded+1","Stack"],"picked":"Buffer","floor":19},{"not_picked":["Chill","Ball Lightning","Glacier+1"],"picked":"Defragment","floor":22}],"player_experience":688024,"relics_obtained":[{"floor":8,"key":"Question Card"},{"floor":9,"key":"Pen Nib"},{"floor":10,"key":"Oddly Smooth Stone"},{"floor":19,"key":"Unceasing Top"},{"floor":19,"key":"Cables"}],"event_choices":[{"damage_healed":0,"gold_gain":75,"player_choice":"Gather Gold","damage_taken":11,"max_hp_gain":0,"max_hp_loss":0,"event_name":"World of Goop","floor":4,"gold_loss":0},{"cards_removed":["Strike_B"],"damage_healed":0,"gold_gain":0,"player_choice":"Card Removal","damage_taken":0,"max_hp_gain":0,"max_hp_loss":0,"event_name":"The Cleric","floor":13,"gold_loss":50},{"damage_healed":0,"gold_gain":0,"player_choice":"Fight","damage_taken":0,"max_hp_gain":0,"max_hp_loss":0,"event_name":"Colosseum","floor":19,"gold_loss":0},{"damage_healed":0,"gold_gain":0,"player_choice":"Fought Nobs","damage_taken":0,"max_hp_gain":0,"max_hp_loss":0,"event_name":"Colosseum","floor":19,"gold_loss":0},{"damage_healed":0,"gold_gain":0,"player_choice":"Became a Ghost","damage_taken":0,"max_hp_gain":0,"max_hp_loss":41,"event_name":"Ghosts","floor":20,"gold_loss":0,"cards_obtained":["Ghostly","Ghostly","Ghostly","Ghostly","Ghostly"]},{"damage_healed":0,"gold_gain":0,"player_choice":"Ignored","damage_taken":0,"max_hp_gain":0,"max_hp_loss":0,"event_name":"Vampires","floor":21,"gold_loss":0}],"is_beta":false,"boss_relics":[{"not_picked":["Calling Bell","Tiny House"],"picked":"Orrery"}],"items_purged_floors":[],"is_endless":false,"potions_floor_spawned":[1,2,5,19,22],"killed_by":"Cultist and Chosen","ascension_level":11}