{"gold_per_floor":[115,115,138,154,154,188,188,212,212,212,251,251,276,276],"floor_reached":14,"playtime":736,"items_purged":[],"score":120,"play_id":"a943ac5e-72a7-4c60-a96a-b7e9d07665cf","local_time":"20190207165818","is_ascension_mode":true,"campfire_choices":[{"data":"Footwork","floor":7,"key":"SMITH"},{"data":"Neutralize","floor":10,"key":"SMITH"}],"neow_cost":"NONE","seed_source_timestamp":25457011731300,"circlet_count":0,"master_deck":["Defend_G","Defend_G","Defend_G","Defend_G","Defend_G","Strike_G","Strike_G","Strike_G","Strike_G","Strike_G","Survivor","Neutralize+1","Dagger Spray","Deadly Poison","PiercingWail","Poisoned Stab","Footwork+1","Deadly Poison","Blade Dance","Backstab"],"relics":["Ring of the Snake","Golden Idol","FaceOfCleric","Strawberry","Paper Crane","Dead Branch"],"potions_floor_usage":[14,14],"damage_taken":[{"damage":0,"enemies":"Small Slimes","floor":1,"turns":5},{"damage":0,"enemies":"Cultist","floor":3,"turns":4},{"damage":0,"enemies":"2 Louse","floor":4,"turns":2},{"damage":31,"enemies":"3 Sentries","floor":6,"turns":10},{"damage":0,"enemies":"2 Fungi Beasts","floor":8,"turns":4},{"damage":21,"enemies":"Lagavulin","floor":11,"turns":6},{"damage":8,"enemies":"Blue Slaver","floor":13,"turns":4},{"damage":8,"enemies":"Lots of Slimes","floor":14,"turns":2}],"seed_played":"2301533444177510589","potions_obtained":[{"floor":4,"key":"GamblersBrew"},{"floor":8,"key":"Ancient Potion"},{"floor":11,"key":"GamblersBrew"}],"is_trial":false,"path_per_floor":["M","?","M","M","?","E","R","M","T","R","E","?","M","M"],"character_chosen":"THE_SILENT","items_purchased":[],"campfire_rested":0,"item_purchase_floors":[],"current_hp_per_floor":[70,53,53,53,53,30,30,31,31,31,11,11,4,0],"gold":276,"neow_bonus":"THREE_CARDS","is_prod":false,"is_daily":false,"chose_seed":false,"campfire_upgraded":2,"win_rate":0,"timestamp":1549576698,"path_taken":["M","?","M","M","?","E","R","?","T","R","E","?","M","M"],"build_version":"2019-01-23","purchased_purges":0,"victory":false,"max_hp_per_floor":[70,70,70,70,70,78,78,79,79,79,80,80,81,81],"card_choices":[{"not_picked":["Quick Slash","Slice"],"picked":"Dagger Spray","floor":0},{"not_picked":["Catalyst","Bane"],"picked":"Deadly Poison","floor":1},{"not_picked":["Slice","Dagger Spray"],"picked":"PiercingWail","floor":3},{"not_picked":["Dagger Spray","Acrobatics"],"picked":"Poisoned Stab","floor":4},{"not_picked":["Acrobatics","Heel Hook"],"picked":"Footwork","floor":6},{"not_picked":["Phantasmal Killer","Slice"],"picked":"Deadly Poison","floor":8},{"not_picked":["Deflect","Caltrops"],"picked":"Blade Dance","floor":11},{"not_picked":["Outmaneuver","Prepared"],"picked":"Backstab","floor":13}],"player_experience":406884,"relics_obtained":[{"floor":6,"key":"Strawberry"},{"floor":9,"key":"Paper Crane"},{"floor":11,"key":"Dead Branch"}],"event_choices":[{"damage_healed":0,"gold_gain":0,"player_choice":"Take Damage","damage_taken":17,"relics_obtained":["Golden Idol"],"max_hp_gain":0,"max_hp_loss":0,"event_name":"Golden Idol","floor":2,"gold_loss":0},{"damage_healed":0,"gold_gain":0,"player_choice":"Trade","damage_taken":0,"relics_obtained":["FaceOfCleric"],"max_hp_gain":0,"max_hp_loss":0,"event_name":"FaceTrader","floor":5,"gold_loss":0},{"damage_healed":0,"gold_gain":0,"player_choice":"Ignored","damage_taken":0,"max_hp_gain":0,"max_hp_loss":0,"event_name":"Liars Game","floor":12,"gold_loss":0}],"is_beta":false,"boss_relics":[],"items_purged_floors":[],"is_endless":false,"potions_floor_spawned":[4,8,11],"killed_by":"Lots of Slimes","ascension_level":4}