{"gold_per_floor":[119,119,130,144,71,105,119,119],"floor_reached":8,"playtime":292,"items_purged":[],"score":81,"play_id":"bbcb655f-06fd-4608-ac9e-ef0406cd7791","local_time":"20190213191912","is_ascension_mode":true,"campfire_choices":[],"neow_cost":"NONE","seed_source_timestamp":1200522646600,"circlet_count":0,"master_deck":["Strike_B","Strike_B","Strike_B","Defend_B","Defend_B","Defend_B","Defend_B","Zap","Dualcast","Thunder Strike","Ball Lightning","Ball Lightning","Defragment","Self Repair","Storm","Echo Form"],"special_seed":0,"relics":["Cracked Core","Blood Vial"],"potions_floor_usage":[6,7,8],"damage_taken":[{"damage":7.0,"enemies":"Jaw Worm","floor":1.0,"turns":3.0},{"damage":6.0,"enemies":"Cultist","floor":3.0,"turns":3.0},{"damage":7.0,"enemies":"2 Louse","floor":4.0,"turns":3.0},{"damage":25,"enemies":"3 Sentries","floor":6,"turns":5},{"damage":25,"enemies":"Exordium Wildlife","floor":7,"turns":4},{"damage":30,"enemies":"Lagavulin","floor":8,"turns":5}],"seed_played":"-2348231000333079658","potions_obtained":[{"floor":1.0,"key":"PowerPotion"},{"floor":4.0,"key":"FearPotion"},{"floor":6,"key":"Poison Potion"},{"floor":7,"key":"FearPotion"}],"is_trial":false,"path_per_floor":["M","?","M","M","$","E","M","E"],"character_chosen":"DEFECT","items_purchased":["Self Repair"],"campfire_rested":0,"item_purchase_floors":[5],"current_hp_per_floor":[61,61,55,48,48,30,14,0],"gold":119,"neow_bonus":"ONE_RANDOM_RARE_CARD","is_prod":false,"is_daily":false,"chose_seed":false,"campfire_upgraded":0,"win_rate":0,"timestamp":1550103552,"path_taken":["M","?","?","M","$","E","M","E"],"build_version":"2019-01-23","purchased_purges":0,"victory":false,"max_hp_per_floor":[75,75,75,75,75,75,75,75],"card_choices":[{"not_picked":["Heatsinks","Conserve Battery"],"picked":"Ball Lightning","floor":1.0},{"not_picked":["Turbo","Conserve Battery"],"picked":"Ball Lightning","floor":3.0},{"not_picked":["Streamline","Beam Cell"],"picked":"Defragment","floor":4.0},{"not_picked":["Hologram","Barrage"],"picked":"Storm","floor":6},{"not_picked":["Auto Shields","Gash"],"picked":"Echo Form","floor":7}],"player_experience":456333,"relics_obtained":[{"floor":6,"key":"Blood Vial"}],"event_choices":[{"cards_removed":["Strike_B"],"damage_healed":0.0,"max_hp_gain":0.0,"max_hp_loss":0.0,"gold_gain":0.0,"event_name":"Bonfire Elementals","player_choice":"Offered Basic","floor":2.0,"gold_loss":0.0,"damage_taken":0.0}],"is_beta":false,"boss_relics":[],"items_purged_floors":[],"is_endless":false,"potions_floor_spawned":[1,4,6,7],"killed_by":"Lagavulin","ascension_level":8}