{"gold_per_floor":[111,111,127,142,161,161,193,193,246,272,11,45,60,60,60,162,162,174,187,45,60,77,105,105,130,177,77,93,126,126,139,139,238,238,252,252,272,147,147,203,203,203,203,229,249,299,324,424,424,424,424,424,45,71,71],"floor_reached":56,"playtime":5036,"items_purged":["Strike_G","Doubt","Strike_G","Strike_G"],"score":1551,"play_id":"dc54358d-8f9f-4be1-b4eb-276e246cb7f4","local_time":"20190321140830","is_ascension_mode":true,"campfire_choices":[{"data":"Neutralize","floor":6,"key":"SMITH"},{"floor":8,"key":"REST"},{"data":"Footwork","floor":15,"key":"SMITH"},{"floor":24,"key":"REST"},{"data":"Tactician","floor":30,"key":"SMITH"},{"data":"Expertise","floor":32,"key":"SMITH"},{"floor":42,"key":"RECALL"},{"floor":49,"key":"REST"},{"data":"Well Laid Plans","floor":52,"key":"SMITH"}],"neow_cost":"NONE","seed_source_timestamp":211683433879003,"circlet_count":0,"master_deck":["Defend_G","Defend_G","Defend_G","Defend_G","Defend_G","Strike_G+1","Survivor","Neutralize+1","Endless Agony+1","Footwork+1","Well Laid Plans+1","Dash","Well Laid Plans+1","Quick Slash","Tactician+1","Flying Knee","Grand Finale","Backstab+1","Dash","Expertise+1","Quick Slash+1","Calculated Gamble+1","PiercingWail+1","Backstab+1","Dagger Throw","Caltrops+1","Dagger Throw","Phantasmal Killer+1","Prepared+1","Cloak And Dagger","Outmaneuver+1"],"relics":["Ring of the Snake","Singing Bowl","Whetstone","Art of War","Ornamental Fan","Juzu Bracelet","Cursed Key","PreservedInsect","Lantern","Dead Branch","Black Star","Tiny Chest","Paper Crane","Pen Nib","Centennial Puzzle","Prayer Wheel","Ninja Scroll","Omamori","Turnip","OrangePellets","Kunai","War Paint"],"potions_floor_usage":[10,29,33,44,50,55,55],"damage_taken":[{"damage":0,"enemies":"Jaw Worm","floor":1,"turns":6},{"damage":0,"enemies":"Cultist","floor":3,"turns":4},{"damage":7,"enemies":"Small Slimes","floor":4,"turns":4},{"damage":2,"enemies":"Exordium Wildlife","floor":5,"turns":8},{"damage":16,"enemies":"3 Sentries","floor":7,"turns":11},{"damage":12,"enemies":"Lagavulin","floor":10,"turns":10},{"damage":0,"enemies":"3 Sentries","floor":12,"turns":9},{"damage":0,"enemies":"Large Slime","floor":13,"turns":4},{"damage":40,"enemies":"Slime Boss","floor":16,"turns":16},{"damage":0,"enemies":"3 Byrds","floor":18,"turns":8},{"damage":2,"enemies":"Chosen","floor":19,"turns":6},{"damage":4,"enemies":"Sentry and Sphere","floor":21,"turns":4},{"damage":19,"enemies":"Shelled Parasite and Fungi","floor":22,"turns":6},{"damage":8,"enemies":"Book of Stabbing","floor":23,"turns":5},{"damage":22,"enemies":"Gremlin Leader","floor":25,"turns":8},{"damage":12,"enemies":"Snecko","floor":28,"turns":5},{"damage":7,"enemies":"Book of Stabbing","floor":29,"turns":4},{"damage":0,"enemies":"Snake Plant","floor":31,"turns":3},{"damage":25,"enemies":"Collector","floor":33,"turns":11},{"damage":0,"enemies":"Orb Walker","floor":35,"turns":2},{"damage":0,"enemies":"3 Shapes","floor":37,"turns":4},{"damage":2,"enemies":"Reptomancer","floor":40,"turns":6},{"damage":0,"enemies":"Nemesis","floor":44,"turns":3},{"damage":0,"enemies":"Spire Growth","floor":45,"turns":3},{"damage":13,"enemies":"2 Orb Walkers","floor":46,"turns":4},{"damage":1,"enemies":"Reptomancer","floor":47,"turns":6},{"damage":40,"enemies":"Mind Bloom Boss Battle","floor":48,"turns":6},{"damage":55,"enemies":"Donu and Deca","floor":50,"turns":8},{"damage":18,"enemies":"Shield and Spear","floor":54,"turns":3},{"damage":19,"enemies":"The Heart","floor":55,"turns":14}],"seed_played":"6110358051984136039","potions_obtained":[{"floor":1,"key":"SkillPotion"},{"floor":7,"key":"Poison Potion"},{"floor":10,"key":"SmokeBomb"},{"floor":12,"key":"GhostInAJar"},{"floor":18,"key":"SpeedPotion"},{"floor":28,"key":"Regen Potion"},{"floor":29,"key":"Regen Potion"},{"floor":35,"key":"Explosive Potion"},{"floor":39,"key":"GhostInAJar"},{"floor":45,"key":"Regen Potion"}],"is_trial":false,"path_per_floor":["?","M","?","?","?","?","?","?"],"character_chosen":"THE_SILENT","items_purchased":["Ornamental Fan","Expertise","OrangePellets","Outmaneuver"],"campfire_rested":3,"item_purchase_floors":[11,20,53,53],"current_hp_per_floor":[77,70,70,63,61,61,45,68,68,56,56,56,56,56,56,16,77,77,75,75,71,52,44,67,45,45,45,33,38,38,38,38,28,77,79,79,79,79,79,79,79,79,79,81,83,72,73,33,59,4,89,89,89,73,69],"gold":71,"neow_bonus":"TEN_PERCENT_HP_BONUS","is_prod":false,"is_daily":false,"chose_seed":false,"campfire_upgraded":5,"win_rate":0,"timestamp":1553202510,"path_taken":["M","?","M","M","?","R","E","R","T","E","$","E","M","?","R","BOSS","M","M","$","M","M","E","R","E","T","$","M","E","R","M","R","BOSS","M","?","M","$","?","E","?","R","T","E","M","?","E","?","R","BOSS","R","$","E","BOSS"],"build_version":"2019-01-23","purchased_purges":4,"victory":true,"max_hp_per_floor":[77,77,77,77,77,77,77,77,77,77,77,77,77,77,77,77,77,77,77,77,77,77,77,77,77,77,77,77,77,77,77,77,77,77,79,79,79,79,79,81,81,81,81,83,85,87,89,89,89,89,89,89,89,91,91],"card_choices":[{"not_picked":["Accuracy","Dagger Throw"],"picked":"Endless Agony","floor":1},{"not_picked":["Choke","Tactician"],"picked":"Footwork","floor":3},{"not_picked":["Setup","Acrobatics"],"picked":"Well Laid Plans","floor":4},{"not_picked":["Calculated Gamble","Backflip"],"picked":"Dash","floor":5},{"not_picked":["Tactician","Prepared"],"picked":"Well Laid Plans","floor":7},{"not_picked":["Calculated Gamble","Well Laid Plans"],"picked":"Quick Slash","floor":10},{"not_picked":["Deadly Poison","Poisoned Stab"],"picked":"Tactician","floor":12},{"not_picked":["Dagger Spray","Deadly Poison"],"picked":"Flying Knee","floor":13},{"not_picked":["Storm of Steel","Burst"],"picked":"Grand Finale","floor":16},{"not_picked":["Cloak And Dagger","Slice"],"picked":"Backstab+1","floor":18},{"not_picked":["Flechettes","Poisoned Stab"],"picked":"Dash","floor":19},{"not_picked":["Poisoned Stab","Deflect"],"picked":"Quick Slash+1","floor":21},{"not_picked":["PiercingWail+1","Infinite Blades"],"picked":"Calculated Gamble+1","floor":22},{"not_picked":["Choke","Slice+1"],"picked":"PiercingWail","floor":23},{"not_picked":["Backflip","Prepared"],"picked":"Backstab+1","floor":25},{"not_picked":["Poisoned Stab","Slice"],"picked":"Dagger Throw","floor":28},{"not_picked":["Acrobatics+1","Deadly Poison"],"picked":"Caltrops+1","floor":29},{"not_picked":["Dagger Spray","Flying Knee"],"picked":"Dagger Throw","floor":31},{"not_picked":["Burst","Corpse Explosion"],"picked":"Phantasmal Killer","floor":33},{"not_picked":["Acrobatics+1","Bane","Dagger Throw+1"],"picked":"Singing Bowl","floor":35},{"not_picked":["Masterful Stab+1","Deadly Poison"],"picked":"Prepared+1","floor":37},{"not_picked":["Expertise+1","Skewer","Dodge and Roll"],"picked":"Singing Bowl","floor":40},{"not_picked":["Deflect","Wraith Form v2","Poisoned Stab+1"],"picked":"Singing Bowl","floor":44},{"not_picked":["Slice","Dodge and Roll","Acrobatics"],"picked":"Singing Bowl","floor":45},{"not_picked":["Concentrate","Bullet Time","Dagger Throw+1"],"picked":"Singing Bowl","floor":46},{"not_picked":["Masterful Stab","PiercingWail","Finisher+1"],"picked":"Singing Bowl","floor":47},{"not_picked":["Concentrate+1","Well Laid Plans"],"picked":"Cloak And Dagger","floor":48},{"not_picked":["Acrobatics","Quick Slash","Bane"],"picked":"Singing Bowl","floor":54}],"player_experience":91688,"relics_obtained":[{"floor":7,"key":"Singing Bowl"},{"floor":9,"key":"Whetstone"},{"floor":10,"key":"Art of War"},{"floor":12,"key":"Juzu Bracelet"},{"floor":23,"key":"PreservedInsect"},{"floor":25,"key":"Lantern"},{"floor":29,"key":"Dead Branch"},{"floor":40,"key":"Tiny Chest"},{"floor":40,"key":"Paper Crane"},{"floor":44,"key":"Pen Nib"},{"floor":44,"key":"Centennial Puzzle"},{"floor":46,"key":"Prayer Wheel"},{"floor":47,"key":"Ninja Scroll"},{"floor":47,"key":"Omamori"},{"floor":48,"key":"Turnip"},{"floor":54,"key":"Kunai"},{"floor":54,"key":"War Paint"}],"event_choices":[{"damage_healed":0,"gold_gain":0,"player_choice":"Damaged","damage_taken":7,"max_hp_gain":0,"max_hp_loss":0,"event_name":"Wheel of Change","floor":2,"gold_loss":0},{"cards_removed":["Strike_G"],"damage_healed":0,"gold_gain":0,"player_choice":"Forget","damage_taken":0,"max_hp_gain":0,"max_hp_loss":0,"event_name":"Living Wall","floor":14,"gold_loss":0},{"damage_healed":0,"gold_gain":0,"player_choice":"Upgraded","damage_taken":0,"max_hp_gain":0,"max_hp_loss":0,"event_name":"Upgrade Shrine","floor":36,"gold_loss":0,"cards_upgraded":["Phantasmal Killer"]},{"damage_healed":0,"gold_gain":0,"player_choice":"Got Potions","damage_taken":0,"max_hp_gain":0,"max_hp_loss":0,"event_name":"Lab","floor":39,"gold_loss":0},{"damage_healed":0,"gold_gain":0,"player_choice":"Forge","damage_taken":0,"max_hp_gain":0,"max_hp_loss":0,"event_name":"Accursed Blacksmith","floor":41,"gold_loss":0,"cards_upgraded":["Well Laid Plans"]},{"damage_healed":0,"gold_gain":0,"player_choice":"Fight","damage_taken":0,"max_hp_gain":0,"max_hp_loss":0,"event_name":"Mysterious Sphere","floor":46,"gold_loss":0},{"damage_healed":0,"gold_gain":0,"player_choice":"Fight","damage_taken":0,"max_hp_gain":0,"max_hp_loss":0,"event_name":"MindBloom","floor":48,"gold_loss":0}],"is_beta":false,"boss_relics":[{"not_picked":["Coffee Dripper","Runic Pyramid"],"picked":"Cursed Key"},{"not_picked":["Tiny House","Pandora\u0027s Box"],"picked":"Black Star"}],"items_purged_floors":[20,27,38,53],"is_endless":false,"potions_floor_spawned":[1,7,10,12,18,22,25,28,29,35,45,47,48],"ascension_level":4}