{"gold_per_floor":[113,113,113,128,147,178,178,205,277,277,452,468,77,407,407,481,481,499,517,66,76,76,76],"floor_reached":23,"playtime":2425,"items_purged":["Doubt","Strike_G"],"score":345,"play_id":"4ab47e7e-4001-4ceb-8054-e600aba16c75","local_time":"20190412233811","is_ascension_mode":true,"campfire_choices":[{"floor":7,"key":"REST"},{"floor":10,"key":"REST"},{"data":"Caltrops","floor":15,"key":"SMITH"}],"neow_cost":"NONE","seed_source_timestamp":154107443956376,"circlet_count":0,"master_deck":["AscendersBane","Defend_G","Defend_G","Defend_G","Defend_G","Defend_G","Strike_G","Strike_G","Strike_G","Strike_G","Survivor","Neutralize+1","Caltrops+1","Sucker Punch","Poisoned Stab","Corpse Explosion","Blur","Deflect","Dash","Well Laid Plans","Backflip","Adrenaline","Bullet Time","All Out Attack","Dash","Deadly Poison","Catalyst","Footwork"],"relics":["Ring of the Snake","StoneCalendar","Art of War","PreservedInsect","Meat on the Bone","Anchor","Old Coin","Eternal Feather","Lee\u0027s Waffle"],"potions_floor_usage":[23],"damage_taken":[{"damage":1,"enemies":"2 Louse","floor":1,"turns":4},{"damage":10,"enemies":"Jaw Worm","floor":4,"turns":7},{"damage":11,"enemies":"Small Slimes","floor":5,"turns":5},{"damage":28,"enemies":"Lagavulin","floor":6,"turns":8},{"damage":20,"enemies":"3 Sentries","floor":8,"turns":3},{"damage":1,"enemies":"Looter","floor":12,"turns":4},{"damage":13,"enemies":"Gremlin Nob","floor":14,"turns":5},{"damage":23,"enemies":"The Guardian","floor":16,"turns":10},{"damage":11,"enemies":"2 Thieves","floor":18,"turns":3},{"damage":35,"enemies":"Spheric Guardian","floor":19,"turns":6},{"damage":30,"enemies":"Shelled Parasite and Fungi","floor":21,"turns":7},{"damage":47,"enemies":"Slavers","floor":23,"turns":4}],"seed_played":"7612770231638976113","potions_obtained":[{"floor":1,"key":"Energy Potion"},{"floor":8,"key":"FearPotion"},{"floor":14,"key":"LiquidBronze"},{"floor":16,"key":"Weak Potion"}],"is_trial":false,"path_per_floor":["?","?","?","?"],"character_chosen":"THE_SILENT","items_purchased":["Anchor","Dash","Well Laid Plans","Backflip","Deadly Poison","Catalyst","Lee\u0027s Waffle","Poison Potion"],"campfire_rested":2,"item_purchase_floors":[13,13,13,13,20,20,20,20],"current_hp_per_floor":[62,50,50,40,29,1,22,2,2,23,23,34,34,33,33,22,58,47,24,77,47,47,0],"gold":76,"neow_bonus":"UPGRADE_CARD","is_prod":false,"is_daily":false,"chose_seed":false,"campfire_upgraded":1,"win_rate":0,"timestamp":1555108691,"path_taken":["M","?","?","M","M","E","R","E","T","R","?","M","$","E","R","BOSS","M","M","$","M","?","E"],"build_version":"2019-01-23","purchased_purges":2,"victory":false,"max_hp_per_floor":[70,70,70,70,70,70,70,70,70,70,70,70,70,70,70,70,70,70,70,77,77,77,77],"card_choices":[{"not_picked":["Masterful Stab","Deflect"],"picked":"Caltrops","floor":1},{"not_picked":["Deadly Poison","Deflect"],"picked":"Sucker Punch","floor":4},{"not_picked":["Outmaneuver","Masterful Stab"],"picked":"Poisoned Stab","floor":5},{"not_picked":["Noxious Fumes","Cloak And Dagger"],"picked":"Corpse Explosion","floor":6},{"not_picked":["Riddle With Holes","Flying Knee"],"picked":"Blur","floor":8},{"not_picked":["Tactician","Flying Knee"],"picked":"Deflect","floor":12},{"not_picked":["Riddle With Holes","Quick Slash"],"picked":"Adrenaline","floor":14},{"not_picked":["Tools of the Trade","Envenom"],"picked":"Bullet Time","floor":16},{"not_picked":["Skewer","Deadly Poison"],"picked":"All Out Attack","floor":18},{"not_picked":["Bane","Tactician"],"picked":"Dash","floor":19},{"not_picked":["Deflect","Underhanded Strike"],"picked":"Footwork","floor":21}],"player_experience":582232,"relics_obtained":[{"floor":6,"key":"Art of War"},{"floor":8,"key":"PreservedInsect"},{"floor":9,"key":"Meat on the Bone"},{"floor":14,"key":"Old Coin"}],"event_choices":[{"damage_healed":0,"gold_gain":0,"player_choice":"Success","damage_taken":12,"relics_obtained":["StoneCalendar"],"max_hp_gain":0,"max_hp_loss":0,"event_name":"Scrap Ooze","floor":2,"gold_loss":0},{"damage_healed":0,"gold_gain":0,"player_choice":"Ignored","damage_taken":0,"max_hp_gain":0,"max_hp_loss":0,"event_name":"Golden Wing","floor":3,"gold_loss":0},{"damage_healed":0,"gold_gain":175,"player_choice":"AGREE","damage_taken":0,"max_hp_gain":0,"max_hp_loss":0,"event_name":"Liars Game","floor":11,"gold_loss":0,"cards_obtained":["Doubt"]},{"damage_healed":0,"gold_gain":0,"player_choice":"Ignored","damage_taken":0,"max_hp_gain":0,"max_hp_loss":0,"event_name":"Cursed Tome","floor":22,"gold_loss":0}],"is_beta":false,"boss_relics":[{"not_picked":["WristBlade","Tiny House"],"picked":"Eternal Feather"}],"items_purged_floors":[13,20],"is_endless":false,"potions_floor_spawned":[1,8,14,16,21],"killed_by":"Slavers","ascension_level":13}