{"gold_per_floor":[210,226,226,240,9,34,109,74,74,74,74,87,87,64,64,168,168,184,184,35,35,53,82,82,117,117,216,216,235,235,255,255,354,354,372,388,388,1387,833,833,843,843],"floor_reached":42,"playtime":1535,"items_purged":["Normality"],"score":673,"play_id":"cd756fd6-a0a5-4c4a-aedf-e5a256fb1ad4","local_time":"20190403213448","is_ascension_mode":true,"campfire_choices":[{"data":"Zap","floor":11.0,"key":"SMITH"},{"data":"Defragment","floor":15.0,"key":"SMITH"},{"floor":28.0,"key":"REST"},{"floor":30.0,"key":"REST"},{"data":"Echo Form","floor":32.0,"key":"SMITH"},{"data":"Defragment","floor":40,"key":"SMITH"}],"neow_cost":"NONE","seed_source_timestamp":0,"circlet_count":0,"master_deck":["AscendersBane","Strike_B","Strike_B","Defend_B","Defend_B","Defend_B","Defend_B","Zap+1","Dualcast","Cold Snap","Rebound","Leap","Defragment+1","Ball Lightning+1","Coolheaded","Echo Form+1","Coolheaded","Defragment+1","Coolheaded","Amplify","Electrodynamics","Chill","Normality","Panache","Madness+1"],"special_seed":0,"relics":["Cracked Core","Membership Card","Molten Egg 2","Cables","Sundial","Pantograph","Empty Cage","PreservedInsect","Centennial Puzzle","Blue Candle","Symbiotic Virus","Regal Pillow","Runic Pyramid","Incense Burner","Toxic Egg 2","MealTicket"],"potions_floor_usage":[35,42],"damage_taken":[{"damage":4.0,"enemies":"Small Slimes","floor":1.0,"turns":4.0},{"damage":4.0,"enemies":"Jaw Worm","floor":2.0,"turns":4.0},{"damage":11.0,"enemies":"2 Louse","floor":4.0,"turns":3.0},{"damage":8.0,"enemies":"Gremlin Nob","floor":6.0,"turns":3.0},{"damage":12.0,"enemies":"Large Slime","floor":12.0,"turns":5.0},{"damage":32.0,"enemies":"Hexaghost","floor":16.0,"turns":9.0},{"damage":5.0,"enemies":"Chosen","floor":18.0,"turns":4.0},{"damage":15.0,"enemies":"2 Thieves","floor":22.0,"turns":4.0},{"damage":30.0,"enemies":"Slavers","floor":23.0,"turns":8.0},{"damage":12.0,"enemies":"Book of Stabbing","floor":25.0,"turns":6.0},{"damage":16.0,"enemies":"Centurion and Healer","floor":29.0,"turns":11.0},{"damage":18.0,"enemies":"3 Cultists","floor":31.0,"turns":7.0},{"damage":39.0,"enemies":"Champ","floor":33.0,"turns":19.0},{"damage":31,"enemies":"3 Darklings","floor":35,"turns":5},{"damage":11,"enemies":"Orb Walker","floor":36,"turns":3},{"damage":32,"enemies":"Sphere and 2 Shapes","floor":41,"turns":3},{"damage":35,"enemies":"Reptomancer","floor":42,"turns":2}],"seed_played":"97958068217185814","potions_obtained":[{"floor":2.0,"key":"Fire Potion"},{"floor":6.0,"key":"SteroidPotion"},{"floor":16.0,"key":"Block Potion"},{"floor":18.0,"key":"Explosive Potion"},{"floor":21.0,"key":"GamblersBrew"},{"floor":23.0,"key":"SteroidPotion"},{"floor":31.0,"key":"SkillPotion"},{"floor":33.0,"key":"EssenceOfSteel"},{"floor":35,"key":"Energy Potion"}],"is_trial":false,"path_per_floor":["M","M","?","M","$","E","?","?","T","T","R","M","T","$","R","B",null,"M","?","$","?","M","E","?","E","T","?","R","M","R","M","R","B",null,"M","M","?","?","$","R","M","E"],"character_chosen":"DEFECT","items_purchased":["Membership Card","Defragment","Coolheaded","PreservedInsect","Centennial Puzzle","Incense Burner","Toxic Egg 2","Panache","Madness+1","MealTicket"],"campfire_rested":2,"item_purchase_floors":[5,5,14,20,20,39,39,39,39,39],"current_hp_per_floor":[64,60,60,49,49,41,30,48,48,48,48,36,36,36,36,29,64,59,59,59,59,44,14,14,2,2,2,39,23,60,42,42,28,63,32,21,66,66,66,66,34,0],"gold":843,"neow_bonus":"HUNDRED_GOLD","is_prod":false,"is_daily":false,"chose_seed":false,"campfire_upgraded":4,"win_rate":0,"timestamp":1554341688,"path_taken":["M","M","?","M","$","E","?","?","T","?","R","M","?","?","R","BOSS","M","?","$","?","?","E","?","E","T","?","R","M","R","M","R","BOSS","M","M","?","?","$","R","M","E"],"build_version":"2019-01-23","purchased_purges":1,"victory":false,"max_hp_per_floor":[75,75,75,75,75,75,75,75,75,75,75,75,75,75,75,75,75,75,75,75,75,75,75,75,75,75,75,75,75,75,75,75,75,75,75,75,66,66,66,66,66,66],"card_choices":[{"not_picked":["Leap","Heatsinks"],"picked":"Cold Snap","floor":1.0},{"not_picked":["Force Field","Steam"],"picked":"Rebound","floor":2.0},{"not_picked":["Go for the Eyes","Compile Driver"],"picked":"Leap","floor":4.0},{"not_picked":["Lockon","Scrape","Rebound"],"picked":"SKIP","floor":6.0},{"not_picked":["Melter+1","Genetic Algorithm"],"picked":"Ball Lightning+1","floor":12.0},{"not_picked":["Multi-Cast","All For One+1"],"picked":"Echo Form","floor":16.0},{"not_picked":["Hologram","Skim"],"picked":"Coolheaded","floor":18.0},{"not_picked":["Beam Cell+1","Compile Driver+1"],"picked":"Coolheaded","floor":22.0},{"not_picked":["Reboot","Stack+1","Genetic Algorithm"],"picked":"SKIP","floor":23.0},{"not_picked":["Sweeping Beam+1","Cold Snap+1"],"picked":"Amplify","floor":25.0},{"not_picked":["Ball Lightning+1","Compile Driver+1","Streamline+1"],"picked":"SKIP","floor":29.0},{"not_picked":["Ball Lightning+1","Go for the Eyes+1","Compile Driver+1"],"picked":"SKIP","floor":31.0},{"not_picked":["Creative AI","Amplify"],"picked":"Electrodynamics","floor":33.0},{"not_picked":["Gash+1","Steam"],"picked":"Chill","floor":35},{"not_picked":["Gash+1","Scrape+1","Go for the Eyes+1"],"picked":"SKIP","floor":36},{"not_picked":["Auto Shields+1","Ball Lightning+1","Streamline+1"],"picked":"SKIP","floor":41}],"player_experience":562626,"relics_obtained":[{"floor":6.0,"key":"Molten Egg 2"},{"floor":9.0,"key":"Cables"},{"floor":10.0,"key":"Sundial"},{"floor":13.0,"key":"Pantograph"},{"floor":23.0,"key":"Blue Candle"},{"floor":25.0,"key":"Symbiotic Virus"},{"floor":26.0,"key":"Regal Pillow"}],"event_choices":[{"damage_healed":0.0,"max_hp_gain":0.0,"max_hp_loss":0.0,"gold_gain":0.0,"event_name":"Liars Game","player_choice":"Ignored","floor":3.0,"gold_loss":0.0,"damage_taken":0.0},{"damage_healed":0.0,"max_hp_gain":0.0,"max_hp_loss":0.0,"gold_gain":75.0,"event_name":"World of Goop","player_choice":"Gather Gold","floor":7.0,"gold_loss":0.0,"damage_taken":11.0},{"damage_healed":18.0,"max_hp_gain":0.0,"max_hp_loss":0.0,"gold_gain":0.0,"event_name":"The Cleric","player_choice":"Healed","floor":8.0,"gold_loss":35.0,"damage_taken":0.0},{"damage_healed":0.0,"max_hp_gain":0.0,"max_hp_loss":0.0,"gold_gain":0.0,"event_name":"The Library","player_choice":"Read","floor":19.0,"gold_loss":0.0,"damage_taken":0.0,"cards_obtained":["Defragment"]},{"damage_healed":0.0,"max_hp_gain":0.0,"max_hp_loss":0.0,"gold_gain":0.0,"event_name":"Lab","player_choice":"Got Potions","floor":21.0,"gold_loss":0.0,"damage_taken":0.0},{"damage_healed":0.0,"max_hp_gain":0.0,"max_hp_loss":0.0,"gold_gain":0.0,"event_name":"Cursed Tome","player_choice":"Ignored","floor":24.0,"gold_loss":0.0,"damage_taken":0.0},{"damage_healed":0.0,"max_hp_gain":0.0,"max_hp_loss":0.0,"gold_gain":99.0,"event_name":"Nest","player_choice":"Stole From Cult","floor":27.0,"gold_loss":0.0,"damage_taken":0.0},{"damage_healed":66,"gold_gain":0,"player_choice":"Heal","damage_taken":0,"max_hp_gain":0,"max_hp_loss":9,"event_name":"The Moai Head","floor":37,"gold_loss":0},{"damage_healed":0,"gold_gain":999,"player_choice":"Gold","damage_taken":0,"max_hp_gain":0,"max_hp_loss":0,"event_name":"MindBloom","floor":38,"gold_loss":0,"cards_obtained":["Normality","Normality"]}],"is_beta":false,"boss_relics":[{"not_picked":["Tiny House","Busted Crown"],"picked":"Empty Cage"},{"not_picked":["Eternal Feather","Astrolabe"],"picked":"Runic Pyramid"}],"items_purged_floors":[39],"is_endless":false,"potions_floor_spawned":[2,6,16,18,23,31,33,35],"killed_by":"Reptomancer","ascension_level":10}