{"gold_per_floor":[117,131,30,30,41,104,84,84,108,120,140,49,60,71,71,174,174,194,194,194,119,47,47,57,57,57,57,71,71,97,125,137,149],"floor_reached":33,"playtime":11099,"items_purged":[],"score":334,"play_id":"09d73f2c-b6fc-44c8-a435-fa132469db6f","local_time":"20190310065953","is_ascension_mode":true,"campfire_choices":[{"floor":8,"key":"REST"},{"floor":15,"key":"REST"},{"data":"Well Laid Plans","floor":23,"key":"SMITH"},{"floor":25,"key":"REST"},{"data":"Skewer","floor":27,"key":"SMITH"},{"floor":29,"key":"REST"},{"floor":32,"key":"REST"}],"neow_cost":"NONE","seed_source_timestamp":344623231631713,"circlet_count":0,"master_deck":["Survivor","Neutralize+1","Well Laid Plans+1","Crippling Poison","Dagger Spray","Caltrops+1","Dodge and Roll","Cloak And Dagger","Heel Hook","Quick Slash","Backflip","Riddle With Holes","Backflip","Corpse Explosion","Envenom","Backflip","Distraction","Flying Knee","Glass Knife","Choke","Dagger Throw","Venomology","Underhanded Strike","PiercingWail","Infinite Blades","Skewer+1","Cloak And Dagger+1","Crippling Poison"],"relics":["Ring of the Snake","Tiny Chest","Whetstone","Pandora\u0027s Box","MutagenicStrength","Bottled Tornado","MawBank"],"potions_floor_usage":[16,16,16,31,33],"damage_taken":[{"damage":4,"enemies":"Small Slimes","floor":1,"turns":4},{"damage":0,"enemies":"2 Louse","floor":2,"turns":3},{"damage":0,"enemies":"Cultist","floor":5,"turns":4},{"damage":47,"enemies":"Gremlin Nob","floor":6,"turns":6},{"damage":5,"enemies":"Large Slime","floor":10,"turns":5},{"damage":0,"enemies":"Looter","floor":11,"turns":3},{"damage":9,"enemies":"Exordium Wildlife","floor":13,"turns":6},{"damage":3,"enemies":"2 Fungi Beasts","floor":14,"turns":3},{"damage":41,"enemies":"Slime Boss","floor":16,"turns":10},{"damage":0,"enemies":"3 Byrds","floor":18,"turns":3},{"damage":12,"enemies":"Chosen","floor":24,"turns":5},{"damage":26,"enemies":"Snake Plant","floor":28,"turns":5},{"damage":48,"enemies":"Slavers","floor":30,"turns":4},{"damage":13,"enemies":"Chosen and Byrds","floor":31,"turns":6},{"damage":51,"enemies":"Collector","floor":33,"turns":7}],"seed_played":"2722839776978497810","potions_obtained":[{"floor":1,"key":"Dexterity Potion"},{"floor":6,"key":"Energy Potion"},{"floor":7,"key":"Regen Potion"},{"floor":13,"key":"PowerPotion"},{"floor":16,"key":"Block Potion"},{"floor":24,"key":"GamblersBrew"},{"floor":31,"key":"Poison Potion"}],"is_trial":false,"path_per_floor":["?","?","M","?","?","?","M"],"character_chosen":"THE_SILENT","items_purchased":["Dagger Spray","Caltrops","Quick Slash","Backflip","Infinite Blades"],"campfire_rested":5,"item_purchase_floors":[3,3,12,12,22],"current_hp_per_floor":[73,73,73,58,58,11,11,34,34,29,29,29,20,17,40,4,59,59,59,59,59,59,59,47,70,70,70,44,67,19,6,29,0],"gold":149,"neow_bonus":"TEN_PERCENT_HP_BONUS","is_prod":false,"is_daily":false,"chose_seed":false,"campfire_upgraded":2,"win_rate":0,"timestamp":1552201193,"path_taken":["M","M","$","?","M","E","?","R","T","?","M","$","M","M","R","BOSS","M","?","?","?","$","R","?","R","T","R","M","R","E","M","R","BOSS"],"build_version":"2019-01-23","purchased_purges":0,"victory":false,"max_hp_per_floor":[77,77,77,77,77,77,77,77,77,77,77,77,77,77,77,77,77,77,77,77,77,77,77,77,77,77,77,77,77,77,77,77,77],"card_choices":[{"not_picked":["Setup","Eviscerate"],"picked":"Well Laid Plans","floor":1},{"not_picked":["Calculated Gamble","Bane"],"picked":"Crippling Poison","floor":2},{"not_picked":["Dagger Spray","Acrobatics"],"picked":"Dodge and Roll","floor":5},{"not_picked":["Deflect","Prepared"],"picked":"Cloak And Dagger","floor":6},{"not_picked":["Reflex","Tactician","Dodge and Roll"],"picked":"SKIP","floor":10},{"not_picked":["Terror","Tactician"],"picked":"Heel Hook","floor":11},{"not_picked":["Night Terror","Outmaneuver"],"picked":"Riddle With Holes","floor":13},{"not_picked":["Dodge and Roll","Acrobatics"],"picked":"Backflip","floor":14},{"not_picked":["Doppelganger","Venomology"],"picked":"Corpse Explosion","floor":16},{"not_picked":["Setup","Deadly Poison+1","Bane+1"],"picked":"SKIP","floor":18},{"not_picked":["Deadly Poison","PiercingWail"],"picked":"Skewer","floor":24},{"not_picked":["Bouncing Flask","Riddle With Holes"],"picked":"Cloak And Dagger+1","floor":28},{"not_picked":["Flying Knee","Underhanded Strike","Cloak And Dagger"],"picked":"SKIP","floor":30},{"not_picked":["Endless Agony","Poisoned Stab"],"picked":"Crippling Poison","floor":31}],"player_experience":193385,"relics_obtained":[{"floor":6,"key":"Tiny Chest"},{"floor":9,"key":"Whetstone"},{"floor":26,"key":"Bottled Tornado"},{"floor":30,"key":"MawBank"}],"event_choices":[{"damage_healed":0,"gold_gain":0,"player_choice":"Entered Light","damage_taken":15,"max_hp_gain":0,"max_hp_loss":0,"event_name":"Shining Light","floor":4,"gold_loss":0,"cards_upgraded":["Caltrops","Neutralize"]},{"damage_healed":0,"gold_gain":0,"player_choice":"Bought 1 Potion","damage_taken":0,"max_hp_gain":0,"max_hp_loss":0,"event_name":"The Woman in Blue","floor":7,"gold_loss":0},{"damage_healed":0,"gold_gain":0,"player_choice":"Read","damage_taken":0,"max_hp_gain":0,"max_hp_loss":0,"event_name":"The Library","floor":19,"gold_loss":0,"cards_obtained":["PiercingWail"]},{"damage_healed":0,"gold_gain":0,"player_choice":"Inject Mutagens","damage_taken":0,"relics_obtained":["MutagenicStrength"],"max_hp_gain":0,"max_hp_loss":0,"event_name":"Drug Dealer","floor":20,"gold_loss":0},{"cards_removed":["Distraction"],"damage_healed":0,"gold_gain":0,"player_choice":"Gave Gold","damage_taken":0,"max_hp_gain":0,"max_hp_loss":0,"event_name":"Beggar","floor":21,"gold_loss":75}],"is_beta":false,"boss_relics":[{"not_picked":["Eternal Feather","Runic Pyramid"],"picked":"Pandora\u0027s Box"}],"items_purged_floors":[],"is_endless":false,"potions_floor_spawned":[1,6,13,16,24,31],"killed_by":"Collector","ascension_level":5}