{"path_per_floor":["M","M","M","?","M","R","?","M","T","R","$","M","R","M","R","B",null,"M","$","M","?"],"character_chosen":"DEFECT","items_purchased":["Magnetism","Happy Flower","Buffer"],"gold_per_floor":[211,225,242,242,257,257,332,347,422,422,150,169,169,185,185,280,280,297,243,254,254,254],"floor_reached":22,"campfire_rested":1,"playtime":1203,"current_hp_per_floor":[75,74,73,66,60,60,49,44,44,44,44,47,47,39,61,64,75,63,63,45,45,0],"items_purged":[],"gold":254,"score":177,"play_id":"78c3cf24-0ac8-4a1e-81f4-55fad39fb0c9","local_time":"20180501024600","is_prod":false,"is_daily":false,"chose_seed":false,"is_ascension_mode":false,"campfire_upgraded":3,"timestamp":1525157160,"path_taken":["M","M","M","?","M","R","?","M","T","R","$","M","R","M","R","BOSS","M","$","M","?","M"],"build_version":"2018-04-30","seed_source_timestamp":142885250255701,"purchased_purges":0,"victory":false,"master_deck":["Strike_B","Strike_B","Strike_B","Defend_B","Defend_B","Defend_B","Defend_B","Zap","Dualcast","Rebound","Capacitor","Recycle+1","Leap","Self Repair+1","Magnetism+1","Undo","Nova","Clumsy","Decay","White Noise","Buffer"],"max_hp_per_floor":[75,75,75,75,75,75,75,75,75,75,75,75,75,75,75,75,75,75,75,75,75,75],"relics":["Cracked Core","The Courier","Happy Flower","Calling Bell","Art of War","Mercury Hourglass","Unceasing Top","Spirit Poop"],"card_choices":[{"not_picked":["Streamline","Conserve Battery"],"picked":"Rebound","floor":1},{"not_picked":["Sweeping Beam","Beam Cell"],"picked":"Capacitor","floor":2},{"not_picked":["Go for the Eyes","Sweeping Beam"],"picked":"Recycle","floor":3},{"not_picked":["Hologram","Melter"],"picked":"Leap","floor":5},{"not_picked":["Sweeping Beam","Reboot"],"picked":"Self Repair","floor":8},{"not_picked":["Beam Cell","Lockon"],"picked":"Undo","floor":14},{"not_picked":["Reboot","Fission"],"picked":"Nova","floor":16},{"not_picked":["Streamline","Coolheaded"],"picked":"White Noise","floor":18}],"player_experience":175631,"potions_floor_usage":[12,14,16,20,22],"damage_taken":[{"damage":0,"enemies":"2 Louse","floor":1,"turns":2},{"damage":1,"enemies":"Jaw Worm","floor":2,"turns":3},{"damage":1,"enemies":"Cultist","floor":3,"turns":3},{"damage":6,"enemies":"Exordium Wildlife","floor":5,"turns":3},{"damage":5,"enemies":"Large Slime","floor":8,"turns":6},{"damage":7,"enemies":"2 Fungi Beasts","floor":12,"turns":4},{"damage":24,"enemies":"Exordium Thugs","floor":14,"turns":6},{"damage":26,"enemies":"The Guardian","floor":16,"turns":12},{"damage":22,"enemies":"Chosen","floor":18,"turns":7},{"damage":28,"enemies":"2 Thieves","floor":20,"turns":4},{"damage":51,"enemies":"Slaver and Parasite","floor":22,"turns":4}],"event_choices":[{"event_name":"Golden Wing","player_choice":"Card Removal","floor":4,"damage_taken":0},{"event_name":"World of Goop","player_choice":"Gather Gold","floor":7,"damage_taken":0},{"event_name":"Bonfire Elementals","player_choice":"CURSE","floor":21,"damage_taken":0}],"boss_relics":[{"not_picked":["Cursed Key","White Beast Statue"],"picked":"Calling Bell"}],"potions_floor_spawned":[5,12,14,18,20],"seed_played":"-2127379249974520667","killed_by":"Slaver and Parasite","ascension_level":0,"is_trial":false}