{"gold_per_floor":[118,118,118,130,130,162,174,204,252,266,266,123,123,133,133,133],"floor_reached":16,"playtime":691,"items_purged":["Regret"],"score":135,"play_id":"6bba1502-5122-455a-90dd-a39668941427","local_time":"20190127005421","is_ascension_mode":false,"campfire_choices":[{"data":"Neutralize","floor":11,"key":"SMITH"},{"data":"Prepared","floor":13,"key":"SMITH"},{"data":"Leg Sweep","floor":15,"key":"SMITH"}],"neow_cost":"NONE","seed_source_timestamp":41083285675349,"circlet_count":0,"master_deck":["Defend_G","Defend_G","Defend_G","Defend_G","Defend_G","Strike_G","Strike_G","Strike_G","Strike_G","Strike_G","Survivor","Neutralize+1","Prepared+1","Underhanded Strike+1","Underhanded Strike+1","Backflip","Outmaneuver","Outmaneuver","Leg Sweep+1","Backflip"],"relics":["Ring of the Snake","NeowsBlessing","Molten Egg 2","Oddly Smooth Stone","Juzu Bracelet","Ancient Tea Set"],"potions_floor_usage":[14,16,16,16],"damage_taken":[{"damage":0,"enemies":"2 Louse","floor":1,"turns":1},{"damage":0,"enemies":"Small Slimes","floor":4,"turns":1},{"damage":0,"enemies":"Gremlin Nob","floor":6,"turns":1},{"damage":0,"enemies":"Cultist","floor":7,"turns":2},{"damage":14,"enemies":"3 Sentries","floor":8,"turns":7},{"damage":3,"enemies":"3 Louse","floor":10,"turns":4},{"damage":9,"enemies":"Blue Slaver","floor":14,"turns":3},{"damage":54,"enemies":"Hexaghost","floor":16,"turns":21}],"seed_played":"2753538514985352643","potions_obtained":[{"floor":4,"key":"GhostInAJar"},{"floor":5,"key":"GhostInAJar"},{"floor":5,"key":"EntropicBrew"},{"floor":14,"key":"Fruit Juice"}],"is_trial":false,"path_per_floor":["?","?","?","M"],"character_chosen":"THE_SILENT","items_purchased":["Leg Sweep"],"campfire_rested":0,"item_purchase_floors":[12],"current_hp_per_floor":[70,70,70,70,70,70,70,56,56,53,53,53,53,49,49,0],"gold":133,"neow_bonus":"THREE_ENEMY_KILL","is_prod":false,"is_daily":false,"chose_seed":false,"campfire_upgraded":3,"win_rate":0.0,"timestamp":1548579261,"path_taken":["M","?","?","M","?","E","?","E","T","M","R","$","R","M","R","BOSS"],"build_version":"2019-01-23","purchased_purges":1,"victory":false,"max_hp_per_floor":[70,70,70,70,70,70,70,70,70,70,70,70,70,75,75,75],"card_choices":[{"not_picked":["Dagger Throw","Underhanded Strike"],"picked":"Prepared","floor":1},{"not_picked":["Blade Dance","Slice+1"],"picked":"Underhanded Strike+1","floor":4},{"not_picked":["Night Terror","Predator+1"],"picked":"Underhanded Strike+1","floor":6},{"not_picked":["Caltrops","All Out Attack+1"],"picked":"Backflip","floor":7},{"not_picked":["Infinite Blades","Deadly Poison"],"picked":"Outmaneuver","floor":8},{"not_picked":["Blade Dance","Masterful Stab+1"],"picked":"Outmaneuver","floor":10},{"not_picked":["Distraction","Riddle With Holes+1"],"picked":"Backflip","floor":14}],"player_experience":2273,"relics_obtained":[{"floor":6,"key":"Oddly Smooth Stone"},{"floor":8,"key":"Juzu Bracelet"},{"floor":9,"key":"Ancient Tea Set"}],"event_choices":[{"damage_healed":0,"gold_gain":0,"player_choice":"Box","damage_taken":0,"relics_obtained":["Molten Egg 2"],"max_hp_gain":0,"max_hp_loss":0,"event_name":"Big Fish","floor":2,"gold_loss":0,"cards_obtained":["Regret"]},{"damage_healed":0,"gold_gain":0,"player_choice":"Ignored","damage_taken":0,"max_hp_gain":0,"max_hp_loss":0,"event_name":"Liars Game","floor":3,"gold_loss":0},{"damage_healed":0,"gold_gain":0,"player_choice":"Got Potions","damage_taken":0,"max_hp_gain":0,"max_hp_loss":0,"event_name":"Lab","floor":5,"gold_loss":0}],"is_beta":false,"boss_relics":[],"items_purged_floors":[12],"is_endless":false,"potions_floor_spawned":[4,6,14],"killed_by":"Hexaghost","ascension_level":0}