{"path_per_floor":["M","M","?","M","?","E","$","M","T","E","R","?","M","M","R","B",null,"M","?","M","M","M","R","?","$","T","M"],"character_chosen":"THE_SILENT","items_purchased":["Infinite Blades","Ice Cream","Flying Knee","Dagger Spray"],"gold_per_floor":[146,157,157,176,176,209,131,143,143,173,173,273,287,298,298,394,394,406,406,416,436,446,446,446,82,153,167],"floor_reached":28,"campfire_rested":1,"playtime":1829,"current_hp_per_floor":[75,75,75,75,75,63,63,63,63,49,49,49,49,41,41,14,75,59,59,54,22,10,32,32,32,42,21],"items_purged":[],"gold":167,"play_id":"a28fa873-eaba-4ad0-9e94-e809484b47a3","is_prod":false,"is_daily":false,"is_ascension_mode":false,"campfire_upgraded":2,"path_taken":["M","M","?","?","?","E","$","M","T","E","R","?","M","M","R","BOSS","M","?","?","M","M","R","?","$","T","M","E"],"build_version":"2018-02-01-PROD3","purchased_purges":0,"victory":false,"master_deck":["Defend_G+1","Defend_G+1","Defend_G+1","Defend_G+1","Defend_G+1","Strike_G+1","Strike_G+1","Strike_G+1","Strike_G+1","Strike_G+1","Survivor","Neutralize","Deflect+1","Dagger Spray+1","Flying Knee","Accuracy+1","Flying Knee","Infinite Blades+1","Terror","Deflect","A Thousand Cuts","Flying Knee","Dagger Spray"],"max_hp_per_floor":[75,75,75,75,75,75,75,75,75,75,75,75,75,75,75,75,75,75,75,75,75,75,75,75,75,85,85],"relics":["Tiny House","Orichalcum","Shuriken","Calipers","Question Card","Centennial Puzzle","Ice Cream","Pear"],"card_choices":[{"not_picked":["Slice","Flechettes"],"picked":"Deflect"},{"not_picked":["PiercingWail","Underhanded Strike"],"picked":"Dagger Spray"},{"not_picked":["Dagger Spray","Eviscerate"],"picked":"Flying Knee"},{"not_picked":["Backflip","Poisoned Stab"],"picked":"Accuracy"},{"not_picked":["Corpse Explosion","Poisoned Stab"],"picked":"Flying Knee"},{"not_picked":["Outmaneuver","Eviscerate"],"picked":"Terror"},{"not_picked":["Sucker Punch","Escape Plan","Heel Hook"],"picked":"Deflect"},{"not_picked":["Leg Sweep","Distraction","Dodge and Roll"],"picked":"A Thousand Cuts"}],"player_experience":62657,"potions_floor_usage":[6,6,16,22],"damage_taken":[{"damage":0,"enemies":"Small Slimes","floor":1,"turns":5},{"damage":0,"enemies":"2 Louse","floor":2,"turns":2},{"damage":0,"enemies":"Jaw Worm","floor":4,"turns":4},{"damage":12,"enemies":"Gremlin Nob","floor":6,"turns":5},{"damage":0,"enemies":"Gremlin Gang","floor":8,"turns":2},{"damage":14,"enemies":"3 Sentries","floor":10,"turns":6},{"damage":0,"enemies":"3 Louse","floor":13,"turns":2},{"damage":8,"enemies":"Red Slaver","floor":14,"turns":3},{"damage":27,"enemies":"The Guardian","floor":16,"turns":9},{"damage":16,"enemies":"Spheric Guardian","floor":18,"turns":4},{"damage":5,"enemies":"3 Byrds","floor":20,"turns":5},{"damage":32,"enemies":"Snake Plant","floor":21,"turns":6},{"damage":12,"enemies":"Centurion and Healer","floor":22,"turns":5},{"damage":21,"enemies":"3 Cultists","floor":27,"turns":5},{"damage":24,"enemies":"Book of Stabbing","floor":28,"turns":4}],"event_choices":[{"event_name":"Living Wall","player_choice":"Grow","floor":3,"damage_taken":0},{"event_name":"Upgrade Shrine","player_choice":"Upgraded","floor":5,"damage_taken":0},{"event_name":"Golden Shrine","player_choice":"Pray","floor":12,"damage_taken":0},{"event_name":"The Mausoleum","player_choice":"Yes","floor":19,"damage_taken":0},{"event_name":"Back to Basics","player_choice":"Simplicity","floor":24,"damage_taken":0}],"boss_relics":[{"not_picked":["Runic Dome","Philosopher\u0027s Stone"],"picked":"Question Card"}],"potions_floor_spawned":[2,4,16,18],"seed_played":"5311606662667513892","killed_by":"Book of Stabbing","ascension_level":0,"is_trial":false}