{"path_per_floor":["M","?","?","M","M","R","M","E","T","?","M","E","M","M","R","B",null,"M","?","?","$","M","R","E","R","T","R","M","M","T","M","R","B",null,"M","M","?","?","M"],"character_chosen":"IRONCLAD","items_purchased":["Molten Egg 2"],"gold_per_floor":[116,116,191,209,223,223,242,269,269,269,288,317,327,347,347,448,448,467,467,467,209,180,180,208,208,231,231,241,256,311,324,324,425,455,469,486,486,486,499],"floor_reached":40,"campfire_rested":3,"playtime":1924,"current_hp_per_floor":[80,64,53,59,63,63,66,48,48,48,48,45,45,45,86,53,87,68,68,68,68,44,52,15,64,64,72,42,25,25,24,75,51,92,59,19,102,102,52],"items_purged":[],"gold":499,"score":395,"play_id":"eb66bc5d-e844-4cb5-bfd3-aee011811af5","is_prod":false,"is_daily":false,"is_ascension_mode":false,"campfire_upgraded":3,"path_taken":["M","?","?","M","M","R","M","E","T","?","M","E","M","M","R","BOSS","M","?","?","$","?","R","E","R","T","R","M","M","?","M","R","BOSS","M","?","?","?","M","M"],"build_version":"2018-02-15-PROD1","purchased_purges":2,"victory":false,"master_deck":["Strike_R","Strike_R","Strike_R","Strike_R","Strike_R","Defend_R+1","Defend_R","Defend_R","Defend_R+1","Bash","Flame Barrier+1","Headbutt+1","Searing Blow+1","Shrug It Off","Metallicize","Headbutt","Flex+1","Infernal Blade","Limit Break+1","Body Slam","Panacea+1","Inflame","Rampage+1","Armaments","Barricade+1","Spot Weakness","Body Slam+1"],"max_hp_per_floor":[80,80,80,80,80,80,80,87,87,87,87,87,87,87,87,87,87,87,87,87,87,87,87,87,87,87,87,87,87,87,87,87,87,92,92,92,102,102,102],"relics":["Burning Blood","Strawberry","Shuriken","Regal Pillow","Eternal Feather","Molten Egg 2","Art of War","Pen Nib","War Paint","Tiny House"],"card_choices":[{"not_picked":["Thunderclap","Havoc"],"picked":"Flame Barrier"},{"not_picked":["Intimidate","Wild Strike"],"picked":"Juggernaut"},{"not_picked":["Fire Breathing","Sword Boomerang"],"picked":"Headbutt"},{"not_picked":["Flex","Clash"],"picked":"Searing Blow"},{"not_picked":["Body Slam","Intimidate"],"picked":"Shrug It Off"},{"not_picked":["Body Slam","Wild Strike"],"picked":"Metallicize"},{"not_picked":["Clash","Rage"],"picked":"Headbutt"},{"not_picked":["Cleave","Havoc"],"picked":"Flex"},{"not_picked":["Evolve","True Grit"],"picked":"Infernal Blade"},{"not_picked":["Immolate","Impervious"],"picked":"Limit Break"},{"not_picked":["Pommel Strike","Evolve"],"picked":"Inflame"},{"not_picked":["Dropkick","Bloodletting"],"picked":"Rampage"},{"not_picked":["Shrug It Off","Rampage"],"picked":"Armaments"},{"not_picked":["Exhume","Offering"],"picked":"Barricade"},{"not_picked":["Body Slam","True Grit"],"picked":"Spot Weakness"},{"not_picked":["Headbutt","Clothesline"],"picked":"Body Slam"}],"player_experience":105838,"potions_floor_usage":[8,11,11,13,14,18,24,24,36,36],"damage_taken":[{"damage":6,"enemies":"Jaw Worm","floor":1,"turns":5},{"damage":0,"enemies":"2 Louse","floor":4,"turns":4},{"damage":2,"enemies":"Small Slimes","floor":5,"turns":4},{"damage":3,"enemies":"Red Slaver","floor":7,"turns":4},{"damage":31,"enemies":"Gremlin Nob","floor":8,"turns":6},{"damage":9,"enemies":"2 Fungi Beasts","floor":11,"turns":2},{"damage":9,"enemies":"3 Sentries","floor":12,"turns":10},{"damage":6,"enemies":"Exordium Wildlife","floor":13,"turns":3},{"damage":6,"enemies":"Large Slime","floor":14,"turns":6},{"damage":39,"enemies":"The Guardian","floor":16,"turns":15},{"damage":25,"enemies":"Shell Parasite","floor":18,"turns":6},{"damage":30,"enemies":"2 Thieves","floor":22,"turns":5},{"damage":43,"enemies":"Slavers","floor":24,"turns":7},{"damage":36,"enemies":"Cultist and Chosen","floor":28,"turns":10},{"damage":31,"enemies":"Centurion and Healer","floor":29,"turns":7},{"damage":7,"enemies":"Snecko","floor":31,"turns":6},{"damage":30,"enemies":"Champ","floor":33,"turns":10},{"damage":39,"enemies":"3 Darklings","floor":35,"turns":7},{"damage":46,"enemies":"3 Shapes","floor":36,"turns":7},{"damage":56,"enemies":"Maw","floor":39,"turns":10},{"damage":56,"enemies":"3 Darklings","floor":40,"turns":4}],"event_choices":[{"event_name":"Shining Light","player_choice":"Entered Light","floor":2,"damage_taken":0},{"event_name":"World of Goop","player_choice":"Gather Gold","floor":3,"damage_taken":0},{"event_name":"The Lab","player_choice":"Got Potions","floor":10,"damage_taken":0},{"event_name":"Vampires","player_choice":"Ignored","floor":19,"damage_taken":0},{"event_name":"Match and Keep!","player_choice":"2 cards matched","floor":20,"damage_taken":0},{"event_name":"Bonfire Elementals","player_choice":"RARE","floor":37,"damage_taken":0},{"event_name":"Accursed Blacksmith","player_choice":"Forge","floor":38,"damage_taken":0}],"boss_relics":[{"not_picked":["Sozu","Velvet Choker"],"picked":"Eternal Feather"},{"not_picked":["Runic Pyramid","Cursed Key"],"picked":"Tiny House"}],"potions_floor_spawned":[5,8,11,16,18,22,24,33],"seed_played":"-1009889186247813928","killed_by":"3 Darklings","ascension_level":0,"is_trial":false}