{"gold_per_floor":[213,233,244,263,263,263,274,293,293,320,333,333,351,384,384,482,482,500,518,532,204,204,231,141,166,166,181,181,181],"floor_reached":29,"playtime":1183,"items_purged":["Strike_R"],"score":307,"play_id":"318e6038-d64e-4918-86ab-038cd98d66e7","local_time":"20181110131351","is_ascension_mode":true,"campfire_choices":[{"data":"Armaments","floor":6,"key":"SMITH"},{"data":"Armaments","floor":15,"key":"SMITH"},{"data":"Flame Barrier","floor":28,"key":"SMITH"}],"neow_cost":"NONE","seed_source_timestamp":245612205085700,"circlet_count":0,"master_deck":["Strike_R","Strike_R","Defend_R","Defend_R","Defend_R","Defend_R","Bash","Armaments+1","Whirlwind","Flex","Armaments+1","Heavy Blade","Shrug It Off+1","Disarm","Double Tap","Metallicize","Body Slam","Juggernaut","Headbutt+1","Spot Weakness","Flame Barrier+1","Warcry+1","Spot Weakness","Shrug It Off+1"],"relics":["Burning Blood","Dead Branch","Red Skull","Letter Opener","Velvet Choker","Pantograph","StoneCalendar","Bottled Tornado","The Courier"],"potions_floor_usage":[8,10,14,16,23,23],"damage_taken":[{"damage":6,"enemies":"Cultist","floor":1,"turns":3},{"damage":6,"enemies":"2 Louse","floor":2,"turns":3},{"damage":3,"enemies":"Small Slimes","floor":3,"turns":2},{"damage":6,"enemies":"2 Fungi Beasts","floor":4,"turns":3},{"damage":27,"enemies":"Gremlin Gang","floor":7,"turns":4},{"damage":0,"enemies":"Exordium Thugs","floor":8,"turns":3},{"damage":36,"enemies":"Lagavulin","floor":10,"turns":9},{"damage":0,"enemies":"Large Slime","floor":11,"turns":6},{"damage":0,"enemies":"Exordium Wildlife","floor":13,"turns":4},{"damage":15,"enemies":"3 Sentries","floor":14,"turns":3},{"damage":11,"enemies":"The Guardian","floor":16,"turns":10},{"damage":23,"enemies":"Chosen","floor":18,"turns":6},{"damage":1,"enemies":"3 Byrds","floor":19,"turns":6},{"damage":21,"enemies":"Snake Plant","floor":20,"turns":4},{"damage":19,"enemies":"Slavers","floor":23,"turns":4},{"damage":11,"enemies":"Book of Stabbing","floor":25,"turns":5},{"damage":13,"enemies":"Shelled Parasite and Fungi","floor":27,"turns":5},{"damage":29,"enemies":"Slavers","floor":29,"turns":3}],"seed_played":"-7570318185369308434","potions_obtained":[{"floor":1,"key":"Ancient Potion"},{"floor":4,"key":"Fire Potion"},{"floor":8,"key":"Dexterity Potion"},{"floor":13,"key":"AttackPotion"},{"floor":14,"key":"Fire Potion"},{"floor":19,"key":"LiquidBronze"}],"is_trial":false,"path_per_floor":["M","M","M","M","?","R","M","M","T","E","M","?","M","E","R","B",null,"M","M","M","$","?","E","?","E","T","M","R","E"],"character_chosen":"IRONCLAD","items_purchased":["Pantograph"],"campfire_rested":0,"item_purchase_floors":[21],"current_hp_per_floor":[80,80,80,80,80,80,59,65,65,35,41,41,47,38,38,33,80,63,68,53,53,53,40,40,35,35,28,28,0],"gold":181,"neow_bonus":"HUNDRED_GOLD","is_prod":false,"is_daily":false,"chose_seed":false,"campfire_upgraded":3,"win_rate":0,"timestamp":1541873631,"path_taken":["M","M","M","M","?","R","M","?","T","E","M","?","M","E","R","BOSS","M","?","M","$","?","E","?","E","T","?","R","E"],"build_version":"2018-11-08","purchased_purges":1,"victory":false,"max_hp_per_floor":[80,80,80,80,80,80,80,80,80,80,80,80,80,80,80,80,80,80,80,80,80,80,80,80,80,80,80,80,80],"card_choices":[{"not_picked":["Blood for Blood","Reckless Charge"],"picked":"Armaments","floor":1},{"not_picked":["Sword Boomerang","Flame Barrier"],"picked":"Whirlwind","floor":2},{"not_picked":["Metallicize","Headbutt"],"picked":"Flex","floor":3},{"not_picked":["True Grit","Feel No Pain"],"picked":"Armaments","floor":4},{"not_picked":["Disarm","Headbutt"],"picked":"Heavy Blade","floor":7},{"not_picked":["Cleave","Wild Strike"],"picked":"Shrug It Off","floor":8},{"not_picked":["Bloodletting","Clash"],"picked":"Disarm","floor":10},{"not_picked":["Body Slam","Flex"],"picked":"Double Tap","floor":11},{"not_picked":["Bloodletting","Thunderclap","Fire Breathing"],"picked":"SKIP","floor":13},{"not_picked":["True Grit","Uppercut"],"picked":"Body Slam","floor":14},{"not_picked":["Brutality","Offering"],"picked":"Juggernaut","floor":16},{"not_picked":["Warcry","Entrench"],"picked":"Headbutt+1","floor":18},{"not_picked":["Reckless Charge","Cleave"],"picked":"Spot Weakness","floor":19},{"not_picked":["Searing Blow+1","Dropkick","Warcry"],"picked":"SKIP","floor":20},{"not_picked":["Searing Blow","Fire Breathing"],"picked":"Warcry+1","floor":23},{"not_picked":["Spot Weakness","Shockwave+1","Sword Boomerang+1"],"picked":"SKIP","floor":25},{"not_picked":["Shockwave+1","Sword Boomerang+1"],"picked":"Spot Weakness","floor":25},{"not_picked":["Pommel Strike","Blood for Blood"],"picked":"Shrug It Off+1","floor":27}],"player_experience":284796,"relics_obtained":[{"floor":9,"key":"Dead Branch"},{"floor":10,"key":"Red Skull"},{"floor":14,"key":"Letter Opener"},{"floor":23,"key":"StoneCalendar"},{"floor":25,"key":"Bottled Tornado"},{"floor":26,"key":"The Courier"}],"event_choices":[{"damage_healed":0,"gold_gain":0,"player_choice":"0 cards matched","damage_taken":0,"max_hp_gain":0,"max_hp_loss":0,"event_name":"Match and Keep!","floor":5,"gold_loss":0,"cards_obtained":[]},{"damage_healed":0,"gold_gain":0,"cards_transformed":["Strike_R"],"player_choice":"Transformed","damage_taken":0,"max_hp_gain":0,"max_hp_loss":0,"event_name":"Transmorgrifier","floor":12,"gold_loss":0,"cards_obtained":["Metallicize"]},{"damage_healed":0,"gold_gain":0,"player_choice":"Read","damage_taken":0,"max_hp_gain":0,"max_hp_loss":0,"event_name":"The Library","floor":22,"gold_loss":0,"cards_obtained":["Flame Barrier"]},{"cards_removed":["Strike_R"],"damage_healed":0,"gold_gain":0,"player_choice":"Upgrade and Remove","damage_taken":0,"max_hp_gain":0,"max_hp_loss":0,"event_name":"Designer","floor":24,"gold_loss":90,"cards_upgraded":["Shrug It Off"]}],"is_beta":true,"boss_relics":[{"not_picked":["Runic Dome","Pandora\u0027s Box"],"picked":"Velvet Choker"}],"items_purged_floors":[21],"is_endless":false,"potions_floor_spawned":[1,4,8,13,14,19],"killed_by":"Slavers","ascension_level":2}