{"gold_per_floor":[362,379,84,104,117,148,148,178,203,203,222,239,268,268,268,345,345,365,465,484,232,157,157,190,190,190,205,221,221,221,56,56,131,181,198,9,28,38,56,87,100,125,150,150,182,182,182,44,44,44,44,44,44,44,72,72],"floor_reached":56,"playtime":9535,"items_purged":["Strike_G","Strike_G","Underhanded Strike","Defend_G"],"score":2225,"play_id":"76c35501-0c14-4417-81fa-87334ab650be","local_time":"20190424135707","is_ascension_mode":true,"campfire_choices":[{"data":"Predator","floor":7,"key":"SMITH"},{"data":"Neutralize","floor":10,"key":"SMITH"},{"data":"Terror","floor":15,"key":"SMITH"},{"data":"After Image","floor":23,"key":"SMITH"},{"data":"Footwork","floor":25,"key":"SMITH"},{"data":"Well Laid Plans","floor":30,"key":"SMITH"},{"data":"Deadly Poison","floor":32,"key":"SMITH"},{"data":"A Thousand Cuts","floor":44,"key":"SMITH"},{"data":"Wraith Form v2","floor":46,"key":"SMITH"},{"floor":49,"key":"RECALL"},{"data":"Caltrops","floor":53,"key":"SMITH"}],"neow_cost":"TEN_PERCENT_HP_LOSS","seed_source_timestamp":517951995641695,"circlet_count":0,"master_deck":["AscendersBane","Defend_G","Defend_G+1","Defend_G","Defend_G","Survivor","Neutralize+1","Footwork+1","Predator+1","Deadly Poison+1","Terror+1","Poisoned Stab","Backflip","Backflip","Cloak And Dagger","After Image+1","Acrobatics","Deflect+1","Deflect+1","Acrobatics+1","Dark Shackles+1","Dodge and Roll+1","Well Laid Plans+1","Crippling Poison+1","Calculated Gamble+1","Wraith Form v2+1","Deflect+1","Footwork+1","Caltrops+1","Deflect+1","Deflect+1","Deadly Poison+1","A Thousand Cuts+1","Blur+1","Well Laid Plans","PiercingWail+1","Flechettes"],"relics":["Ring of the Snake","Whetstone","Mercury Hourglass","Regal Pillow","Happy Flower","Vajra","Coffee Dripper","Bird Faced Urn","Toxic Egg 2","Dodecahedron","Tiny House","Oddly Smooth Stone","Ninja Scroll","Boot","Orichalcum","Snake Skull"],"potions_floor_usage":[5,16,19,33,39,42,56],"damage_taken":[{"damage":3,"enemies":"Jaw Worm","floor":1,"turns":4},{"damage":1,"enemies":"Small Slimes","floor":2,"turns":5},{"damage":0,"enemies":"2 Louse","floor":4,"turns":3},{"damage":0,"enemies":"Exordium Wildlife","floor":5,"turns":2},{"damage":15,"enemies":"Lagavulin","floor":6,"turns":8},{"damage":3,"enemies":"3 Sentries","floor":8,"turns":5},{"damage":13,"enemies":"Blue Slaver","floor":11,"turns":3},{"damage":5,"enemies":"Looter","floor":12,"turns":3},{"damage":11,"enemies":"Lagavulin","floor":13,"turns":6},{"damage":5,"enemies":"Hexaghost","floor":16,"turns":9},{"damage":3,"enemies":"2 Thieves","floor":18,"turns":4},{"damage":11,"enemies":"Colosseum Slavers","floor":19,"turns":4},{"damage":9,"enemies":"Colosseum Nobs","floor":19,"turns":6},{"damage":7,"enemies":"Shell Parasite","floor":20,"turns":5},{"damage":4,"enemies":"Gremlin Leader","floor":24,"turns":8},{"damage":0,"enemies":"Centurion and Healer","floor":27,"turns":6},{"damage":0,"enemies":"3 Cultists","floor":28,"turns":6},{"damage":22,"enemies":"Automaton","floor":33,"turns":14},{"damage":0,"enemies":"3 Darklings","floor":35,"turns":11},{"damage":0,"enemies":"Orb Walker","floor":37,"turns":4},{"damage":0,"enemies":"Sphere and 2 Shapes","floor":38,"turns":7},{"damage":0,"enemies":"Transient","floor":39,"turns":6},{"damage":0,"enemies":"Giant Head","floor":40,"turns":10},{"damage":0,"enemies":"Maw","floor":41,"turns":7},{"damage":2,"enemies":"Reptomancer","floor":42,"turns":7},{"damage":0,"enemies":"Giant Head","floor":45,"turns":9},{"damage":0,"enemies":"Donu and Deca","floor":50,"turns":13},{"damage":27,"enemies":"Awakened One","floor":51,"turns":17},{"damage":0,"enemies":"Shield and Spear","floor":55,"turns":9},{"damage":69,"enemies":"The Heart","floor":56,"turns":9}],"seed_played":"3702125828642328605","potions_obtained":[{"floor":1,"key":"Explosive Potion"},{"floor":4,"key":"Poison Potion"},{"floor":8,"key":"FearPotion"},{"floor":13,"key":"Regen Potion"},{"floor":19,"key":"Poison Potion"},{"floor":27,"key":"SteroidPotion"},{"floor":28,"key":"Poison Potion"},{"floor":34,"key":"Ancient Potion"},{"floor":40,"key":"SpeedPotion"},{"floor":41,"key":"Swift Potion"},{"floor":42,"key":"Explosive Potion"}],"is_trial":false,"path_per_floor":["?","?","?","M","?","?"],"character_chosen":"THE_SILENT","items_purchased":["Whetstone","SteroidPotion","Acrobatics+1","Dark Shackles+1","Calculated Gamble+1","Caltrops","Well Laid Plans","PiercingWail+1"],"campfire_rested":0,"item_purchase_floors":[3,3,21,21,31,36,48,48],"current_hp_per_floor":[56,55,55,55,55,40,40,37,37,37,24,19,8,8,8,18,50,47,27,24,24,24,24,24,24,24,28,34,34,34,34,34,18,55,63,63,65,65,65,65,65,65,65,65,65,65,65,65,65,65,48,61,61,61,65,0],"gold":72,"neow_bonus":"TWO_FIFTY_GOLD","is_prod":false,"is_daily":false,"chose_seed":false,"campfire_upgraded":10,"win_rate":0,"timestamp":1556103427,"path_taken":["M","M","$","M","M","E","R","E","T","R","M","M","E","?","R","BOSS","M","?","M","$","?","R","E","R","T","M","?","?","R","$","R","BOSS","M","$","M","M","M","E","M","E","T","R","E","R","?","$","R","BOSS","BOSS","R","$","E","BOSS"],"build_version":"2019-01-23","purchased_purges":4,"victory":false,"max_hp_per_floor":[60,60,60,60,60,60,60,60,60,60,60,60,60,60,60,60,60,60,60,60,60,60,60,60,60,60,60,60,60,60,60,60,60,65,65,65,65,65,65,65,65,65,65,65,65,65,65,65,65,65,65,65,65,65,65,65],"card_choices":[{"not_picked":["Poisoned Stab","Deadly Poison"],"picked":"Footwork","floor":1},{"not_picked":["Footwork","Infinite Blades"],"picked":"Predator","floor":2},{"not_picked":["Underhanded Strike","Dodge and Roll"],"picked":"Deadly Poison","floor":4},{"not_picked":["Bullet Time","Sucker Punch"],"picked":"Terror","floor":5},{"not_picked":["Bane","Bouncing Flask"],"picked":"Poisoned Stab","floor":6},{"not_picked":["Catalyst","Burst"],"picked":"Backflip","floor":8},{"not_picked":["Deadly Poison","Calculated Gamble"],"picked":"Backflip","floor":11},{"not_picked":["Blade Dance","Sucker Punch"],"picked":"Cloak And Dagger","floor":12},{"not_picked":["Deflect","Blade Dance"],"picked":"Dash","floor":13},{"not_picked":["Glass Knife","Night Terror"],"picked":"After Image","floor":16},{"not_picked":["Dagger Spray","Backstab"],"picked":"Acrobatics","floor":18},{"not_picked":["Terror","Prepared"],"picked":"Deflect+1","floor":19},{"not_picked":["Sucker Punch","Slice"],"picked":"Deflect+1","floor":20},{"not_picked":["Poisoned Stab","Slice"],"picked":"Dodge and Roll+1","floor":24},{"not_picked":["Eviscerate","Dagger Spray"],"picked":"Well Laid Plans","floor":27},{"not_picked":["Poisoned Stab","Blade Dance+1","Quick Slash"],"picked":"SKIP","floor":28},{"not_picked":["After Image","Doppelganger+1"],"picked":"Wraith Form v2","floor":33},{"not_picked":["Dodge and Roll+1","Dagger Throw"],"picked":"Deflect+1","floor":34},{"not_picked":["Poisoned Stab","Flying Knee"],"picked":"Footwork+1","floor":35},{"not_picked":["Accuracy","Slice"],"picked":"Deflect+1","floor":37},{"not_picked":["Blade Dance+1","Sucker Punch+1"],"picked":"Deflect+1","floor":38},{"not_picked":["Reflex+1","Dagger Spray"],"picked":"Deadly Poison+1","floor":39},{"not_picked":["Bane","Calculated Gamble+1"],"picked":"A Thousand Cuts","floor":40},{"not_picked":["Dodge and Roll+1","Heel Hook","Setup+1"],"picked":"SKIP","floor":41},{"not_picked":["Poisoned Stab","Prepared+1"],"picked":"Blur+1","floor":42},{"not_picked":["Dagger Throw","Poisoned Stab","Sucker Punch"],"picked":"SKIP","floor":45},{"not_picked":["Deflect+1","Footwork"],"picked":"Flechettes","floor":55}],"player_experience":1845872,"relics_obtained":[{"floor":6,"key":"Mercury Hourglass"},{"floor":8,"key":"Regal Pillow"},{"floor":9,"key":"Happy Flower"},{"floor":13,"key":"Vajra"},{"floor":19,"key":"Bird Faced Urn"},{"floor":19,"key":"Toxic Egg 2"},{"floor":24,"key":"Dodecahedron"},{"floor":40,"key":"Oddly Smooth Stone"},{"floor":42,"key":"Ninja Scroll"},{"floor":43,"key":"Boot"},{"floor":45,"key":"Orichalcum"},{"floor":55,"key":"Snake Skull"}],"event_choices":[{"damage_healed":0,"gold_gain":0,"player_choice":"Ignored","damage_taken":0,"max_hp_gain":0,"max_hp_loss":0,"event_name":"Shining Light","floor":14,"gold_loss":0},{"damage_healed":0,"gold_gain":0,"player_choice":"Fight","damage_taken":0,"max_hp_gain":0,"max_hp_loss":0,"event_name":"Colosseum","floor":19,"gold_loss":0},{"damage_healed":0,"gold_gain":0,"player_choice":"Fought Nobs","damage_taken":0,"max_hp_gain":0,"max_hp_loss":0,"event_name":"Colosseum","floor":19,"gold_loss":0},{"cards_removed":["Strike_G"],"damage_healed":0,"gold_gain":0,"player_choice":"Gave Gold","damage_taken":0,"max_hp_gain":0,"max_hp_loss":0,"event_name":"Beggar","floor":22,"gold_loss":75},{"damage_healed":0,"gold_gain":0,"cards_transformed":["Strike_G","Strike_G"],"player_choice":"Became Test Subject","damage_taken":0,"max_hp_gain":0,"max_hp_loss":0,"event_name":"Drug Dealer","floor":29,"gold_loss":0,"cards_obtained":["Underhanded Strike","Crippling Poison"]},{"cards_removed":["Dash"],"damage_healed":0,"gold_gain":0,"player_choice":"Removed Attack","damage_taken":0,"max_hp_gain":0,"max_hp_loss":0,"event_name":"Falling","floor":47,"gold_loss":0}],"is_beta":false,"boss_relics":[{"not_picked":["Busted Crown","Astrolabe"],"picked":"Coffee Dripper"},{"not_picked":["Calling Bell","Velvet Choker"],"picked":"Tiny House"}],"items_purged_floors":[3,21,31,36],"is_endless":false,"potions_floor_spawned":[1,4,8,12,13,19,27,28,38,40,41,42],"killed_by":"The Heart","ascension_level":20}