{"gold_per_floor":[111,122,135,152,152,180,180,180,180,180,198,198,146,146,146,247,247,261,106,117,130,142,142,57,89,89,105,105,105,131,51,51,155,155,171,184,284,57,57,57,0,30,30,43,43,43,43,69,69,69],"floor_reached":51,"playtime":3374,"items_purged":[],"score":818,"play_id":"3e98963e-20f9-4fd0-ae5f-4cb5c27c8eb8","local_time":"20190207154238","is_ascension_mode":true,"campfire_choices":[{"floor":7.0,"key":"REST"},{"data":"Rage","floor":10.0,"key":"SMITH"},{"data":"Barricade","floor":12.0,"key":"SMITH"},{"data":"Shrug It Off","floor":15.0,"key":"SMITH"},{"data":"Headbutt","floor":23.0,"key":"SMITH"},{"data":"Dual Wield","floor":32.0,"key":"SMITH"},{"data":"Impervious","floor":40.0,"key":"SMITH"},{"floor":45.0,"key":"REST"},{"data":"Madness","floor":47.0,"key":"SMITH"},{"floor":49.0,"key":"REST"}],"neow_cost":"NONE","seed_source_timestamp":1193549138926726,"circlet_count":0,"master_deck":["Strike_R","Strike_R","Strike_R","Strike_R","Strike_R","Defend_R","Defend_R","Defend_R","Defend_R+1","Bash","Dramatic Entrance","Ghostly Armor+1","Shrug It Off+1","Cleave","Rage+1","Cleave","Barricade+1","Armaments+1","Headbutt+1","Twin Strike","Headbutt","Feel No Pain","Dual Wield+1","Infernal Blade+1","Juggernaut+1","Reckless Charge","Impervious+1","Clothesline+1","Metallicize+1","Anger+1","Trip","Battle Trance+1","Madness+1"],"special_seed":0,"relics":["Burning Blood","WingedGreaves","Self Forming Clay","Velvet Choker","Anchor","Frozen Egg 2","Omamori","Bottled Tornado","MutagenicStrength","Du-Vu Doll","Lizard Tail","Unceasing Top","Art of War","Red Mask","Gremlin Horn","Paper Frog","Strawberry"],"potions_floor_usage":[50,50,50],"damage_taken":[{"damage":5.0,"enemies":"2 Louse","floor":1.0,"turns":2.0},{"damage":12.0,"enemies":"Jaw Worm","floor":2.0,"turns":2.0},{"damage":0.0,"enemies":"Small Slimes","floor":3.0,"turns":3.0},{"damage":10.0,"enemies":"3 Louse","floor":4.0,"turns":2.0},{"damage":43.0,"enemies":"Lagavulin","floor":6.0,"turns":11.0},{"damage":13.0,"enemies":"Large Slime","floor":11.0,"turns":7.0},{"damage":18.0,"enemies":"The Guardian","floor":16.0,"turns":23.0},{"damage":12.0,"enemies":"Chosen","floor":18.0,"turns":6.0},{"damage":0.0,"enemies":"3 Byrds","floor":20.0,"turns":3.0},{"damage":32.0,"enemies":"Snake Plant","floor":21.0,"turns":7.0},{"damage":4.0,"enemies":"Centurion and Healer","floor":22.0,"turns":8.0},{"damage":18.0,"enemies":"Gremlin Leader","floor":25.0,"turns":8.0},{"damage":3.0,"enemies":"Snecko","floor":27.0,"turns":7.0},{"damage":29.0,"enemies":"Slavers","floor":30.0,"turns":8.0},{"damage":41.0,"enemies":"Automaton","floor":33.0,"turns":10.0},{"damage":29.0,"enemies":"3 Darklings","floor":35.0,"turns":6.0},{"damage":12.0,"enemies":"Orb Walker","floor":36.0,"turns":3.0},{"damage":0.0,"enemies":"Mind Bloom Boss Battle","floor":37.0,"turns":11.0},{"damage":26.0,"enemies":"Nemesis","floor":42.0,"turns":8.0},{"damage":21.0,"enemies":"Transient","floor":44.0,"turns":5.0},{"damage":87,"enemies":"Awakened One","floor":50,"turns":15}],"seed_played":"-5011338683852835715","potions_obtained":[{"floor":3.0,"key":"SkillPotion"},{"floor":6.0,"key":"Block Potion"},{"floor":18.0,"key":"Fire Potion"},{"floor":30.0,"key":"Weak Potion"},{"floor":33.0,"key":"FearPotion"},{"floor":36.0,"key":"SteroidPotion"},{"floor":42.0,"key":"SpeedPotion"},{"floor":44.0,"key":"LiquidBronze"}],"is_trial":false,"path_per_floor":["M","M","M","M","?","E","R","?","T","R","M","R","$","?","R","B",null,"M","$","M","M","M","R","?","E","T","M","?","?","E","$","R","B",null,"M","M","?","$","?","R","?","E","T","M","R","?","R","T","R","B",null],"character_chosen":"IRONCLAD","items_purchased":["Armaments","Anchor","Reckless Charge","Art of War","Trip"],"campfire_rested":3,"item_purchase_floors":[13,19,31,38,38],"current_hp_per_floor":[80,74,80,76,60,23,47,52,52,52,45,45,45,45,45,33,85,79,79,85,59,61,61,61,49,49,52,52,80,57,57,57,22,85,62,56,62,62,62,62,62,42,42,27,52,52,52,59,86,52],"gold":69,"neow_bonus":"RANDOM_COLORLESS","is_prod":false,"is_daily":false,"chose_seed":false,"campfire_upgraded":7,"win_rate":0,"timestamp":1549572158,"path_taken":["M","M","M","M","?","E","R","?","T","R","M","R","$","?","R","BOSS","M","$","M","M","M","R","?","E","T","M","?","?","E","?","R","BOSS","M","?","?","$","?","R","?","E","T","M","R","?","R","?","R","BOSS"],"build_version":"2019-01-23","purchased_purges":0,"victory":true,"max_hp_per_floor":[80,80,80,80,80,80,80,85,85,85,85,85,85,85,85,85,85,85,85,85,85,85,85,85,85,85,85,85,85,85,85,85,85,85,85,85,85,85,85,85,85,85,85,85,85,85,85,92,92,92],"card_choices":[{"not_picked":["Havoc","Clothesline"],"picked":"Ghostly Armor","floor":1.0},{"not_picked":["Intimidate","Anger"],"picked":"Shrug It Off","floor":2.0},{"not_picked":["Twin Strike","Shrug It Off"],"picked":"Cleave","floor":3.0},{"not_picked":["Second Wind","Anger"],"picked":"Rage","floor":4.0},{"not_picked":["Warcry","Bloodletting"],"picked":"Cleave","floor":6.0},{"not_picked":["Perfected Strike","Body Slam"],"picked":"Barricade","floor":11.0},{"not_picked":["Pummel","True Grit"],"picked":"Headbutt","floor":18.0},{"not_picked":["Havoc","Hemokinesis"],"picked":"Twin Strike","floor":20.0},{"not_picked":["Iron Wave+1","Warcry"],"picked":"Headbutt","floor":21.0},{"not_picked":["Headbutt","Warcry"],"picked":"Feel No Pain","floor":22.0},{"not_picked":["Headbutt","Uppercut"],"picked":"Dual Wield","floor":25.0},{"not_picked":["Clothesline","True Grit"],"picked":"Infernal Blade+1","floor":27.0},{"not_picked":["Clothesline+1","Sword Boomerang"],"picked":"Juggernaut+1","floor":30.0},{"not_picked":["Barricade+1","Fiend Fire"],"picked":"Impervious","floor":33.0},{"not_picked":["Perfected Strike","Clash+1"],"picked":"Clothesline+1","floor":35.0},{"not_picked":["Rampage","Power Through+1"],"picked":"Metallicize+1","floor":36.0},{"not_picked":["True Grit","Twin Strike"],"picked":"Anger+1","floor":37.0},{"not_picked":["Intimidate+1","Pommel Strike+1"],"picked":"Battle Trance+1","floor":42.0},{"not_picked":["Armaments","Cleave","Wild Strike"],"picked":"SKIP","floor":44.0},{"not_picked":["Purity","Swift Strike"],"picked":"Madness","floor":46.0}],"player_experience":167943,"relics_obtained":[{"floor":6.0,"key":"WingedGreaves"},{"floor":9.0,"key":"Self Forming Clay"},{"floor":25.0,"key":"Omamori"},{"floor":26.0,"key":"Bottled Tornado"},{"floor":30.0,"key":"Du-Vu Doll"},{"floor":37.0,"key":"Unceasing Top"},{"floor":42.0,"key":"Gremlin Horn"},{"floor":43.0,"key":"Paper Frog"},{"floor":48.0,"key":"Strawberry"}],"event_choices":[{"damage_healed":0.0,"max_hp_gain":0.0,"max_hp_loss":0.0,"gold_gain":0.0,"event_name":"Shining Light","player_choice":"Entered Light","floor":5.0,"gold_loss":0.0,"damage_taken":16.0,"cards_upgraded":["Defend_R","Ghostly Armor"]},{"damage_healed":0.0,"max_hp_gain":5.0,"max_hp_loss":0.0,"gold_gain":0.0,"event_name":"Big Fish","player_choice":"Donut","floor":8.0,"gold_loss":0.0,"damage_taken":0.0},{"damage_healed":0.0,"max_hp_gain":0.0,"max_hp_loss":0.0,"gold_gain":0.0,"event_name":"Living Wall","player_choice":"Grow","floor":14.0,"gold_loss":0.0,"damage_taken":0.0,"cards_upgraded":["Armaments"]},{"damage_healed":0.0,"max_hp_gain":0.0,"max_hp_loss":0.0,"gold_gain":0.0,"event_name":"Addict","player_choice":"Obtained Relic","floor":24.0,"gold_loss":85.0,"damage_taken":0.0,"relics_obtained":["Frozen Egg 2"]},{"damage_healed":0.0,"max_hp_gain":0.0,"max_hp_loss":0.0,"gold_gain":0.0,"event_name":"Drug Dealer","player_choice":"Inject Mutagens","floor":28.0,"gold_loss":0.0,"damage_taken":0.0,"relics_obtained":["MutagenicStrength"]},{"damage_healed":28.0,"max_hp_gain":0.0,"max_hp_loss":0.0,"gold_gain":0.0,"event_name":"The Library","player_choice":"Heal","floor":29.0,"gold_loss":0.0,"damage_taken":0.0},{"damage_healed":0.0,"max_hp_gain":0.0,"max_hp_loss":0.0,"gold_gain":0.0,"event_name":"MindBloom","player_choice":"Fight","floor":37.0,"gold_loss":0.0,"damage_taken":0.0},{"damage_healed":0.0,"max_hp_gain":0.0,"max_hp_loss":0.0,"gold_gain":0.0,"event_name":"Mysterious Sphere","player_choice":"Ignored","floor":39.0,"gold_loss":0.0,"damage_taken":0.0},{"damage_healed":0.0,"max_hp_gain":0.0,"max_hp_loss":0.0,"gold_gain":0.0,"event_name":"Tomb of Lord Red Mask","player_choice":"Paid","floor":41.0,"gold_loss":57.0,"damage_taken":0.0,"relics_obtained":["Red Mask"]},{"damage_healed":0.0,"max_hp_gain":0.0,"max_hp_loss":0.0,"gold_gain":0.0,"event_name":"SensoryStone","player_choice":"Memory 1","floor":46.0,"gold_loss":0.0,"damage_taken":0.0}],"is_beta":false,"boss_relics":[{"not_picked":["Fusion Hammer","Philosopher\u0027s Stone"],"picked":"Velvet Choker"},{"not_picked":["Snecko Eye","Astrolabe"],"picked":"Lizard Tail"}],"items_purged_floors":[],"is_endless":false,"potions_floor_spawned":[3,6,18,30,33,36,42,44],"ascension_level":4}