{"gold_per_floor":[112,132,132,132,149,182,194,159,159,189,204,223,223,242,242,345,345,364,374,181,181,193,224,224,251,251,279,279],"floor_reached":28,"playtime":1669,"items_purged":[],"score":319,"play_id":"57cb0852-8def-4eea-83fa-7eee4687d531","local_time":"20190111193842","is_ascension_mode":true,"campfire_choices":[{"floor":13.0,"key":"REST"},{"floor":15.0,"key":"REST"},{"floor":24.0,"key":"REST"}],"neow_cost":"NONE","seed_source_timestamp":2916839687900,"circlet_count":0,"master_deck":["Survivor+1","Neutralize","Deadly Poison","Prepared","Endless Agony","Bouncing Flask","Catalyst","Calculated Gamble","Footwork","Endless Agony","Crippling Poison","Glass Knife","Adrenaline","Prepared","Doppelganger","Bullet Time","Night Terror","Infinite Blades","Adrenaline","Envenom","Distraction","Backflip+1","Noxious Fumes","Leg Sweep","Dash","Dash+1","Noxious Fumes+1"],"special_seed":0,"relics":["Ring of the Snake","Paper Crane","Shuriken","Centennial Puzzle","Pandora\u0027s Box","Regal Pillow","Ninja Scroll","Shovel","Matryoshka"],"potions_floor_usage":[],"damage_taken":[{"damage":0.0,"enemies":"Jaw Worm","floor":1.0,"turns":7.0},{"damage":4.0,"enemies":"Small Slimes","floor":2.0,"turns":3.0},{"damage":1.0,"enemies":"2 Louse","floor":5.0,"turns":4.0},{"damage":3.0,"enemies":"Lagavulin","floor":6.0,"turns":5.0},{"damage":5.0,"enemies":"Blue Slaver","floor":7.0,"turns":4.0},{"damage":40.0,"enemies":"3 Sentries","floor":10.0,"turns":8.0},{"damage":6.0,"enemies":"Looter","floor":11.0,"turns":3.0},{"damage":11.0,"enemies":"Lots of Slimes","floor":12.0,"turns":5.0},{"damage":0.0,"enemies":"Blue Slaver","floor":14.0,"turns":4.0},{"damage":20.0,"enemies":"The Guardian","floor":16.0,"turns":7.0},{"damage":6.0,"enemies":"Spheric Guardian","floor":18.0,"turns":3.0},{"damage":22.0,"enemies":"2 Thieves","floor":19.0,"turns":2.0},{"damage":15.0,"enemies":"Snecko","floor":22.0,"turns":5.0},{"damage":19.0,"enemies":"Gremlin Leader","floor":23.0,"turns":6.0},{"damage":16.0,"enemies":"Slavers","floor":25.0,"turns":4.0},{"damage":15,"enemies":"Gremlin Leader","floor":27,"turns":6},{"damage":15,"enemies":"Sentry and Sphere","floor":28,"turns":4}],"seed_played":"851683115444710859","potions_obtained":[{"floor":5.0,"key":"GamblersBrew"},{"floor":7.0,"key":"SpeedPotion"},{"floor":11.0,"key":"GamblersBrew"},{"floor":14.0,"key":"GamblersBrew"},{"floor":18.0,"key":"Fire Potion"},{"floor":19.0,"key":"SpeedPotion"},{"floor":22.0,"key":"Weak Potion"}],"is_trial":false,"path_per_floor":["M","M","?","?","M","E","M","?","T","E","M","M","R","M","R","B",null,"M","M","$","?","M","E","R","E","T","E","M"],"character_chosen":"THE_SILENT","items_purchased":["Noxious Fumes","Leg Sweep","Dash"],"campfire_rested":3,"item_purchase_floors":[20,20,20],"current_hp_per_floor":[70,66,66,52,51,48,43,60,60,20,14,3,24,24,45,25,70,64,42,42,42,27,8,44,28,28,13,0],"gold":279,"neow_bonus":"REMOVE_CARD","is_prod":false,"is_daily":false,"chose_seed":false,"campfire_upgraded":0,"win_rate":0,"timestamp":1547253522,"path_taken":["M","M","?","?","M","E","M","?","T","E","M","?","R","M","R","BOSS","M","M","$","?","?","E","R","E","T","E","M"],"build_version":"2019-01-10","purchased_purges":0,"victory":false,"max_hp_per_floor":[70,70,70,70,70,70,70,70,70,70,70,70,70,70,70,70,70,70,70,70,70,70,70,70,70,70,70,70],"card_choices":[{"not_picked":["Quick Slash","Expertise"],"picked":"Deadly Poison","floor":1.0},{"not_picked":["Sucker Punch","Underhanded Strike"],"picked":"Prepared","floor":2.0},{"not_picked":["Dagger Throw","Dodge and Roll"],"picked":"Bouncing Flask","floor":5.0},{"not_picked":["Backflip","Eviscerate"],"picked":"Catalyst","floor":6.0},{"not_picked":["Finisher","Poisoned Stab"],"picked":"Calculated Gamble","floor":7.0},{"not_picked":["Poisoned Stab","Acrobatics"],"picked":"Footwork","floor":10.0},{"not_picked":["Deflect","Deadly Poison"],"picked":"Endless Agony","floor":11.0},{"not_picked":["Dodge and Roll","Acrobatics"],"picked":"Crippling Poison","floor":12.0},{"not_picked":["Endless Agony","Quick Slash"],"picked":"Glass Knife","floor":14.0},{"not_picked":["Bullet Time","Malaise"],"picked":"Adrenaline","floor":16.0},{"not_picked":["Sucker Punch","Prepared","Slice"],"picked":"SKIP","floor":18.0},{"not_picked":["Choke","Dodge and Roll"],"picked":"Backflip+1","floor":19.0},{"not_picked":["Underhanded Strike","Deadly Poison"],"picked":"Dash+1","floor":22.0},{"not_picked":["Outmaneuver","Catalyst"],"picked":"Noxious Fumes+1","floor":23.0},{"not_picked":["Finisher","Dodge and Roll","Quick Slash+1"],"picked":"SKIP","floor":25.0},{"not_picked":["Underhanded Strike+1","Crippling Poison","Envenom"],"picked":"SKIP","floor":27}],"player_experience":336685,"relics_obtained":[{"floor":6.0,"key":"Paper Crane"},{"floor":9.0,"key":"Shuriken"},{"floor":10.0,"key":"Centennial Puzzle"},{"floor":23.0,"key":"Regal Pillow"},{"floor":25.0,"key":"Ninja Scroll"},{"floor":26.0,"key":"Shovel"},{"floor":27,"key":"Matryoshka"}],"event_choices":[{"damage_healed":0.0,"max_hp_gain":0.0,"max_hp_loss":0.0,"gold_gain":0.0,"cards_transformed":["Strike_G"],"event_name":"Living Wall","player_choice":"Change","floor":3.0,"gold_loss":0.0,"damage_taken":0.0,"cards_obtained":["Endless Agony"]},{"damage_healed":0.0,"max_hp_gain":0.0,"max_hp_loss":0.0,"gold_gain":0.0,"event_name":"Shining Light","player_choice":"Entered Light","floor":4.0,"gold_loss":0.0,"damage_taken":14.0,"cards_upgraded":["Strike_G","Survivor"]},{"damage_healed":17.0,"max_hp_gain":0.0,"max_hp_loss":0.0,"gold_gain":0.0,"event_name":"The Cleric","player_choice":"Healed","floor":8.0,"gold_loss":35.0,"damage_taken":0.0},{"damage_healed":0.0,"max_hp_gain":0.0,"max_hp_loss":0.0,"gold_gain":0.0,"event_name":"The Woman in Blue","player_choice":"Bought 0 Potions","floor":21.0,"gold_loss":0.0,"damage_taken":0.0}],"is_beta":false,"boss_relics":[{"not_picked":["White Beast Statue","Cursed Key"],"picked":"Pandora\u0027s Box"}],"items_purged_floors":[],"is_endless":false,"potions_floor_spawned":[5,7,11,14,18,19,22],"killed_by":"Sentry and Sphere","ascension_level":2}