{"gold_per_floor":[111,125,137,154,154,179,179,209,209,222,241,275,275,275,275,377,377,397,409,428,428,428],"floor_reached":22,"playtime":1683,"items_purged":[],"score":288,"play_id":"3d0b8fc4-23f7-4956-b0c7-481ef8b1ec87","local_time":"20190319213010","is_ascension_mode":true,"campfire_choices":[{"floor":7,"key":"REST"},{"floor":13,"key":"REST"},{"data":"Fusion","floor":15,"key":"SMITH"}],"neow_cost":"NONE","seed_source_timestamp":46879405717118,"circlet_count":0,"master_deck":["Strike_B","Strike_B","Strike_B","Strike_B","Defend_B","Defend_B","Defend_B","Defend_B","Zap","Dualcast","Hello World","Genetic Algorithm","Conserve Battery","Leap","Fusion+1","Compile Driver+1","Gash+1","Rebound+1","Coolheaded","Seek","Sunder+1","Chaos","Stack"],"relics":["Cracked Core","GremlinMask","Molten Egg 2","Mango","Nunchaku","Mummified Hand","Inserter"],"potions_floor_usage":[6,8,8,12,21],"damage_taken":[{"damage":0,"enemies":"Small Slimes","floor":1,"turns":2},{"damage":1,"enemies":"Cultist","floor":2,"turns":3},{"damage":2,"enemies":"Jaw Worm","floor":3,"turns":4},{"damage":12,"enemies":"3 Louse","floor":4,"turns":4},{"damage":48,"enemies":"3 Sentries","floor":6,"turns":12},{"damage":9,"enemies":"Lagavulin","floor":8,"turns":8},{"damage":4,"enemies":"Large Slime","floor":10,"turns":7},{"damage":16,"enemies":"2 Fungi Beasts","floor":11,"turns":4},{"damage":38,"enemies":"Gremlin Nob","floor":12,"turns":5},{"damage":21,"enemies":"Slime Boss","floor":16,"turns":12},{"damage":14,"enemies":"3 Byrds","floor":18,"turns":6},{"damage":13,"enemies":"Spheric Guardian","floor":19,"turns":5},{"damage":33,"enemies":"Snake Plant","floor":20,"turns":6},{"damage":0,"enemies":"Snecko","floor":21,"turns":1},{"damage":22,"enemies":"3 Cultists","floor":22,"turns":4}],"seed_played":"-5825420415178990625","potions_obtained":[{"floor":1,"key":"Regen Potion"},{"floor":2,"key":"Energy Potion"},{"floor":6,"key":"SpeedPotion"},{"floor":11,"key":"EssenceOfSteel"},{"floor":18,"key":"Ancient Potion"},{"floor":20,"key":"SmokeBomb"}],"is_trial":false,"path_per_floor":["M","M","M","M","?","E","R","E","T","M","M","E","R","?","R","B",null,"M","M","M","M","M"],"character_chosen":"DEFECT","items_purchased":[],"campfire_rested":2,"item_purchase_floors":[],"current_hp_per_floor":[82,81,79,67,67,34,58,63,63,59,43,5,33,38,38,17,80,66,53,20,20,0],"gold":428,"neow_bonus":"TEN_PERCENT_HP_BONUS","is_prod":false,"is_daily":false,"chose_seed":false,"campfire_upgraded":1,"win_rate":0,"timestamp":1553045410,"path_taken":["M","M","M","M","?","E","R","E","T","?","M","E","R","?","R","BOSS","M","M","M","M","M"],"build_version":"2019-01-23","purchased_purges":0,"victory":false,"max_hp_per_floor":[82,82,82,82,82,82,82,96,96,96,96,96,96,101,101,101,101,101,101,101,101,101],"card_choices":[{"not_picked":["Consume","Darkness"],"picked":"Hello World","floor":1},{"not_picked":["Cold Snap","Steam Power"],"picked":"Genetic Algorithm","floor":2},{"not_picked":["Ball Lightning","Go for the Eyes"],"picked":"Conserve Battery","floor":3},{"not_picked":["Auto Shields","Turbo"],"picked":"Leap","floor":4},{"not_picked":["Scrape","Beam Cell"],"picked":"Fusion","floor":6},{"not_picked":["Thunder Strike+1","Turbo"],"picked":"Compile Driver+1","floor":8},{"not_picked":["Stack","Turbo"],"picked":"Gash+1","floor":10},{"not_picked":["Steam Power","Chill"],"picked":"Rebound+1","floor":11},{"not_picked":["Darkness","Scrape+1"],"picked":"Coolheaded","floor":12},{"not_picked":["Hyperbeam+1","Buffer"],"picked":"Seek","floor":16},{"not_picked":["Coolheaded","Reprogram"],"picked":"Sunder+1","floor":18},{"not_picked":["Stack","Streamline+1"],"picked":"Chaos","floor":19},{"not_picked":["Rainbow","Leap"],"picked":"Stack","floor":20}],"player_experience":252221,"relics_obtained":[{"floor":6,"key":"Molten Egg 2"},{"floor":8,"key":"Mango"},{"floor":9,"key":"Nunchaku"},{"floor":12,"key":"Mummified Hand"}],"event_choices":[{"damage_healed":0,"gold_gain":0,"player_choice":"Trade","damage_taken":0,"relics_obtained":["GremlinMask"],"max_hp_gain":0,"max_hp_loss":0,"event_name":"FaceTrader","floor":5,"gold_loss":0},{"damage_healed":0,"gold_gain":0,"player_choice":"Donut","damage_taken":0,"max_hp_gain":5,"max_hp_loss":0,"event_name":"Big Fish","floor":14,"gold_loss":0}],"is_beta":false,"boss_relics":[{"not_picked":["Lizard Tail","Tiny House"],"picked":"Inserter"}],"items_purged_floors":[],"is_endless":false,"potions_floor_spawned":[1,2,6,11,18,20],"killed_by":"3 Cultists","ascension_level":5}