{"gold_per_floor":[115,115,115,139,160,160,184,219,293,358,358,373,416,441,441,441],"floor_reached":16,"playtime":440,"items_purged":[],"score":174,"play_id":"1c2387be-9e84-4961-a0e2-efe48989c833","local_time":"20190415003008","is_ascension_mode":true,"campfire_choices":[{"data":"Defragment","floor":6,"key":"SMITH"},{"floor":11,"key":"REST"},{"data":"Defragment","floor":15,"key":"SMITH"}],"neow_cost":"NONE","seed_source_timestamp":54893834853900,"circlet_count":0,"master_deck":["AscendersBane","Strike_B","Strike_B","Strike_B","Strike_B","Defend_B","Defend_B","Defend_B","Defend_B","Zap","Dualcast","Dramatic Entrance","Streamline","Injury","Defragment+1","Ball Lightning","Cold Snap","Glacier","Steam","Genetic Algorithm","Defragment+1"],"relics":["Cracked Core","Du-Vu Doll","Golden Idol","Potion Belt","Blue Candle","Dodecahedron","Boot"],"potions_floor_usage":[10,16],"damage_taken":[{"damage":0,"enemies":"2 Louse","floor":1,"turns":2},{"damage":4,"enemies":"Jaw Worm","floor":4,"turns":3},{"damage":0,"enemies":"Small Slimes","floor":5,"turns":2},{"damage":11,"enemies":"Gremlin Gang","floor":7,"turns":4},{"damage":13,"enemies":"Gremlin Nob","floor":8,"turns":3},{"damage":14,"enemies":"Gremlin Nob","floor":10,"turns":3},{"damage":13,"enemies":"Blue Slaver","floor":12,"turns":3},{"damage":2,"enemies":"Lagavulin","floor":13,"turns":7},{"damage":0,"enemies":"3 Louse","floor":14,"turns":2},{"damage":28,"enemies":"Slime Boss","floor":16,"turns":3}],"seed_played":"-6703613302912004605","potions_obtained":[{"floor":4,"key":"Poison Potion"},{"floor":8,"key":"PowerPotion"},{"floor":13,"key":"Swift Potion"}],"is_trial":false,"path_per_floor":["M","?","?","M","M","R","M","E","T","?","R","M","E","M","R","B"],"character_chosen":"DEFECT","items_purchased":[],"campfire_rested":1,"item_purchase_floors":[],"current_hp_per_floor":[68,56,56,52,52,52,41,28,28,14,36,23,21,21,21,0],"gold":441,"neow_bonus":"RANDOM_COLORLESS","is_prod":false,"is_daily":false,"chose_seed":false,"campfire_upgraded":2,"win_rate":0,"timestamp":1555302608,"path_taken":["M","?","?","M","M","R","M","E","T","?","R","M","E","M","R","BOSS"],"build_version":"2019-01-23","purchased_purges":0,"victory":false,"max_hp_per_floor":[75,75,75,75,75,75,75,75,75,75,75,75,75,75,75,75],"card_choices":[{"not_picked":["Fusion","Redo"],"picked":"Streamline","floor":1},{"not_picked":["Hologram","Sweeping Beam"],"picked":"Defragment","floor":4},{"not_picked":["FTL","Steam"],"picked":"Ball Lightning","floor":5},{"not_picked":["Rebound","Gash"],"picked":"Cold Snap","floor":7},{"not_picked":["Compile Driver","Auto Shields"],"picked":"Glacier","floor":8},{"not_picked":["Melter","Barrage"],"picked":"Steam","floor":10},{"not_picked":["Barrage","Ball Lightning"],"picked":"Genetic Algorithm","floor":12},{"not_picked":["Ball Lightning","Tempest","Compile Driver"],"picked":"SKIP","floor":13},{"not_picked":["Turbo","Barrage"],"picked":"Defragment","floor":14}],"player_experience":580880,"relics_obtained":[{"floor":8,"key":"Potion Belt"},{"floor":9,"key":"Blue Candle"},{"floor":10,"key":"Dodecahedron"},{"floor":13,"key":"Boot"}],"event_choices":[{"damage_healed":0,"gold_gain":0,"player_choice":"Success","damage_taken":12,"relics_obtained":["Du-Vu Doll"],"max_hp_gain":0,"max_hp_loss":0,"event_name":"Scrap Ooze","floor":2,"gold_loss":0},{"damage_healed":0,"gold_gain":0,"player_choice":"Take Wound","damage_taken":0,"relics_obtained":["Golden Idol"],"max_hp_gain":0,"max_hp_loss":0,"event_name":"Golden Idol","floor":3,"gold_loss":0,"cards_obtained":["Injury"]},{"damage_healed":0,"gold_gain":30,"player_choice":"Searched \u00272\u0027 times","damage_taken":0,"max_hp_gain":0,"max_hp_loss":0,"event_name":"Dead Adventurer","floor":10,"gold_loss":0}],"is_beta":false,"boss_relics":[],"items_purged_floors":[],"is_endless":false,"potions_floor_spawned":[4,8,13],"killed_by":"Slime Boss","ascension_level":11}