{"gold_per_floor":[117,117,130,130,148,148,175,175,175,209,209,244,261,271,271,372,372,384,384,403,182,196,196,222,222,222,142,142,158,158,158,158,254,254,268,268,284,384,399,426,23,23],"floor_reached":42,"playtime":1702,"items_purged":["Strike_R","Strike_R","Strike_R+1"],"score":730,"play_id":"1d6416fb-5f83-47b6-8da6-24579408398c","local_time":"20190207225706","is_ascension_mode":true,"campfire_choices":[{"data":"Ghostly Armor","floor":6.0,"key":"SMITH"},{"data":"Heavy Blade","floor":8.0,"key":"SMITH"},{"floor":11.0,"key":"REST"},{"data":"Combust","floor":15.0,"key":"SMITH"},{"data":"Barricade","floor":23.0,"key":"SMITH"},{"data":"Dual Wield","floor":25.0,"key":"SMITH"},{"data":"Armaments","floor":32.0,"key":"SMITH"}],"neow_cost":"NONE","seed_source_timestamp":45886885838300,"circlet_count":0,"master_deck":["Defend_R+1","Defend_R+1","Defend_R+1","Defend_R+1","Ghostly Armor+1","Rupture+1","Bloodletting","Cleave","Heavy Blade+1","Combust+1","Armaments+1","Whirlwind","Shrug It Off","Intimidate","Ghostly","Ghostly","Ghostly","Ghostly","Ghostly","Barricade+1","Dual Wield+1","Limit Break","Flame Barrier+1","Rupture+1","Ghostly"],"special_seed":0,"relics":["Burning Blood","Mercury Hourglass","Oddly Smooth Stone","Dream Catcher","Bronze Scales","Art of War","Empty Cage","Ancient Tea Set","The Courier","Incense Burner","Smiling Mask","Fusion Hammer","Vajra","Bottled Lightning","DollysMirror"],"potions_floor_usage":[],"damage_taken":[{"damage":2.0,"enemies":"Jaw Worm","floor":1.0,"turns":4.0},{"damage":0.0,"enemies":"2 Louse","floor":3.0,"turns":3.0},{"damage":0.0,"enemies":"Cultist","floor":5.0,"turns":3.0},{"damage":18.0,"enemies":"3 Sentries","floor":7.0,"turns":7.0},{"damage":30.0,"enemies":"Gremlin Nob","floor":10.0,"turns":4.0},{"damage":8.0,"enemies":"3 Sentries","floor":12.0,"turns":5.0},{"damage":5.0,"enemies":"3 Louse","floor":13.0,"turns":2.0},{"damage":4.0,"enemies":"Exordium Wildlife","floor":14.0,"turns":2.0},{"damage":37.0,"enemies":"Hexaghost","floor":16.0,"turns":7.0},{"damage":5.0,"enemies":"3 Byrds","floor":18.0,"turns":2.0},{"damage":11.0,"enemies":"Shell Parasite","floor":20.0,"turns":5.0},{"damage":7.0,"enemies":"Sentry and Sphere","floor":22.0,"turns":6.0},{"damage":6.0,"enemies":"Slavers","floor":24.0,"turns":4.0},{"damage":7.0,"enemies":"Snake Plant","floor":29.0,"turns":5.0},{"damage":15.0,"enemies":"Champ","floor":33.0,"turns":10.0},{"damage":2.0,"enemies":"Orb Walker","floor":35.0,"turns":6.0},{"damage":2.0,"enemies":"3 Darklings","floor":37.0,"turns":4.0},{"damage":10.0,"enemies":"Maw","floor":39.0,"turns":9.0},{"damage":12.0,"enemies":"Nemesis","floor":40.0,"turns":10.0},{"damage":30,"enemies":"Reptomancer","floor":42,"turns":2}],"seed_played":"787712515299028347","potions_obtained":[{"floor":3.0,"key":"Swift Potion"},{"floor":7.0,"key":"Swift Potion"},{"floor":12.0,"key":"PowerPotion"},{"floor":20.0,"key":"Strength Potion"},{"floor":29.0,"key":"SpeedPotion"},{"floor":40.0,"key":"FearPotion"}],"is_trial":false,"path_per_floor":["M","?","M","?","M","R","E","R","T","E","R","E","M","M","R","B",null,"M","?","M","$","M","R","E","R","T","$","?","M","?","?","R","B",null,"M","?","M","?","M","E","$","E"],"character_chosen":"IRONCLAD","items_purchased":["Ancient Tea Set","Bottled Lightning","DollysMirror"],"campfire_rested":1,"item_purchase_floors":[21,41,41],"current_hp_per_floor":[80,73,79,79,80,80,68,68,68,44,68,66,67,69,69,38,70,71,40,35,35,34,34,34,34,34,34,34,33,33,33,33,24,36,40,40,40,40,36,30,30,0],"gold":23,"neow_bonus":"TRANSFORM_CARD","is_prod":false,"is_daily":false,"chose_seed":false,"campfire_upgraded":6,"win_rate":0,"timestamp":1549598226,"path_taken":["M","?","M","?","M","R","E","R","T","E","R","E","M","M","R","BOSS","M","?","M","$","M","R","E","R","T","$","?","?","?","?","R","BOSS","M","?","M","?","M","E","$","E"],"build_version":"2019-01-23","purchased_purges":3,"victory":false,"max_hp_per_floor":[80,80,80,80,80,80,80,80,80,80,80,80,80,80,80,80,80,80,40,40,40,40,40,40,40,40,40,40,40,40,40,40,40,40,40,40,40,40,40,40,40,40],"card_choices":[{"not_picked":["Headbutt","Rage"],"picked":"Rupture","floor":1.0},{"not_picked":["Shrug It Off","Pommel Strike"],"picked":"Bloodletting","floor":3.0},{"not_picked":["Disarm","True Grit"],"picked":"Cleave","floor":5.0},{"not_picked":["Warcry","Cleave"],"picked":"Heavy Blade","floor":7.0},{"not_picked":["Shrug It Off","Armaments"],"picked":"Combust","floor":10.0},{"not_picked":["Perfected Strike","Uppercut"],"picked":"Armaments","floor":12.0},{"not_picked":["Exhume","Perfected Strike"],"picked":"Whirlwind","floor":13.0},{"not_picked":["Blood for Blood","Intimidate"],"picked":"Shrug It Off","floor":14.0},{"not_picked":["Feed","Dark Embrace"],"picked":"Demon Form","floor":16.0},{"not_picked":["Cleave+1","Heavy Blade+1"],"picked":"Intimidate","floor":18.0},{"not_picked":["Twin Strike","Pommel Strike","Flex+1"],"picked":"SKIP","floor":20.0},{"not_picked":["Flex","Perfected Strike"],"picked":"Barricade","floor":22.0},{"not_picked":["Barricade","Inflame"],"picked":"Dual Wield","floor":24.0},{"not_picked":["Flex+1","Sword Boomerang","Havoc"],"picked":"SKIP","floor":29.0},{"not_picked":["Bludgeon","Double Tap"],"picked":"Limit Break","floor":33.0},{"not_picked":["Burning Pact","Twin Strike"],"picked":"Flame Barrier+1","floor":35.0},{"not_picked":["Armaments","Clash","Rage+1"],"picked":"SKIP","floor":37.0},{"not_picked":["Shrug It Off","Clothesline+1","Havoc"],"picked":"SKIP","floor":39.0},{"not_picked":["Exhume","Pommel Strike+1"],"picked":"Rupture+1","floor":40.0}],"player_experience":413668,"relics_obtained":[{"floor":7.0,"key":"Oddly Smooth Stone"},{"floor":9.0,"key":"Dream Catcher"},{"floor":10.0,"key":"Bronze Scales"},{"floor":12.0,"key":"Art of War"},{"floor":24.0,"key":"The Courier"},{"floor":26.0,"key":"Incense Burner"},{"floor":40.0,"key":"Vajra"}],"event_choices":[{"damage_healed":0.0,"max_hp_gain":0.0,"max_hp_loss":0.0,"gold_gain":0.0,"event_name":"Scrap Ooze","player_choice":"Success","floor":2.0,"gold_loss":0.0,"damage_taken":7.0,"relics_obtained":["Mercury Hourglass"]},{"damage_healed":0.0,"max_hp_gain":0.0,"max_hp_loss":0.0,"gold_gain":0.0,"event_name":"Upgrade Shrine","player_choice":"Upgraded","floor":4.0,"gold_loss":0.0,"damage_taken":0.0,"cards_upgraded":["Rupture"]},{"damage_healed":0.0,"max_hp_gain":0.0,"max_hp_loss":40.0,"gold_gain":0.0,"event_name":"Ghosts","player_choice":"Became a Ghost","floor":19.0,"gold_loss":0.0,"damage_taken":0.0,"cards_obtained":["Ghostly","Ghostly","Ghostly","Ghostly","Ghostly"]},{"damage_healed":0.0,"max_hp_gain":0.0,"max_hp_loss":0.0,"gold_gain":0.0,"event_name":"The Mausoleum","player_choice":"Opened","floor":28.0,"gold_loss":0.0,"damage_taken":0.0,"relics_obtained":["Smiling Mask"]},{"damage_healed":0.0,"max_hp_gain":0.0,"max_hp_loss":0.0,"gold_gain":0.0,"event_name":"Vampires","player_choice":"Ignored","floor":30.0,"gold_loss":0.0,"damage_taken":0.0},{"damage_healed":0.0,"max_hp_gain":0.0,"max_hp_loss":0.0,"gold_gain":0.0,"event_name":"Back to Basics","player_choice":"Simplicity","floor":31.0,"gold_loss":0.0,"damage_taken":0.0,"cards_upgraded":["Strike_R","Defend_R","Defend_R","Defend_R","Defend_R"]},{"cards_removed":["Demon Form"],"damage_healed":0.0,"max_hp_gain":0.0,"max_hp_loss":0.0,"gold_gain":0.0,"event_name":"Falling","player_choice":"Removed Power","floor":36.0,"gold_loss":0.0,"damage_taken":0.0},{"damage_healed":0.0,"max_hp_gain":0.0,"max_hp_loss":0.0,"gold_gain":100.0,"event_name":"Golden Shrine","player_choice":"Pray","floor":38.0,"gold_loss":0.0,"damage_taken":0.0}],"is_beta":false,"boss_relics":[{"not_picked":["Calling Bell","Runic Dome"],"picked":"Empty Cage"},{"not_picked":["Lizard Tail","Pandora\u0027s Box"],"picked":"Fusion Hammer"}],"items_purged_floors":[21,27,41],"is_endless":false,"potions_floor_spawned":[3,7,12,20,29,40],"killed_by":"Reptomancer","ascension_level":5}