{"gold_per_floor":[117,95,95,95,17,17,45,45,68,68,78,92,106,106,106,205,205,221,221,221,234,245,245,259,259,259,274,274],"floor_reached":28,"playtime":946,"items_purged":[],"score":316,"play_id":"4e64234b-1296-4502-b7db-29852f6ee817","local_time":"20190222152710","is_ascension_mode":true,"campfire_choices":[{"data":"Loop","floor":6,"key":"SMITH"},{"floor":10,"key":"REST"},{"floor":15,"key":"REST"},{"data":"Echo Form","floor":23,"key":"SMITH"},{"data":"Creative AI","floor":25,"key":"SMITH"}],"neow_cost":"NONE","seed_source_timestamp":5965811605500,"circlet_count":0,"master_deck":["Strike_B","Strike_B","Strike_B","Strike_B","Defend_B","Defend_B","Defend_B","Defend_B","Zap","Dualcast","Core Surge","Doom and Gloom","Loop+1","Gash","Electrodynamics","Glacier","Echo Form+1","Gash+1","Writhe","Loop+1","Creative AI+1"],"relics":["Cracked Core","Meat on the Bone","Bag of Preparation","Emotion Chip","Centennial Puzzle","Inserter","Bag of Marbles","Ice Cream"],"potions_floor_usage":[7,13,21,24,24,28],"damage_taken":[{"damage":4,"enemies":"Jaw Worm","floor":1,"turns":5},{"damage":45,"enemies":"3 Sentries","floor":7,"turns":8},{"damage":3,"enemies":"Small Slimes","floor":11,"turns":3},{"damage":6,"enemies":"Cultist","floor":12,"turns":3},{"damage":28,"enemies":"Gremlin Gang","floor":13,"turns":2},{"damage":40,"enemies":"Hexaghost","floor":16,"turns":10},{"damage":13,"enemies":"Spheric Guardian","floor":18,"turns":6},{"damage":7,"enemies":"3 Byrds","floor":21,"turns":2},{"damage":11,"enemies":"Snake Plant","floor":22,"turns":6},{"damage":26,"enemies":"Sentry and Sphere","floor":24,"turns":9},{"damage":32,"enemies":"Chosen and Byrds","floor":27,"turns":7},{"damage":23,"enemies":"3 Cultists","floor":28,"turns":3}],"seed_played":"-4154076079385395657","potions_obtained":[{"floor":1,"key":"Explosive Potion"},{"floor":8,"key":"PowerPotion"},{"floor":8,"key":"SpeedPotion"},{"floor":8,"key":"SneckoOil"},{"floor":16,"key":"SteroidPotion"},{"floor":18,"key":"Explosive Potion"},{"floor":21,"key":"Regen Potion"}],"is_trial":false,"path_per_floor":["M","?","T","?","$","R","E","?","T","R","M","M","M","?","R","B",null,"M","?","?","M","M","R","M","R","T","M","M"],"character_chosen":"DEFECT","items_purchased":["Loop"],"campfire_rested":2,"item_purchase_floors":[5],"current_hp_per_floor":[64,64,64,46,46,46,13,13,13,35,44,38,22,22,44,16,60,47,47,47,40,41,41,42,42,42,22,0],"gold":274,"neow_bonus":"ONE_RANDOM_RARE_CARD","is_prod":false,"is_daily":false,"chose_seed":false,"campfire_upgraded":3,"win_rate":0,"timestamp":1550867230,"path_taken":["M","?","?","?","?","R","E","?","T","R","M","?","?","?","R","BOSS","M","?","?","M","?","R","M","R","T","M","M"],"build_version":"2019-01-23","purchased_purges":0,"victory":false,"max_hp_per_floor":[75,75,75,75,75,75,75,75,75,75,75,75,75,75,75,75,75,75,75,75,75,75,75,75,75,75,75,75],"card_choices":[{"not_picked":["Redo","Undo"],"picked":"Doom and Gloom","floor":1},{"not_picked":["Conserve Battery","Reinforced Body"],"picked":"Gash","floor":7},{"not_picked":["Defragment","Gash"],"picked":"Electrodynamics","floor":11},{"not_picked":["Chaos","Compile Driver"],"picked":"Glacier","floor":12},{"not_picked":["Lockon","Doom and Gloom","Redo"],"picked":"SKIP","floor":13},{"not_picked":["Meteor Strike","Fission"],"picked":"Echo Form","floor":16},{"not_picked":["Cold Snap","Ball Lightning+1"],"picked":"Gash+1","floor":18},{"not_picked":["Streamline","Stack","Force Field"],"picked":"SKIP","floor":21},{"not_picked":["Redo+1","Cold Snap","Leap"],"picked":"SKIP","floor":22},{"not_picked":["Recycle+1","Coolheaded+1"],"picked":"Creative AI","floor":24},{"not_picked":["Go for the Eyes","Stack+1","Storm+1"],"picked":"SKIP","floor":27}],"player_experience":478158,"relics_obtained":[{"floor":3,"key":"Meat on the Bone"},{"floor":7,"key":"Emotion Chip"},{"floor":9,"key":"Centennial Puzzle"},{"floor":26,"key":"Ice Cream"}],"event_choices":[{"damage_healed":0,"gold_gain":0,"player_choice":"Left Gold","damage_taken":0,"max_hp_gain":0,"max_hp_loss":0,"event_name":"World of Goop","floor":2,"gold_loss":22},{"damage_healed":0,"gold_gain":0,"player_choice":"Success","damage_taken":18,"relics_obtained":["Bag of Preparation"],"max_hp_gain":0,"max_hp_loss":0,"event_name":"Scrap Ooze","floor":4,"gold_loss":0},{"damage_healed":0,"gold_gain":0,"player_choice":"Got Potions","damage_taken":0,"max_hp_gain":0,"max_hp_loss":0,"event_name":"Lab","floor":8,"gold_loss":0},{"damage_healed":0,"gold_gain":0,"player_choice":"Ignored","damage_taken":0,"max_hp_gain":0,"max_hp_loss":0,"event_name":"Shining Light","floor":14,"gold_loss":0},{"damage_healed":0,"gold_gain":0,"player_choice":"Opened","damage_taken":0,"relics_obtained":["Bag of Marbles"],"max_hp_gain":0,"max_hp_loss":0,"event_name":"The Mausoleum","floor":19,"gold_loss":0,"cards_obtained":["Writhe"]},{"damage_healed":0,"gold_gain":0,"player_choice":"Copied","damage_taken":0,"max_hp_gain":0,"max_hp_loss":0,"event_name":"Duplicator","floor":20,"gold_loss":0,"cards_obtained":["Loop"]}],"is_beta":false,"boss_relics":[{"not_picked":["Sozu","Tiny House"],"picked":"Inserter"}],"items_purged_floors":[],"is_endless":false,"potions_floor_spawned":[1,12,16,18,21],"killed_by":"3 Cultists","ascension_level":9}