{"gold_per_floor":[115,135,135,16,16,16,47,47,47,47,80,100,100,139,139,233,233,258,258,258,258,272,272,311,311,311,311,352,352,387,411,411,509,509,524,51,51,76,99,99,99,99,99,137,162,181,181,217,217,217,217,217,45,89,89],"floor_reached":55,"playtime":2922,"items_purged":["Shame"],"score":1499,"play_id":"aa678a27-8c33-4922-afee-e243da6792a2","local_time":"20190419225121","is_ascension_mode":true,"campfire_choices":[{"data":"Uppercut","floor":6.0,"key":"SMITH"},{"data":"Armaments","floor":15.0,"key":"SMITH"},{"data":"Body Slam","floor":23.0,"key":"SMITH"},{"data":"True Grit","floor":25.0,"key":"SMITH"},{"data":"Disarm","floor":27.0,"key":"SMITH"},{"data":"Evolve","floor":32.0,"key":"SMITH"},{"data":"True Grit","floor":40,"key":"SMITH"},{"data":"Body Slam","floor":42,"key":"SMITH"},{"floor":47,"key":"RECALL"},{"data":"Thinking Ahead","floor":49,"key":"SMITH"},{"data":"Immolate","floor":52,"key":"SMITH"}],"neow_cost":"NONE","seed_source_timestamp":232726381390143,"circlet_count":0,"master_deck":["AscendersBane","Defend_R","Defend_R","Defend_R","Defend_R","Bash","Whirlwind+1","Uppercut+1","Evolve+1","Battle Trance","Feed","Disarm+1","True Grit+1","Armaments+1","Juggernaut+1","Body Slam+1","Necronomicurse","Bite","Bite","Bite","Bite","Shrug It Off","Feel No Pain+1","Immolate+1","Master of Strategy","Impatience","Master of Strategy","Thinking Ahead+1","True Grit+1","Body Slam+1","Injury","Juggernaut+1","Dark Shackles","Feel No Pain+1"],"special_seed":0,"relics":["Burning Blood","NeowsBlessing","Anchor","Golden Idol","Whetstone","Dream Catcher","Frozen Egg 2","Cursed Key","Necronomicon","Prayer Wheel","Mummified Hand","Red Mask","Bag of Marbles","Meat on the Bone","Coffee Dripper","Bronze Scales","Lantern","Potion Belt","Bag of Preparation"],"potions_floor_usage":[],"damage_taken":[{"damage":0.0,"enemies":"Jaw Worm","floor":1.0,"turns":1.0},{"damage":0.0,"enemies":"Small Slimes","floor":2.0,"turns":1.0},{"damage":0.0,"enemies":"Gremlin Nob","floor":7.0,"turns":1.0},{"damage":20.0,"enemies":"Lagavulin","floor":11.0,"turns":6.0},{"damage":0.0,"enemies":"2 Louse","floor":12.0,"turns":1.0},{"damage":20.0,"enemies":"Gremlin Nob","floor":14.0,"turns":4.0},{"damage":26.0,"enemies":"Slime Boss","floor":16.0,"turns":10.0},{"damage":6.0,"enemies":"Chosen","floor":18.0,"turns":5.0},{"damage":2.0,"enemies":"2 Thieves","floor":22.0,"turns":5.0},{"damage":19.0,"enemies":"Slavers","floor":24.0,"turns":5.0},{"damage":14.0,"enemies":"Masked Bandits","floor":28.0,"turns":7.0},{"damage":48.0,"enemies":"Gremlin Leader","floor":30.0,"turns":7.0},{"damage":8.0,"enemies":"3 Cultists","floor":31.0,"turns":4.0},{"damage":25.0,"enemies":"Collector","floor":33.0,"turns":8.0},{"damage":0.0,"enemies":"Orb Walker","floor":35.0,"turns":3.0},{"damage":0,"enemies":"3 Darklings","floor":38,"turns":1},{"damage":30,"enemies":"Maw","floor":39,"turns":6},{"damage":42,"enemies":"Reptomancer","floor":44,"turns":7},{"damage":0,"enemies":"Jaw Worm Horde","floor":45,"turns":1},{"damage":10,"enemies":"Transient","floor":46,"turns":5},{"damage":0,"enemies":"Nemesis","floor":48,"turns":3},{"damage":111,"enemies":"Awakened One","floor":50,"turns":13},{"damage":28,"enemies":"Shield and Spear","floor":54,"turns":3},{"damage":83,"enemies":"The Heart","floor":55,"turns":3}],"seed_played":"2895320639015164038","potions_obtained":[{"floor":2.0,"key":"Dexterity Potion"},{"floor":7.0,"key":"Regen Potion"},{"floor":12.0,"key":"PowerPotion"},{"floor":16.0,"key":"FearPotion"},{"floor":18.0,"key":"SpeedPotion"},{"floor":54,"key":"Explosive Potion"}],"is_trial":false,"path_per_floor":["M","M","?","$","?","R","E","?","T","$","E","M","T","E","R","B",null,"M","?","?","?","M","R","E","R","T","R","?","?","E","M","R","B",null,"M","$","?","M","M","R","?","R","T","E","M","M","R","E","R","B",null,"R","$","E","B"],"character_chosen":"IRONCLAD","items_purchased":["Evolve","Battle Trance","Master of Strategy","Impatience","Bronze Scales","Dark Shackles"],"campfire_rested":0,"item_purchase_floors":[4,4,36,36,36,53],"current_hp_per_floor":[74,75,52,52,57,57,63,35,35,35,39,45,45,31,31,16,69,75,75,54,54,76,76,75,75,75,75,91,91,57,64,64,70,99,111,111,101,107,94,94,94,94,94,72,78,87,87,99,99,28,90,90,90,73,0],"gold":89,"neow_bonus":"THREE_ENEMY_KILL","is_prod":false,"is_daily":false,"chose_seed":false,"campfire_upgraded":10,"win_rate":0,"timestamp":1555739481,"path_taken":["M","M","?","$","?","R","E","?","T","?","E","?","?","E","R","BOSS","M","?","?","?","M","R","E","R","T","R","?","?","E","?","R","BOSS","M","$","?","M","M","R","?","R","T","E","?","M","R","E","R","BOSS","R","$","E","BOSS"],"build_version":"2019-01-23","purchased_purges":1,"victory":false,"max_hp_per_floor":[75,75,75,75,80,80,80,80,80,80,83,83,83,83,83,86,86,90,90,90,90,93,93,97,97,97,97,101,101,101,104,104,108,108,111,111,111,111,111,111,111,111,111,111,111,111,111,111,111,111,111,111,111,114,114],"card_choices":[{"not_picked":["Armaments","Perfected Strike"],"picked":"Whirlwind","floor":1.0},{"not_picked":["Heavy Blade","Double Tap"],"picked":"Uppercut","floor":2.0},{"not_picked":["Heavy Blade","Thunderclap"],"picked":"Feed","floor":7.0},{"not_picked":["Feed","Wild Strike"],"picked":"Disarm","floor":11.0},{"not_picked":["Perfected Strike","Hemokinesis"],"picked":"True Grit","floor":12.0},{"not_picked":["Fiend Fire","Warcry"],"picked":"Armaments","floor":14.0},{"not_picked":["Immolate","Feed"],"picked":"Juggernaut+1","floor":16.0},{"not_picked":["Pommel Strike","Iron Wave"],"picked":"Body Slam","floor":18.0},{"not_picked":["Hemokinesis","Anger"],"picked":"Shrug It Off","floor":22.0},{"not_picked":["Cleave","Perfected Strike","Thunderclap"],"picked":"SKIP","floor":24.0},{"not_picked":["Armaments","Searing Blow","Clash"],"picked":"SKIP","floor":30.0},{"not_picked":["Reckless Charge","Carnage"],"picked":"Feel No Pain+1","floor":31.0},{"not_picked":["Feed","Blood for Blood","Pommel Strike"],"picked":"SKIP","floor":31.0},{"not_picked":["Brutality+1","Double Tap"],"picked":"Immolate","floor":33.0},{"not_picked":["Cleave+1","Bloodletting","Wild Strike+1"],"picked":"SKIP","floor":35.0},{"not_picked":["Entrench+1","Sword Boomerang","Bloodletting"],"picked":"SKIP","floor":35.0},{"not_picked":["Swift Strike","Finesse"],"picked":"Master of Strategy","floor":37.0},{"not_picked":["Jack Of All Trades","Swift Strike"],"picked":"Thinking Ahead","floor":37.0},{"not_picked":["Entrench","Anger+1"],"picked":"True Grit","floor":38},{"not_picked":["Pummel","Wild Strike+1"],"picked":"Body Slam","floor":38},{"not_picked":["Anger+1","Shockwave","Armaments"],"picked":"SKIP","floor":39},{"not_picked":["Pommel Strike+1","Armaments+1","Rupture+1"],"picked":"SKIP","floor":39},{"not_picked":["Pummel","Clash"],"picked":"Juggernaut+1","floor":44},{"not_picked":["Havoc+1","Twin Strike","Evolve+1"],"picked":"SKIP","floor":45},{"not_picked":["Hemokinesis+1","Anger","Fire Breathing+1"],"picked":"SKIP","floor":45},{"not_picked":["Warcry","Wild Strike","Iron Wave"],"picked":"SKIP","floor":46},{"not_picked":["Rupture+1","Wild Strike","Infernal Blade"],"picked":"SKIP","floor":46},{"not_picked":["Reaper","Anger","Hemokinesis"],"picked":"SKIP","floor":48},{"not_picked":["Fire Breathing+1","Headbutt"],"picked":"Feel No Pain+1","floor":54}],"player_experience":215220,"relics_obtained":[{"floor":7.0,"key":"Anchor"},{"floor":9.0,"key":"Whetstone"},{"floor":11.0,"key":"Dream Catcher"},{"floor":13.0,"key":"Frozen Egg 2"},{"floor":14.0,"key":"Blood Vial"},{"floor":20.0,"key":"Necronomicon"},{"floor":24.0,"key":"Prayer Wheel"},{"floor":26.0,"key":"Mummified Hand"},{"floor":28.0,"key":"Red Mask"},{"floor":30.0,"key":"Meat on the Bone"},{"floor":44,"key":"Lantern"},{"floor":48,"key":"Potion Belt"},{"floor":54,"key":"Bag of Preparation"}],"event_choices":[{"damage_healed":0.0,"max_hp_gain":0.0,"max_hp_loss":0.0,"gold_gain":0.0,"event_name":"Shining Light","player_choice":"Entered Light","floor":3.0,"gold_loss":0.0,"damage_taken":23.0,"cards_upgraded":["Whirlwind","Strike_R"]},{"damage_healed":0.0,"max_hp_gain":5.0,"max_hp_loss":0.0,"gold_gain":0.0,"event_name":"Big Fish","player_choice":"Donut","floor":5.0,"gold_loss":0.0,"damage_taken":0.0},{"damage_healed":0.0,"max_hp_gain":0.0,"max_hp_loss":0.0,"gold_gain":0.0,"event_name":"Golden Idol","player_choice":"Take Damage","floor":8.0,"gold_loss":0.0,"damage_taken":28.0,"relics_obtained":["Golden Idol"]},{"damage_healed":0.0,"max_hp_gain":0.0,"max_hp_loss":0.0,"gold_gain":0.0,"event_name":"Ghosts","player_choice":"Ignored","floor":19.0,"gold_loss":0.0,"damage_taken":0.0},{"damage_healed":0.0,"max_hp_gain":0.0,"max_hp_loss":0.0,"gold_gain":0.0,"event_name":"Cursed Tome","player_choice":"Obtained Book","floor":20.0,"gold_loss":0.0,"damage_taken":21.0},{"damage_healed":0.0,"max_hp_gain":0.0,"max_hp_loss":0.0,"gold_gain":0.0,"event_name":"Vampires","player_choice":"Became a vampire (Vial)","floor":21.0,"relics_lost":["Blood Vial"],"gold_loss":0.0,"damage_taken":0.0,"cards_obtained":["Bite","Bite","Bite","Bite","Bite"]},{"damage_healed":0.0,"max_hp_gain":0.0,"max_hp_loss":0.0,"gold_gain":0.0,"event_name":"Masked Bandits","player_choice":"Fought Bandits","floor":28.0,"gold_loss":0.0,"damage_taken":0.0},{"cards_removed":["Bite"],"damage_healed":0.0,"max_hp_gain":0.0,"max_hp_loss":0.0,"gold_gain":0.0,"event_name":"WeMeetAgain","player_choice":"Gave Card","floor":29.0,"gold_loss":0.0,"damage_taken":0.0,"relics_obtained":["Bag of Marbles"]},{"damage_healed":0.0,"max_hp_gain":0.0,"max_hp_loss":0.0,"gold_gain":0.0,"event_name":"SensoryStone","player_choice":"Memory 3","floor":37.0,"gold_loss":0.0,"damage_taken":10.0},{"damage_healed":0,"gold_gain":0,"player_choice":"0 cards matched","damage_taken":0,"max_hp_gain":0,"max_hp_loss":0,"event_name":"Match and Keep!","floor":41,"gold_loss":0,"cards_obtained":[]}],"is_beta":false,"boss_relics":[{"not_picked":["Fusion Hammer","Snecko Eye"],"picked":"Cursed Key"},{"not_picked":["Pandora\u0027s Box","Calling Bell"],"picked":"Coffee Dripper"}],"items_purged_floors":[53],"is_endless":false,"potions_floor_spawned":[2,7,12,16,18,24,28,35,46,54],"killed_by":"The Heart","ascension_level":16}