{"gold_per_floor":[114,114,189,189,189,221,237,237,262,293,310,310,323,339,339,462,462,475,475,235,260,32,32,47,47,47,47,78,78,96,96,96,96],"floor_reached":33,"playtime":1472,"items_purged":[],"score":366,"play_id":"d9abb6e6-de79-45b7-95f2-47fc7163222c","local_time":"20190212190826","is_ascension_mode":true,"campfire_choices":[{"data":"Mind Blast","floor":8,"key":"SMITH"},{"floor":15,"key":"RECALL"},{"data":"Juggernaut","floor":23,"key":"SMITH"},{"floor":25,"key":"REST"},{"data":"Shockwave","floor":27,"key":"SMITH"},{"floor":32,"key":"REST"}],"neow_cost":"NONE","seed_source_timestamp":14943551285324,"circlet_count":0,"master_deck":["Defend_R","Defend_R","Defend_R","Defend_R","Bash","Anger+1","Mind Blast+1","Bash","Shrug It Off","Shockwave+1","Rage","Entrench","Injury","Body Slam","Intimidate","Juggernaut+1","Body Slam+1","Deep Breath","Armaments+1","Turbo+1","Leap+1","Bite","Bite","Bite","Bite","Bite","Finesse+1"],"relics":["Burning Blood","FossilizedHelix","Smiling Mask","Pantograph","Golden Idol","Runic Dome","Toxic Egg 2","PrismaticShard","Matryoshka","Oddly Smooth Stone"],"potions_floor_usage":[10,16,28,33,33],"damage_taken":[{"damage":0,"enemies":"Small Slimes","floor":1,"turns":3},{"damage":40,"enemies":"Lagavulin","floor":6,"turns":5},{"damage":0,"enemies":"Jaw Worm","floor":7,"turns":2},{"damage":8,"enemies":"Gremlin Nob","floor":10,"turns":4},{"damage":0,"enemies":"2 Louse","floor":11,"turns":2},{"damage":4,"enemies":"Lots of Slimes","floor":13,"turns":4},{"damage":0,"enemies":"Looter","floor":14,"turns":2},{"damage":68,"enemies":"Hexaghost","floor":16,"turns":9},{"damage":21,"enemies":"Shell Parasite","floor":18,"turns":6},{"damage":24,"enemies":"Spheric Guardian","floor":21,"turns":5},{"damage":26,"enemies":"Snake Plant","floor":24,"turns":5},{"damage":29,"enemies":"Slavers","floor":28,"turns":5},{"damage":13,"enemies":"Shelled Parasite and Fungi","floor":30,"turns":5},{"damage":88,"enemies":"Automaton","floor":33,"turns":6}],"seed_played":"5469581751513308876","potions_obtained":[{"floor":1,"key":"FearPotion"},{"floor":6,"key":"AttackPotion"},{"floor":10,"key":"Poison Potion"},{"floor":21,"key":"EssenceOfSteel"},{"floor":30,"key":"Swift Potion"},{"floor":31,"key":"Fruit Juice"},{"floor":31,"key":"Strength Potion"}],"is_trial":false,"path_per_floor":["M","?","?","?","?","E","M","R","T","E","M","?","M","M","R","B",null,"M","?","$","M","$","R","M","R","T","R","E","?","M","?","R","B"],"character_chosen":"IRONCLAD","items_purchased":["Toxic Egg 2","PrismaticShard","Armaments+1"],"campfire_rested":2,"item_purchase_floors":[20,22,22],"current_hp_per_floor":[88,88,77,77,77,43,49,49,49,47,53,53,55,61,61,24,72,57,57,57,39,39,39,19,45,45,45,22,22,21,21,39,0],"gold":96,"neow_bonus":"TEN_PERCENT_HP_BONUS","is_prod":false,"is_daily":false,"chose_seed":false,"campfire_upgraded":3,"win_rate":0,"timestamp":1550016506,"path_taken":["M","?","?","?","?","E","?","R","T","E","M","?","M","M","R","BOSS","M","?","$","?","$","R","M","R","T","R","E","?","M","?","R","BOSS"],"build_version":"2019-01-23","purchased_purges":0,"victory":false,"max_hp_per_floor":[88,88,88,88,88,88,88,88,88,88,88,88,88,88,88,88,88,88,88,88,88,88,88,88,88,88,88,88,61,61,61,61,66],"card_choices":[{"not_picked":["Combust","Sentinel"],"picked":"Anger","floor":1},{"not_picked":["Warcry","Sword Boomerang"],"picked":"Shrug It Off","floor":6},{"not_picked":["Havoc","Heavy Blade"],"picked":"Shockwave","floor":7},{"not_picked":["True Grit","Shrug It Off"],"picked":"Rage","floor":10},{"not_picked":["Shrug It Off","Flex"],"picked":"Entrench","floor":11},{"not_picked":["Bloodletting","Feel No Pain"],"picked":"Body Slam","floor":13},{"not_picked":["Perfected Strike","Clothesline"],"picked":"Intimidate","floor":14},{"not_picked":["Limit Break","Dark Embrace"],"picked":"Juggernaut","floor":16},{"not_picked":["Wild Strike","Thunderclap"],"picked":"Body Slam+1","floor":18},{"not_picked":["Havoc+1","Body Slam","Sword Boomerang"],"picked":"SKIP","floor":21},{"not_picked":["Clash","PanicButton+1"],"picked":"Turbo+1","floor":24},{"not_picked":["Iron Wave","Perfected Strike"],"picked":"Leap+1","floor":28},{"not_picked":["Leg Sweep+1","Combust"],"picked":"Finesse+1","floor":30}],"player_experience":191459,"relics_obtained":[{"floor":6,"key":"FossilizedHelix"},{"floor":9,"key":"Smiling Mask"},{"floor":10,"key":"Pantograph"},{"floor":26,"key":"Matryoshka"},{"floor":28,"key":"Oddly Smooth Stone"}],"event_choices":[{"damage_healed":0,"gold_gain":0,"player_choice":"Grow","damage_taken":0,"max_hp_gain":0,"max_hp_loss":0,"event_name":"Living Wall","floor":2,"gold_loss":0,"cards_upgraded":["Anger"]},{"damage_healed":0,"gold_gain":75,"player_choice":"Gather Gold","damage_taken":11,"max_hp_gain":0,"max_hp_loss":0,"event_name":"World of Goop","floor":3,"gold_loss":0},{"damage_healed":0,"gold_gain":0,"player_choice":"Leave","damage_taken":0,"max_hp_gain":0,"max_hp_loss":0,"event_name":"The Cleric","floor":4,"gold_loss":0},{"damage_healed":0,"gold_gain":0,"player_choice":"2 cards matched","damage_taken":0,"max_hp_gain":0,"max_hp_loss":0,"event_name":"Match and Keep!","floor":5,"gold_loss":0,"cards_obtained":["Mind Blast","Bash"]},{"damage_healed":0,"gold_gain":0,"player_choice":"Take Wound","damage_taken":0,"relics_obtained":["Golden Idol"],"max_hp_gain":0,"max_hp_loss":0,"event_name":"Golden Idol","floor":12,"gold_loss":0,"cards_obtained":["Injury"]},{"damage_healed":0,"gold_gain":0,"player_choice":"1 cards matched","damage_taken":0,"max_hp_gain":0,"max_hp_loss":0,"event_name":"Match and Keep!","floor":19,"gold_loss":0,"cards_obtained":["Deep Breath"]},{"damage_healed":0,"gold_gain":0,"player_choice":"Became a vampire","damage_taken":0,"max_hp_gain":0,"max_hp_loss":27,"event_name":"Vampires","floor":29,"gold_loss":0,"cards_obtained":["Bite","Bite","Bite","Bite","Bite"]},{"damage_healed":0,"gold_gain":0,"player_choice":"Got Potions","damage_taken":0,"max_hp_gain":0,"max_hp_loss":0,"event_name":"Lab","floor":31,"gold_loss":0}],"is_beta":false,"boss_relics":[{"not_picked":["Orrery","Empty Cage"],"picked":"Runic Dome"}],"items_purged_floors":[],"is_endless":false,"potions_floor_spawned":[1,6,10,21,30],"killed_by":"Automaton","ascension_level":5}