{"gold_per_floor":[109,124,141,18,18,18,58,58,58,81,102,169,46,79,79,209,209,230,243,243,94,94,128,152,164],"floor_reached":25,"playtime":3579,"items_purged":["Strike_B","Strike_B"],"score":391,"play_id":"a49d8123-c773-469e-83ec-e8875232b80e","local_time":"20190406201933","is_ascension_mode":true,"campfire_choices":[{"data":"Zap","floor":6,"key":"SMITH"},{"floor":8,"key":"REST"},{"data":"Redo","floor":15,"key":"SMITH"}],"neow_cost":"NONE","seed_source_timestamp":439059819074496,"circlet_count":0,"master_deck":["Strike_B","Strike_B","Defend_B","Defend_B","Defend_B","Defend_B","Zap+1","Dualcast","Genetic Algorithm","Scrape","Redo+1","Streamline","Ball Lightning","Go for the Eyes","Glacier","Ball Lightning","Electrodynamics","Coolheaded+1","Sunder+1","Cold Snap","Loop"],"relics":["Cracked Core","Bloody Idol","Dodecahedron","Mummified Hand","Art of War","Sozu","Oddly Smooth Stone","MawBank"],"potions_floor_usage":[7,7,14,16,23],"damage_taken":[{"damage":3,"enemies":"2 Louse","floor":1,"turns":3},{"damage":0,"enemies":"Small Slimes","floor":2,"turns":3},{"damage":2,"enemies":"Jaw Worm","floor":3,"turns":4},{"damage":30,"enemies":"Lagavulin","floor":7,"turns":5},{"damage":3,"enemies":"2 Fungi Beasts","floor":10,"turns":3},{"damage":3,"enemies":"Blue Slaver","floor":11,"turns":3},{"damage":4,"enemies":"3 Sentries","floor":14,"turns":7},{"damage":0,"enemies":"Slime Boss","floor":16,"turns":6},{"damage":0,"enemies":"Chosen","floor":18,"turns":3},{"damage":3,"enemies":"Shell Parasite","floor":19,"turns":5},{"damage":6,"enemies":"Colosseum Slavers","floor":22,"turns":4},{"damage":5,"enemies":"Gremlin Leader","floor":23,"turns":5},{"damage":70,"enemies":"Book of Stabbing","floor":25,"turns":5}],"seed_played":"-7421365909764051515","potions_obtained":[{"floor":0,"key":"FairyPotion"},{"floor":0,"key":"GamblersBrew"},{"floor":0,"key":"Energy Potion"},{"floor":10,"key":"SkillPotion"},{"floor":11,"key":"AttackPotion"}],"is_trial":false,"path_per_floor":["?","?","?","?","T"],"character_chosen":"DEFECT","items_purchased":["PowerPotion","Glacier","PowerPotion","Cold Snap"],"campfire_rested":1,"item_purchase_floors":[4,13,13,21],"current_hp_per_floor":[65,65,63,63,63,63,33,53,53,50,47,47,47,43,43,43,63,63,60,60,60,54,54,59,0],"gold":164,"neow_bonus":"THREE_SMALL_POTIONS","is_prod":false,"is_daily":false,"chose_seed":false,"campfire_upgraded":2,"win_rate":0,"timestamp":1554578373,"path_taken":["M","M","M","$","?","R","E","R","T","M","M","?","$","E","R","BOSS","M","M","?","$","?","E","?","E"],"build_version":"2019-01-23","purchased_purges":2,"victory":false,"max_hp_per_floor":[75,75,75,75,69,69,69,69,69,69,69,69,69,69,69,69,69,69,69,69,69,69,69,69,69],"card_choices":[{"not_picked":["Reinforced Body","Scrape"],"picked":"Genetic Algorithm","floor":1},{"not_picked":["Static Discharge","Heatsinks"],"picked":"Scrape","floor":2},{"not_picked":["Hello World","Turbo"],"picked":"Redo","floor":3},{"not_picked":["Steam Power","Chaos"],"picked":"Streamline","floor":7},{"not_picked":["Chaos","Stack"],"picked":"Ball Lightning","floor":10},{"not_picked":["Beam Cell","Tempest"],"picked":"Go for the Eyes","floor":11},{"not_picked":["Reprogram","Chaos"],"picked":"Ball Lightning","floor":14},{"not_picked":["Buffer","Echo Form"],"picked":"Electrodynamics","floor":16},{"not_picked":["Compile Driver","Gash+1"],"picked":"Coolheaded+1","floor":18},{"not_picked":["Static Discharge","Rebound"],"picked":"Sunder+1","floor":19},{"not_picked":["Compile Driver","Streamline+1"],"picked":"Loop","floor":23}],"player_experience":518771,"relics_obtained":[{"floor":7,"key":"Dodecahedron"},{"floor":9,"key":"Mummified Hand"},{"floor":14,"key":"Art of War"},{"floor":23,"key":"Oddly Smooth Stone"},{"floor":24,"key":"MawBank"}],"event_choices":[{"damage_healed":0,"gold_gain":0,"player_choice":"Lose Max HP","damage_taken":0,"relics_obtained":["Golden Idol"],"max_hp_gain":0,"max_hp_loss":6,"event_name":"Golden Idol","floor":5,"gold_loss":0},{"damage_healed":0,"gold_gain":67,"player_choice":"Gained Gold","damage_taken":0,"max_hp_gain":0,"max_hp_loss":0,"event_name":"Golden Wing","floor":12,"gold_loss":0},{"damage_healed":0,"gold_gain":0,"player_choice":"Gave Idol","damage_taken":0,"relics_obtained":["Bloody Idol"],"max_hp_gain":0,"max_hp_loss":0,"event_name":"Forgotten Altar","floor":20,"relics_lost":["Golden Idol"],"gold_loss":0},{"damage_healed":0,"gold_gain":0,"player_choice":"Fight","damage_taken":0,"max_hp_gain":0,"max_hp_loss":0,"event_name":"Colosseum","floor":22,"gold_loss":0},{"damage_healed":0,"gold_gain":0,"player_choice":"Fled From Nobs","damage_taken":0,"max_hp_gain":0,"max_hp_loss":0,"event_name":"Colosseum","floor":22,"gold_loss":0}],"is_beta":false,"boss_relics":[{"not_picked":["Runic Dome","Tiny House"],"picked":"Sozu"}],"items_purged_floors":[4,21],"is_endless":false,"potions_floor_spawned":[2,10,11,18],"killed_by":"Book of Stabbing","ascension_level":8}