{"gold_per_floor":[115,115,130,154,154,195,195,209,236,254,279,313,326,15,15,145,145,165,165,165,165,165,165,189,189,263,287,306,326,340,340,340,463,463,487,487,503,503,139,173,173,209,257,257,290,290,290,315,315,315,315,315,23,62,62],"floor_reached":55,"playtime":3388,"items_purged":["Decay"],"score":842,"play_id":"2725c801-494e-4e20-a5ef-b83a29156760","local_time":"20190303213126","is_ascension_mode":false,"campfire_choices":[{"floor":15,"key":"DIG"},{"floor":23,"key":"DIG"},{"floor":25,"key":"DIG"},{"floor":32,"key":"DIG"},{"floor":41,"key":"DIG"},{"floor":44,"key":"RECALL"},{"data":"Zap","floor":49,"key":"SMITH"},{"floor":52,"key":"DIG"}],"neow_cost":"NONE","seed_source_timestamp":194227055612287,"circlet_count":0,"master_deck":["Strike_B+1","Strike_B+1","Strike_B+1","Defend_B+1","Defend_B+1","Defend_B+1","Defend_B+1","Zap+1","Dualcast","Cold Snap","Cold Snap+1","Machine Learning","Coolheaded","Ball Lightning","Ball Lightning","Glacier","Beam Cell","Rebound","Machine Learning","Leap+1","Streamline+1","Static Discharge","Stack","Go for the Eyes+1","Skim","Reboot","Glacier+1","Madness","Madness","Conserve Battery+1","Beam Cell+1","Hello World","Redo+1"],"relics":["Cracked Core","Golden Idol","Boot","Vajra","Smiling Mask","Omamori","Shovel","Whetstone","Calling Bell","Ancient Tea Set","Mercury Hourglass","Ice Cream","MutagenicStrength","DataDisk","Bottled Tornado","Sundial","Calipers","Nuclear Battery","Torii","Unceasing Top","Thread and Needle","Gambling Chip","Dream Catcher","Symbiotic Virus","Cables","Art of War"],"potions_floor_usage":[12,18,30,40,50,55,55,55],"damage_taken":[{"damage":4,"enemies":"2 Louse","floor":1,"turns":3},{"damage":0,"enemies":"Small Slimes","floor":3,"turns":2},{"damage":8,"enemies":"Jaw Worm","floor":4,"turns":4},{"damage":9,"enemies":"Lagavulin","floor":6,"turns":10},{"damage":6,"enemies":"Blue Slaver","floor":8,"turns":4},{"damage":1,"enemies":"Looter","floor":10,"turns":3},{"damage":11,"enemies":"2 Fungi Beasts","floor":11,"turns":3},{"damage":5,"enemies":"3 Sentries","floor":12,"turns":7},{"damage":5,"enemies":"Blue Slaver","floor":13,"turns":2},{"damage":0,"enemies":"Slime Boss","floor":16,"turns":6},{"damage":20,"enemies":"2 Thieves","floor":18,"turns":3},{"damage":6,"enemies":"Shell Parasite","floor":24,"turns":3},{"damage":0,"enemies":"Snecko","floor":27,"turns":2},{"damage":0,"enemies":"Centurion and Healer","floor":28,"turns":6},{"damage":2,"enemies":"Cultist and Chosen","floor":29,"turns":4},{"damage":10,"enemies":"Snecko","floor":30,"turns":4},{"damage":44,"enemies":"Automaton","floor":33,"turns":11},{"damage":4,"enemies":"Orb Walker","floor":35,"turns":2},{"damage":9,"enemies":"3 Darklings","floor":37,"turns":5},{"damage":2,"enemies":"Reptomancer","floor":40,"turns":9},{"damage":18,"enemies":"Nemesis","floor":42,"turns":6},{"damage":9,"enemies":"Reptomancer","floor":45,"turns":9},{"damage":0,"enemies":"Maw","floor":48,"turns":7},{"damage":37,"enemies":"Donu and Deca","floor":50,"turns":10},{"damage":54,"enemies":"Shield and Spear","floor":54,"turns":11},{"damage":26,"enemies":"The Heart","floor":55,"turns":6}],"seed_played":"2558959829317849272","potions_obtained":[{"floor":6,"key":"EssenceOfSteel"},{"floor":8,"key":"Energy Potion"},{"floor":16,"key":"Explosive Potion"},{"floor":18,"key":"GamblersBrew"},{"floor":27,"key":"SkillPotion"},{"floor":33,"key":"SneckoOil"},{"floor":45,"key":"Dexterity Potion"},{"floor":48,"key":"FearPotion"}],"is_trial":false,"path_per_floor":["M","?","M","M","?","E","?","M","T","M","M","E","M","$","R","B",null,"M","?","?","?","?","R","M","R","T","M","M","M","M","?","R","B",null,"M","?","M","?","$","E","R","E","T","R","E","?","?","M","R","B",null,"R","$","E","B"],"character_chosen":"DEFECT","items_purchased":["Shovel","Torii","Cables","SpeedPotion"],"campfire_rested":0,"item_purchase_floors":[14,39,53,53],"current_hp_per_floor":[75,57,64,63,63,61,58,59,59,65,61,63,65,65,65,65,75,62,62,62,48,48,48,42,42,42,42,49,54,51,51,51,7,80,76,66,64,64,64,69,69,58,58,58,56,56,56,56,56,19,80,80,80,26,0],"gold":62,"neow_bonus":"TRANSFORM_CARD","is_prod":false,"is_daily":false,"chose_seed":false,"campfire_upgraded":1,"win_rate":0,"timestamp":1551666686,"path_taken":["M","?","M","M","?","E","?","?","T","M","M","E","M","$","R","BOSS","M","?","?","?","?","R","M","R","T","M","M","M","?","?","R","BOSS","M","?","M","?","$","E","R","E","T","R","E","?","?","M","R","BOSS","R","$","E","BOSS"],"build_version":"2019-01-23","purchased_purges":1,"victory":false,"max_hp_per_floor":[75,75,75,75,75,75,75,75,75,75,75,75,75,75,75,75,75,75,75,75,80,80,80,80,80,80,80,80,80,80,80,80,80,80,80,80,80,80,80,80,80,80,80,80,80,80,80,80,80,80,80,80,80,80,80],"card_choices":[{"not_picked":["Steam","Redo"],"picked":"Cold Snap","floor":1},{"not_picked":["Steam","Undo"],"picked":"Cold Snap","floor":3},{"not_picked":["Capacitor","Lockon"],"picked":"Machine Learning","floor":4},{"not_picked":["Chaos","Leap"],"picked":"Coolheaded","floor":6},{"not_picked":["Sweeping Beam","Tempest"],"picked":"Ball Lightning","floor":8},{"not_picked":["Steam","Coolheaded"],"picked":"Ball Lightning","floor":10},{"not_picked":["Hyperbeam","Streamline"],"picked":"Glacier","floor":11},{"not_picked":["Redo","Heatsinks"],"picked":"Beam Cell","floor":12},{"not_picked":["Scrape","Coolheaded"],"picked":"Rebound","floor":13},{"not_picked":["Buffer","Biased Cognition"],"picked":"Machine Learning","floor":16},{"not_picked":["Scrape","Hologram"],"picked":"Leap+1","floor":18},{"not_picked":["Barrage","Self Repair"],"picked":"Streamline+1","floor":24},{"not_picked":["Barrage","Coolheaded"],"picked":"Static Discharge","floor":27},{"not_picked":["Barrage","Scrape+1"],"picked":"Stack","floor":28},{"not_picked":["Fusion","Stack"],"picked":"Go for the Eyes+1","floor":29},{"not_picked":["Static Discharge","Conserve Battery"],"picked":"Skim","floor":30},{"not_picked":["Meteor Strike","Rainbow"],"picked":"Reboot","floor":33},{"not_picked":["Ball Lightning","Sunder"],"picked":"Glacier+1","floor":35},{"not_picked":["Barrage+1","Coolheaded"],"picked":"Conserve Battery+1","floor":37},{"not_picked":["Rebound","Conserve Battery","Aggregate"],"picked":"SKIP","floor":40},{"not_picked":["Turbo+1","Fusion"],"picked":"Beam Cell+1","floor":42},{"not_picked":["Chaos","Meteor Strike","Barrage"],"picked":"SKIP","floor":45},{"not_picked":["Turbo+1","Conserve Battery"],"picked":"Hello World","floor":48},{"not_picked":["Ball Lightning","Rebound"],"picked":"Redo+1","floor":54}],"player_experience":245869,"relics_obtained":[{"floor":6,"key":"Boot"},{"floor":9,"key":"Smiling Mask"},{"floor":12,"key":"Omamori"},{"floor":15,"key":"Whetstone"},{"floor":17,"key":"Ancient Tea Set"},{"floor":17,"key":"Mercury Hourglass"},{"floor":17,"key":"Ice Cream"},{"floor":23,"key":"DataDisk"},{"floor":25,"key":"Bottled Tornado"},{"floor":26,"key":"Sundial"},{"floor":32,"key":"Calipers"},{"floor":40,"key":"Unceasing Top"},{"floor":41,"key":"Thread and Needle"},{"floor":42,"key":"Gambling Chip"},{"floor":45,"key":"Dream Catcher"},{"floor":52,"key":"Symbiotic Virus"},{"floor":54,"key":"Art of War"}],"event_choices":[{"damage_healed":0,"gold_gain":0,"player_choice":"Take Damage","damage_taken":18,"relics_obtained":["Golden Idol"],"max_hp_gain":0,"max_hp_loss":0,"event_name":"Golden Idol","floor":2,"gold_loss":0},{"damage_healed":0,"gold_gain":0,"player_choice":"Leave","damage_taken":0,"max_hp_gain":0,"max_hp_loss":0,"event_name":"The Cleric","floor":5,"gold_loss":0},{"damage_healed":0,"gold_gain":0,"player_choice":"Success","damage_taken":3,"relics_obtained":["Vajra"],"max_hp_gain":0,"max_hp_loss":0,"event_name":"Scrap Ooze","floor":7,"gold_loss":0},{"damage_healed":0,"gold_gain":0,"player_choice":"Inject Mutagens","damage_taken":0,"relics_obtained":["MutagenicStrength"],"max_hp_gain":0,"max_hp_loss":0,"event_name":"Drug Dealer","floor":19,"gold_loss":0},{"damage_healed":0,"gold_gain":0,"player_choice":"Simplicity","damage_taken":0,"max_hp_gain":0,"max_hp_loss":0,"event_name":"Back to Basics","floor":20,"gold_loss":0,"cards_upgraded":["Strike_B","Strike_B","Defend_B","Defend_B","Defend_B","Defend_B"]},{"damage_healed":0,"gold_gain":0,"player_choice":"Shed Blood","damage_taken":19,"max_hp_gain":5,"max_hp_loss":0,"event_name":"Forgotten Altar","floor":21,"gold_loss":0},{"damage_healed":0,"gold_gain":0,"player_choice":"Ignored","damage_taken":0,"max_hp_gain":0,"max_hp_loss":0,"event_name":"Ghosts","floor":22,"gold_loss":0},{"damage_healed":0,"gold_gain":0,"player_choice":"Ignored","damage_taken":0,"max_hp_gain":0,"max_hp_loss":0,"event_name":"Vampires","floor":31,"gold_loss":0},{"damage_healed":0,"gold_gain":0,"player_choice":"Embrace Madness","damage_taken":10,"max_hp_gain":0,"max_hp_loss":0,"event_name":"Winding Halls","floor":36,"gold_loss":0,"cards_obtained":["Madness","Madness"]},{"damage_healed":0,"gold_gain":0,"player_choice":"Ignored","damage_taken":0,"max_hp_gain":0,"max_hp_loss":0,"event_name":"Tomb of Lord Red Mask","floor":38,"gold_loss":0},{"cards_removed":["Self Repair"],"damage_healed":0,"gold_gain":0,"player_choice":"Removed Power","damage_taken":0,"max_hp_gain":0,"max_hp_loss":0,"event_name":"Falling","floor":46,"gold_loss":0},{"damage_healed":0,"gold_gain":0,"player_choice":"Ignored","damage_taken":0,"max_hp_gain":0,"max_hp_loss":0,"event_name":"NoteForYourself","floor":47,"gold_loss":0}],"is_beta":false,"boss_relics":[{"not_picked":["Runic Dome","Busted Crown"],"picked":"Calling Bell"},{"not_picked":["Runic Pyramid","Velvet Choker"],"picked":"Nuclear Battery"}],"items_purged_floors":[39],"is_endless":false,"potions_floor_spawned":[6,8,16,18,27,33,45,48],"killed_by":"The Heart","ascension_level":0}