{"gold_per_floor":[113,128,139,139,149,149,182,200,200,235,23,23,37,37,37,142,142,142,44,44,0],"floor_reached":21,"playtime":993,"items_purged":[],"score":208,"play_id":"21892dc8-7342-4581-bd35-22f085b2c3ca","local_time":"20181223214303","is_ascension_mode":true,"campfire_choices":[{"data":"Anger","floor":6,"key":"SMITH"},{"data":"Offering","floor":12,"key":"SMITH"},{"data":"Rampage","floor":15,"key":"SMITH"}],"neow_cost":"NONE","seed_source_timestamp":51611764463000,"circlet_count":0,"master_deck":["Strike_R","Strike_R","Strike_R","Strike_R","Strike_R","Defend_R","Defend_R","Defend_R","Defend_R","Bash","Anger+1","Shrug It Off","Flex","Feel No Pain","Rampage+1","Burning Pact","Pommel Strike","Offering+1","Rupture+1","Havoc","Demon Form+1","Twin Strike+1","RitualDagger"],"special_seed":0,"relics":["Burning Blood","Anchor","PreservedInsect","Strawberry","Frozen Egg 2","Membership Card","Ectoplasm","HandDrill"],"potions_floor_usage":[7,8,16,16,18],"damage_taken":[{"damage":9.0,"enemies":"Small Slimes","floor":1.0,"turns":4.0},{"damage":4,"enemies":"2 Louse","floor":2,"turns":3},{"damage":6,"enemies":"Cultist","floor":3,"turns":3},{"damage":2,"enemies":"3 Louse","floor":5,"turns":4},{"damage":19,"enemies":"Lagavulin","floor":7,"turns":6},{"damage":12,"enemies":"Gremlin Gang","floor":8,"turns":6},{"damage":19,"enemies":"3 Sentries","floor":10,"turns":7},{"damage":7,"enemies":"Exordium Wildlife","floor":13,"turns":3},{"damage":40,"enemies":"Hexaghost","floor":16,"turns":9},{"damage":47,"enemies":"3 Byrds","floor":18,"turns":7},{"damage":41,"enemies":"2 Thieves","floor":21,"turns":3}],"seed_played":"7807927856846544048","potions_obtained":[{"floor":3,"key":"AttackPotion"},{"floor":7,"key":"Energy Potion"},{"floor":10,"key":"Block Potion"},{"floor":13,"key":"SteroidPotion"},{"floor":16,"key":"Block Potion"}],"is_trial":false,"path_per_floor":["M","M","M","?","M","R","E","M","T","E","$","R","M","?","R","B",null,"M","$","?","M"],"character_chosen":"IRONCLAD","items_purchased":["Membership Card","Rupture+1","HandDrill"],"campfire_rested":0,"item_purchase_floors":[11,11,19],"current_hp_per_floor":[77,79,79,67,71,71,58,52,59,46,46,46,45,45,45,11,87,46,46,40,0],"gold":0,"neow_bonus":"THREE_CARDS","is_prod":false,"is_daily":false,"chose_seed":false,"campfire_upgraded":3,"win_rate":0,"timestamp":1545619383,"path_taken":["M","M","M","?","M","R","E","M","T","E","$","R","M","?","R","BOSS","M","$","?","M"],"build_version":"2018-12-20","purchased_purges":0,"victory":false,"max_hp_per_floor":[80,80,80,80,80,80,80,80,87,87,87,87,87,87,87,87,87,87,87,87,87],"card_choices":[{"not_picked":["Flex","Perfected Strike"],"picked":"Anger","floor":0.0},{"not_picked":["True Grit","Uppercut"],"picked":"Shrug It Off","floor":1.0},{"not_picked":["Rage","Sword Boomerang"],"picked":"Flex","floor":2},{"not_picked":["Clothesline","Wild Strike"],"picked":"Feel No Pain","floor":3},{"not_picked":["Intimidate","Blood for Blood"],"picked":"Rampage","floor":5},{"not_picked":["Clash","Sentinel"],"picked":"Burning Pact","floor":7},{"not_picked":["Iron Wave","Anger"],"picked":"Pommel Strike","floor":8},{"not_picked":["Twin Strike","Carnage"],"picked":"Offering","floor":10},{"not_picked":["Sever Soul","Shrug It Off"],"picked":"Havoc","floor":13},{"not_picked":["Impervious","Barricade+1"],"picked":"Demon Form+1","floor":16},{"not_picked":["Power Through","Cleave"],"picked":"Twin Strike+1","floor":18}],"player_experience":328744,"relics_obtained":[{"floor":7,"key":"PreservedInsect"},{"floor":9,"key":"Strawberry"},{"floor":10,"key":"Frozen Egg 2"}],"event_choices":[{"damage_healed":0,"gold_gain":0,"player_choice":"Success","damage_taken":12,"relics_obtained":["Anchor"],"max_hp_gain":0,"max_hp_loss":0,"event_name":"Scrap Ooze","floor":4,"gold_loss":0},{"damage_healed":0,"gold_gain":0,"player_choice":"Ignored","damage_taken":0,"max_hp_gain":0,"max_hp_loss":0,"event_name":"Liars Game","floor":14,"gold_loss":0},{"damage_healed":0,"gold_gain":0,"player_choice":"Joined the Cult","damage_taken":6,"max_hp_gain":0,"max_hp_loss":0,"event_name":"Nest","floor":20,"gold_loss":0,"cards_obtained":["RitualDagger"]}],"is_beta":false,"boss_relics":[{"not_picked":["Empty Cage","Philosopher\u0027s Stone"],"picked":"Ectoplasm"}],"items_purged_floors":[],"is_endless":false,"potions_floor_spawned":[3,7,10,13,16],"killed_by":"2 Thieves","ascension_level":2}