{"gold_per_floor":[115,127,127,127,11,11,44,44,98,117,167,182,202,213,213,289,289,289,289,214,66,66,66,66,66,66,66,66,66,66,66,66,66,66,66,66,66,66,66,66,66,66,66,66,66,66,66,66,66,66,66],"floor_reached":51,"playtime":2973,"items_purged":["Strike_G"],"score":1674,"play_id":"3b8d56a6-85f3-42c2-866c-b8d0f39739b1","local_time":"20190425101256","is_ascension_mode":true,"campfire_choices":[{"data":"Bane","floor":6,"key":"SMITH"},{"data":"Neutralize","floor":8,"key":"SMITH"},{"data":"Footwork","floor":15,"key":"SMITH"},{"data":"Footwork","floor":23,"key":"SMITH"},{"floor":29,"key":"RECALL"},{"floor":32,"key":"REST"},{"data":"Caltrops","floor":40,"key":"SMITH"},{"data":"Acrobatics","floor":45,"key":"SMITH"},{"floor":49,"key":"REST"}],"neow_cost":"NONE","seed_source_timestamp":597492991731954,"circlet_count":0,"master_deck":["AscendersBane","Defend_G+1","Defend_G+1","Defend_G+1","Defend_G+1","Defend_G+1","Strike_G+1","Survivor","Neutralize+1","Poisoned Stab","Bane+1","Caltrops+1","Poisoned Stab","Backflip","Backflip","Deadly Poison","Footwork+1","Die Die Die","Deadly Poison","Footwork+1","PiercingWail","Well Laid Plans","Backstab","Acrobatics+1","Dodge and Roll","Blur","Corpse Explosion+1","Catalyst+1","Well Laid Plans","Catalyst","PiercingWail+1","Backflip+1","Crippling Poison"],"relics":["Ring of the Serpent","Question Card","Lantern","Ectoplasm","Vajra","Pen Nib","StoneCalendar","Bronze Scales","Tough Bandages"],"potions_floor_usage":[7,31,38,50],"damage_taken":[{"damage":2,"enemies":"Jaw Worm","floor":1,"turns":6},{"damage":16,"enemies":"Small Slimes","floor":2,"turns":3},{"damage":27,"enemies":"Lagavulin","floor":7,"turns":8},{"damage":0,"enemies":"Cultist","floor":10,"turns":3},{"damage":0,"enemies":"Looter","floor":12,"turns":2},{"damage":4,"enemies":"3 Louse","floor":13,"turns":5},{"damage":0,"enemies":"2 Fungi Beasts","floor":14,"turns":2},{"damage":0,"enemies":"Hexaghost","floor":16,"turns":9},{"damage":9,"enemies":"Chosen","floor":18,"turns":5},{"damage":18,"enemies":"Book of Stabbing","floor":24,"turns":6},{"damage":0,"enemies":"Spheric Guardian","floor":25,"turns":4},{"damage":19,"enemies":"Gremlin Leader","floor":27,"turns":6},{"damage":0,"enemies":"Shelled Parasite and Fungi","floor":28,"turns":6},{"damage":0,"enemies":"Slavers","floor":31,"turns":7},{"damage":0,"enemies":"Champ","floor":33,"turns":14},{"damage":4,"enemies":"3 Shapes","floor":35,"turns":5},{"damage":0,"enemies":"Orb Walker","floor":36,"turns":4},{"damage":2,"enemies":"3 Darklings","floor":38,"turns":4},{"damage":0,"enemies":"Maw","floor":41,"turns":7},{"damage":0,"enemies":"4 Shapes","floor":42,"turns":5},{"damage":26,"enemies":"Nemesis","floor":46,"turns":7},{"damage":0,"enemies":"Writhing Mass","floor":47,"turns":6},{"damage":0,"enemies":"Maw","floor":48,"turns":6},{"damage":47,"enemies":"Donu and Deca","floor":50,"turns":10},{"damage":20,"enemies":"Time Eater","floor":51,"turns":3}],"seed_played":"442577990015624674","potions_obtained":[{"floor":2,"key":"Fire Potion"},{"floor":7,"key":"SkillPotion"},{"floor":12,"key":"Energy Potion"},{"floor":16,"key":"FearPotion"},{"floor":18,"key":"Poison Potion"},{"floor":31,"key":"Swift Potion"},{"floor":41,"key":"Ancient Potion"}],"is_trial":false,"path_per_floor":["?","?","?","M","?","?","?","M","?","?","M"],"character_chosen":"THE_SILENT","items_purchased":["Caltrops","Footwork","PiercingWail"],"campfire_rested":2,"item_purchase_floors":[5,21,21],"current_hp_per_floor":[63,47,40,40,40,40,13,13,13,13,13,13,9,9,9,9,56,47,47,47,47,47,47,29,29,29,10,10,10,10,10,31,31,62,58,58,58,56,56,56,56,56,56,56,56,30,30,30,51,4,0],"gold":66,"neow_bonus":"TEN_PERCENT_HP_BONUS","is_prod":false,"is_daily":false,"chose_seed":false,"campfire_upgraded":6,"win_rate":0,"timestamp":1556176376,"path_taken":["M","M","?","?","$","R","E","R","T","M","?","?","M","M","R","BOSS","M","?","?","$","?","R","E","?","T","E","M","R","?","E","R","BOSS","M","M","?","?","$","R","M","M","T","$","R","E","M","M","R","BOSS","BOSS"],"build_version":"2019-01-23","purchased_purges":1,"victory":false,"max_hp_per_floor":[72,72,72,72,72,72,72,72,72,72,72,72,72,72,72,72,72,72,72,72,72,72,72,72,72,72,72,72,72,72,72,72,72,72,72,72,72,72,72,72,72,72,72,72,72,72,72,72,72,72,72],"card_choices":[{"not_picked":["Backflip","Eviscerate"],"picked":"Poisoned Stab","floor":1},{"not_picked":["Underhanded Strike","Slice"],"picked":"Bane","floor":2},{"not_picked":["Cloak And Dagger","Predator"],"picked":"Poisoned Stab","floor":7},{"not_picked":["Dodge and Roll","Slice","Blade Dance"],"picked":"Backflip","floor":10},{"not_picked":["Choke","Concentrate","Dodge and Roll"],"picked":"Backflip","floor":12},{"not_picked":["Riddle With Holes","Phantasmal Killer","Dagger Throw"],"picked":"Deadly Poison","floor":13},{"not_picked":["Dodge and Roll","Poisoned Stab","Cloak And Dagger"],"picked":"Footwork","floor":14},{"not_picked":["A Thousand Cuts","Grand Finale","Venomology"],"picked":"Die Die Die","floor":16},{"not_picked":["Outmaneuver","Infinite Blades+1","Blade Dance"],"picked":"Deadly Poison","floor":18},{"not_picked":["Escape Plan","Riddle With Holes","Distraction"],"picked":"Well Laid Plans","floor":24},{"not_picked":["Riddle With Holes","Deadly Poison","Quick Slash"],"picked":"Backstab","floor":25},{"not_picked":["Dagger Throw","Sucker Punch","Blade Dance"],"picked":"Acrobatics","floor":27},{"not_picked":["Dagger Throw+1","Underhanded Strike","Deadly Poison"],"picked":"Dodge and Roll","floor":28},{"not_picked":["Unload","Dagger Throw","Poisoned Stab"],"picked":"Blur","floor":31},{"not_picked":["Wraith Form v2","Doppelganger","Adrenaline"],"picked":"Corpse Explosion","floor":33},{"not_picked":["Concentrate","Calculated Gamble","Backflip"],"picked":"Catalyst+1","floor":35},{"not_picked":["Finisher","Endless Agony","Cloak And Dagger","Underhanded Strike"],"picked":"SKIP","floor":36},{"not_picked":["Deadly Poison","Dash","Underhanded Strike+1"],"picked":"Well Laid Plans","floor":38},{"not_picked":["Doppelganger","Blur","Quick Slash+1"],"picked":"Catalyst","floor":41},{"not_picked":["Bane+1","Blade Dance","Poisoned Stab","Cloak And Dagger"],"picked":"SKIP","floor":42},{"not_picked":["Riddle With Holes+1","Finisher+1","Poisoned Stab"],"picked":"PiercingWail+1","floor":46},{"not_picked":["Concentrate+1","Dagger Throw+1","Sucker Punch"],"picked":"Backflip+1","floor":47},{"not_picked":["Backflip","Accuracy","Acrobatics"],"picked":"Crippling Poison","floor":48}],"player_experience":1863115,"relics_obtained":[{"floor":7,"key":"Question Card"},{"floor":9,"key":"Lantern"},{"floor":24,"key":"Vajra"},{"floor":26,"key":"Pen Nib"},{"floor":27,"key":"StoneCalendar"},{"floor":31,"key":"Bronze Scales"},{"floor":46,"key":"Tough Bandages"}],"event_choices":[{"cards_removed":["Strike_G"],"damage_healed":0,"gold_gain":0,"player_choice":"Card Removal","damage_taken":7,"max_hp_gain":0,"max_hp_loss":0,"event_name":"Golden Wing","floor":3,"gold_loss":0},{"cards_removed":["Strike_G"],"damage_healed":0,"gold_gain":0,"player_choice":"Forget","damage_taken":0,"max_hp_gain":0,"max_hp_loss":0,"event_name":"Living Wall","floor":4,"gold_loss":0},{"damage_healed":0,"gold_gain":50,"player_choice":"Pray","damage_taken":0,"max_hp_gain":0,"max_hp_loss":0,"event_name":"Golden Shrine","floor":11,"gold_loss":0},{"damage_healed":0,"gold_gain":0,"player_choice":"Simplicity","damage_taken":0,"max_hp_gain":0,"max_hp_loss":0,"event_name":"Back to Basics","floor":19,"gold_loss":0,"cards_upgraded":["Defend_G","Defend_G","Defend_G","Defend_G","Defend_G","Strike_G","Strike_G"]},{"cards_removed":["Strike_G"],"damage_healed":0,"gold_gain":0,"player_choice":"Gave Gold","damage_taken":0,"max_hp_gain":0,"max_hp_loss":0,"event_name":"Beggar","floor":20,"gold_loss":75},{"damage_healed":0,"gold_gain":0,"player_choice":"Ignored","damage_taken":0,"max_hp_gain":0,"max_hp_loss":0,"event_name":"Vampires","floor":22,"gold_loss":0},{"damage_healed":0,"gold_gain":0,"player_choice":"Ignored","damage_taken":0,"max_hp_gain":0,"max_hp_loss":0,"event_name":"The Mausoleum","floor":30,"gold_loss":0},{"damage_healed":0,"gold_gain":0,"player_choice":"Forge","damage_taken":0,"max_hp_gain":0,"max_hp_loss":0,"event_name":"Accursed Blacksmith","floor":37,"gold_loss":0,"cards_upgraded":["Corpse Explosion"]}],"is_beta":false,"boss_relics":[{"not_picked":["Lizard Tail","WristBlade"],"picked":"Ectoplasm"},{"not_picked":["Empty Cage","Eternal Feather"],"picked":"Ring of the Serpent"}],"items_purged_floors":[5],"is_endless":false,"potions_floor_spawned":[2,7,12,16,18,28,31,33,36,41,42,46],"killed_by":"Time Eater","ascension_level":20}