{"gold_per_floor":[15,34,34,44,57,85,85,119,173,191,191,210,210,224,224,326,326,337,337,353,366,384,384,384],"floor_reached":24,"playtime":1789,"items_purged":[],"score":254,"play_id":"b5d39ed7-5a0c-4586-97db-2a679ef4d9a0","local_time":"20190206112513","is_ascension_mode":true,"campfire_choices":[{"data":"Glass Knife","floor":7.0,"key":"SMITH"},{"floor":13.0,"key":"REST"},{"data":"A Thousand Cuts","floor":15.0,"key":"SMITH"},{"data":"Adrenaline","floor":23,"key":"SMITH"}],"neow_cost":"NO_GOLD","seed_source_timestamp":1763526206100,"circlet_count":0,"master_deck":["Defend_G","Defend_G","Defend_G","Defend_G","Defend_G","Strike_G","Strike_G","Strike_G","Strike_G","Survivor","Neutralize","Glass Knife+1","Dagger Spray","Leg Sweep","Backflip","Well Laid Plans","Adrenaline+1","Prepared","Cloak And Dagger","A Thousand Cuts+1","Underhanded Strike","Wraith Form v2+1","Prepared","Calculated Gamble","Cloak And Dagger"],"special_seed":0,"relics":["Ring of the Serpent","Tingsha","Kunai","Regal Pillow","Lantern"],"potions_floor_usage":[16,18,22,22],"damage_taken":[{"damage":4.0,"enemies":"Small Slimes","floor":1.0,"turns":4.0},{"damage":0.0,"enemies":"2 Louse","floor":2.0,"turns":2.0},{"damage":3.0,"enemies":"Jaw Worm","floor":4.0,"turns":5.0},{"damage":0.0,"enemies":"Gremlin Gang","floor":5.0,"turns":3.0},{"damage":30.0,"enemies":"Lagavulin","floor":6.0,"turns":11.0},{"damage":5.0,"enemies":"3 Sentries","floor":8.0,"turns":6.0},{"damage":0.0,"enemies":"Large Slime","floor":10.0,"turns":6.0},{"damage":0.0,"enemies":"Blue Slaver","floor":12.0,"turns":3.0},{"damage":0.0,"enemies":"Lots of Slimes","floor":14.0,"turns":2.0},{"damage":14,"enemies":"Hexaghost","floor":16,"turns":11},{"damage":0,"enemies":"Shell Parasite","floor":18,"turns":5},{"damage":19,"enemies":"2 Thieves","floor":20,"turns":3},{"damage":3,"enemies":"Centurion and Healer","floor":21,"turns":6},{"damage":0,"enemies":"Snake Plant","floor":22,"turns":3},{"damage":49,"enemies":"Gremlin Leader","floor":24,"turns":5}],"seed_played":"36340383724761731","potions_obtained":[{"floor":1.0,"key":"EssenceOfSteel"},{"floor":2.0,"key":"GamblersBrew"},{"floor":8.0,"key":"Dexterity Potion"},{"floor":10.0,"key":"Ancient Potion"},{"floor":12.0,"key":"Explosive Potion"},{"floor":16,"key":"Block Potion"},{"floor":18,"key":"FearPotion"},{"floor":21,"key":"Fire Potion"}],"is_trial":false,"path_per_floor":["M","M","?","M","M","E","R","E","T","M","?","M","R","M","R","B",null,"M","?","M","M","M","R","E"],"character_chosen":"THE_SILENT","items_purchased":[],"campfire_rested":1,"item_purchase_floors":[],"current_hp_per_floor":[66,66,59,56,56,26,26,21,21,21,9,9,45,45,45,31,70,70,70,51,48,48,48,0],"gold":384,"neow_bonus":"THREE_RARE_CARDS","is_prod":false,"is_daily":false,"chose_seed":false,"campfire_upgraded":3,"win_rate":0,"timestamp":1549470313,"path_taken":["M","M","?","M","M","E","R","E","T","M","?","M","R","M","R","BOSS","M","?","?","M","M","R","E"],"build_version":"2019-01-23","purchased_purges":0,"victory":false,"max_hp_per_floor":[70,70,70,70,70,70,70,70,70,70,70,70,70,70,70,70,70,70,70,70,70,70,70,70],"card_choices":[{"not_picked":["After Image","Malaise"],"picked":"Glass Knife","floor":0.0},{"not_picked":["Endless Agony","All Out Attack"],"picked":"Dagger Spray","floor":1.0},{"not_picked":["All Out Attack","Finisher"],"picked":"Leg Sweep","floor":2.0},{"not_picked":["Masterful Stab","Deflect"],"picked":"Backflip","floor":4.0},{"not_picked":["Leg Sweep","Dagger Spray"],"picked":"Well Laid Plans","floor":5.0},{"not_picked":["Backstab","PiercingWail"],"picked":"Adrenaline","floor":6.0},{"not_picked":["Endless Agony","Acrobatics"],"picked":"Prepared","floor":8.0},{"not_picked":["Outmaneuver","Blur"],"picked":"Cloak And Dagger","floor":10.0},{"not_picked":["Cloak And Dagger","Prepared"],"picked":"A Thousand Cuts","floor":12.0},{"not_picked":["Backflip","Dodge and Roll"],"picked":"Underhanded Strike","floor":14.0},{"not_picked":["Night Terror","Adrenaline"],"picked":"Wraith Form v2","floor":16},{"not_picked":["Backflip","Terror"],"picked":"Prepared","floor":18},{"not_picked":["Dagger Throw","Flechettes+1"],"picked":"Calculated Gamble","floor":20},{"not_picked":["Sucker Punch","Endless Agony"],"picked":"Cloak And Dagger","floor":21},{"not_picked":["Leg Sweep","Dash","Flechettes"],"picked":"SKIP","floor":22}],"player_experience":382518,"relics_obtained":[{"floor":6.0,"key":"Tingsha"},{"floor":8.0,"key":"Kunai"},{"floor":9.0,"key":"Regal Pillow"}],"event_choices":[{"cards_removed":["Strike_G"],"damage_healed":0.0,"max_hp_gain":0.0,"max_hp_loss":0.0,"gold_gain":0.0,"event_name":"Golden Wing","player_choice":"Card Removal","floor":3.0,"gold_loss":0.0,"damage_taken":7.0},{"damage_healed":0.0,"max_hp_gain":0.0,"max_hp_loss":0.0,"gold_gain":0.0,"event_name":"Scrap Ooze","player_choice":"Success","floor":11.0,"gold_loss":0.0,"damage_taken":12.0,"relics_obtained":["Lantern"]},{"damage_healed":0,"gold_gain":0,"player_choice":"Upgraded","damage_taken":0,"max_hp_gain":0,"max_hp_loss":0,"event_name":"Upgrade Shrine","floor":19,"gold_loss":0,"cards_upgraded":["Wraith Form v2"]}],"is_beta":false,"boss_relics":[{"not_picked":["WristBlade","Velvet Choker"],"picked":"Ring of the Serpent"}],"items_purged_floors":[],"is_endless":false,"potions_floor_spawned":[1,2,8,10,12,16,18,21],"killed_by":"Gremlin Leader","ascension_level":4}