{"gold_per_floor":[116,116,126,126,139,139,153,153,180,180,81,81,95,155,155,155],"floor_reached":16,"playtime":472,"items_purged":["Doubt"],"score":145,"play_id":"9633959e-d7fa-4df0-9f8c-2827deab7336","local_time":"20190222151112","is_ascension_mode":true,"campfire_choices":[{"data":"Hyperbeam","floor":6,"key":"SMITH"},{"floor":8,"key":"REST"},{"data":"Genetic Algorithm","floor":10,"key":"SMITH"},{"floor":15,"key":"REST"}],"neow_cost":"CURSE","seed_source_timestamp":5482096112700,"circlet_count":0,"master_deck":["Strike_B","Strike_B","Strike_B+1","Strike_B","Defend_B+1","Defend_B","Defend_B","Defend_B","Zap","Dualcast","Hyperbeam+1","Chill","Ball Lightning","Genetic Algorithm+1","Glacier","Rebound","Rebound"],"relics":["Cracked Core","Bag of Preparation","Tiny Chest"],"potions_floor_usage":[16],"damage_taken":[{"damage":2,"enemies":"Jaw Worm","floor":1,"turns":3},{"damage":6,"enemies":"2 Louse","floor":3,"turns":2},{"damage":14,"enemies":"Small Slimes","floor":5,"turns":3},{"damage":13,"enemies":"Red Slaver","floor":7,"turns":4},{"damage":8,"enemies":"3 Louse","floor":13,"turns":2},{"damage":23,"enemies":"Lagavulin","floor":14,"turns":6},{"damage":34,"enemies":"The Guardian","floor":16,"turns":8}],"seed_played":"-1529196467696777901","potions_obtained":[{"floor":1,"key":"SkillPotion"},{"floor":5,"key":"Block Potion"}],"is_trial":false,"path_per_floor":["M","?","M","?","M","R","M","R","T","R","$","?","M","E","R","B"],"character_chosen":"DEFECT","items_purchased":["Rebound"],"campfire_rested":2,"item_purchase_floors":[11],"current_hp_per_floor":[66,66,60,45,31,31,18,40,40,40,40,40,32,9,31,0],"gold":155,"neow_bonus":"THREE_RARE_CARDS","is_prod":false,"is_daily":false,"chose_seed":false,"campfire_upgraded":2,"win_rate":0,"timestamp":1550866272,"path_taken":["M","?","M","?","?","R","M","R","T","R","$","?","?","E","R","BOSS"],"build_version":"2019-01-23","purchased_purges":1,"victory":false,"max_hp_per_floor":[75,75,75,75,75,75,75,75,75,75,75,75,75,75,75,75],"card_choices":[{"not_picked":["Thunder Strike","Meteor Strike"],"picked":"Hyperbeam","floor":0},{"not_picked":["Stack","Auto Shields"],"picked":"Chill","floor":1},{"not_picked":["Hologram","Sweeping Beam"],"picked":"Ball Lightning","floor":3},{"not_picked":["Beam Cell","Undo"],"picked":"Genetic Algorithm","floor":5},{"not_picked":["Beam Cell","Ball Lightning"],"picked":"Glacier","floor":7},{"not_picked":["Sweeping Beam","Streamline","Consume"],"picked":"SKIP","floor":13},{"not_picked":["Static Discharge","Cold Snap"],"picked":"Rebound","floor":14}],"player_experience":477686,"relics_obtained":[{"floor":9,"key":"Bag of Preparation"},{"floor":14,"key":"Tiny Chest"}],"event_choices":[{"damage_healed":0,"gold_gain":0,"player_choice":"Ignored","damage_taken":0,"max_hp_gain":0,"max_hp_loss":0,"event_name":"Liars Game","floor":2,"gold_loss":0},{"damage_healed":0,"gold_gain":0,"player_choice":"Entered Light","damage_taken":15,"max_hp_gain":0,"max_hp_loss":0,"event_name":"Shining Light","floor":4,"gold_loss":0,"cards_upgraded":["Strike_B","Defend_B"]},{"damage_healed":0,"gold_gain":0,"player_choice":"Bought 0 Potions","damage_taken":0,"max_hp_gain":0,"max_hp_loss":0,"event_name":"The Woman in Blue","floor":12,"gold_loss":0}],"is_beta":false,"boss_relics":[],"items_purged_floors":[11],"is_endless":false,"potions_floor_spawned":[1,5],"killed_by":"The Guardian","ascension_level":9}