{"gold_per_floor":[110,110,110,127,140,171,171,201,278,254,270,270,110,126,126,200,200,210,152,171,171,185,185,214,214,214,214,244,128,139,159,159,159],"floor_reached":33,"playtime":1109,"items_purged":["Strike_B"],"score":544,"play_id":"b035cb60-260d-448b-bbb2-d15f78b6dbe4","local_time":"20190421235256","is_ascension_mode":true,"campfire_choices":[{"floor":7,"key":"REST"},{"floor":12,"key":"REST"},{"data":"Loop","floor":15,"key":"SMITH"},{"floor":23,"key":"REST"},{"floor":25,"key":"REST"},{"floor":32,"key":"REST"}],"neow_cost":"NONE","seed_source_timestamp":564521507299900,"circlet_count":0,"master_deck":["AscendersBane","Strike_B","Strike_B","Defend_B","Defend_B","Defend_B","Defend_B","Zap","Dualcast","Rainbow","Ball Lightning","Go for the Eyes","Conserve Battery","Leap","Electrodynamics","Loop","Loop+1","Core Surge","Glacier","Redo+1","Leap","Creative AI","Static Discharge","Conserve Battery"],"relics":["Cracked Core","Incense Burner","Bag of Preparation","Bottled Lightning","The Courier","Nuclear Battery","Kunai","PreservedInsect"],"potions_floor_usage":[16,16,24,33,33,33],"damage_taken":[{"damage":12,"enemies":"2 Louse","floor":1,"turns":3},{"damage":7,"enemies":"Jaw Worm","floor":4,"turns":3},{"damage":8,"enemies":"Small Slimes","floor":5,"turns":2},{"damage":22,"enemies":"3 Sentries","floor":6,"turns":8},{"damage":1,"enemies":"Lagavulin","floor":8,"turns":6},{"damage":0,"enemies":"Blue Slaver","floor":11,"turns":3},{"damage":3,"enemies":"Exordium Wildlife","floor":14,"turns":2},{"damage":19,"enemies":"The Guardian","floor":16,"turns":8},{"damage":1,"enemies":"3 Byrds","floor":18,"turns":3},{"damage":21,"enemies":"Spheric Guardian","floor":20,"turns":6},{"damage":20,"enemies":"Snake Plant","floor":22,"turns":5},{"damage":23,"enemies":"Gremlin Leader","floor":24,"turns":6},{"damage":21,"enemies":"Slavers","floor":28,"turns":4},{"damage":2,"enemies":"Centurion and Healer","floor":30,"turns":6},{"damage":5,"enemies":"3 Cultists","floor":31,"turns":3},{"damage":36,"enemies":"Champ","floor":33,"turns":5}],"seed_played":"5340678904491961132","potions_obtained":[{"floor":14,"key":"PowerPotion"},{"floor":16,"key":"Energy Potion"},{"floor":18,"key":"SpeedPotion"},{"floor":20,"key":"AttackPotion"},{"floor":27,"key":"EntropicBrew"}],"is_trial":false,"path_per_floor":["M","?","?","M","M","E","R","E","T","?","M","R","$","M","R","B",null,"M","$","M","?","M","R","E","R","T","?","E","$","M","M","R","B"],"character_chosen":"DEFECT","items_purchased":["Loop","Loop","Block Potion","Glacier","Static Discharge"],"campfire_rested":5,"item_purchase_floors":[13,13,13,19,29],"current_hp_per_floor":[52,52,40,33,25,3,24,23,23,23,23,44,44,41,41,22,59,58,58,37,37,17,38,15,36,36,36,15,15,13,8,29,0],"gold":159,"neow_bonus":"ONE_RANDOM_RARE_CARD","is_prod":false,"is_daily":false,"chose_seed":false,"campfire_upgraded":1,"win_rate":0,"timestamp":1555905176,"path_taken":["M","?","?","M","M","E","R","E","T","?","M","R","?","?","R","BOSS","M","$","M","?","?","R","E","R","T","?","E","$","M","M","R","BOSS"],"build_version":"2019-01-23","purchased_purges":1,"victory":false,"max_hp_per_floor":[71,71,71,71,71,71,71,71,71,71,71,71,71,71,71,71,71,71,71,71,71,71,71,71,71,71,71,71,71,71,71,71,71],"card_choices":[{"not_picked":["Coolheaded","Cold Snap"],"picked":"Ball Lightning","floor":1},{"not_picked":["Steam Power","Ball Lightning"],"picked":"Go for the Eyes","floor":4},{"not_picked":["Compile Driver","Sweeping Beam"],"picked":"Conserve Battery","floor":5},{"not_picked":["Redo","Chaos"],"picked":"Leap","floor":6},{"not_picked":["Sweeping Beam","Fusion","Hello World"],"picked":"SKIP","floor":8},{"not_picked":["Rebound","Cold Snap"],"picked":"Electrodynamics","floor":11},{"not_picked":["Hello World","Blizzard","Gash"],"picked":"SKIP","floor":14},{"not_picked":["Rainbow","Meteor Strike"],"picked":"Core Surge","floor":16},{"not_picked":["Chaos+1","Blizzard","Doom and Gloom"],"picked":"SKIP","floor":18},{"not_picked":["Streamline","Ball Lightning","Turbo"],"picked":"SKIP","floor":20},{"not_picked":["Fusion","Heatsinks"],"picked":"Redo+1","floor":22},{"not_picked":["Thunder Strike","Streamline"],"picked":"Leap","floor":24},{"not_picked":["Stack","Gash"],"picked":"Creative AI","floor":28},{"not_picked":["Ball Lightning","Electrodynamics","Compile Driver"],"picked":"SKIP","floor":30},{"not_picked":["Hologram+1","Chaos"],"picked":"Conserve Battery","floor":31}],"player_experience":613760,"relics_obtained":[{"floor":6,"key":"Bag of Preparation"},{"floor":8,"key":"Bottled Lightning"},{"floor":9,"key":"The Courier"},{"floor":24,"key":"Kunai"},{"floor":28,"key":"PreservedInsect"}],"event_choices":[{"damage_healed":0,"gold_gain":0,"player_choice":"Leave","damage_taken":0,"max_hp_gain":0,"max_hp_loss":0,"event_name":"The Cleric","floor":2,"gold_loss":0},{"damage_healed":0,"gold_gain":0,"player_choice":"Success","damage_taken":12,"relics_obtained":["Incense Burner"],"max_hp_gain":0,"max_hp_loss":0,"event_name":"Scrap Ooze","floor":3,"gold_loss":0},{"damage_healed":0,"gold_gain":0,"player_choice":"Left Gold","damage_taken":0,"max_hp_gain":0,"max_hp_loss":0,"event_name":"World of Goop","floor":10,"gold_loss":24},{"cards_removed":["Strike_B"],"damage_healed":0,"gold_gain":0,"player_choice":"Purged","damage_taken":0,"max_hp_gain":0,"max_hp_loss":0,"event_name":"Purifier","floor":21,"gold_loss":0},{"damage_healed":0,"gold_gain":0,"player_choice":"Got Potions","damage_taken":0,"max_hp_gain":0,"max_hp_loss":0,"event_name":"Lab","floor":27,"gold_loss":0}],"is_beta":false,"boss_relics":[{"not_picked":["Ectoplasm","Pandora\u0027s Box"],"picked":"Nuclear Battery"}],"items_purged_floors":[29],"is_endless":false,"potions_floor_spawned":[14,16,18,20],"killed_by":"Champ","ascension_level":14}