{"gold_per_floor":[110,185,185,185,204,268,268,284,308,331,331,365,18,38,38,111,111,123,137,52,52,68,101,101,101,128,128,144,69,69,100,100,174,174,185,185,201,211,23,23,56,69,150,182,202,217,217,242,242,242,242,242,242,25,25],"floor_reached":55,"playtime":3031,"items_purged":["Strike_B","Strike_B+1"],"score":2256,"play_id":"02a69901-18c7-4337-8742-4b50f1587292","local_time":"20190424052732","is_ascension_mode":true,"campfire_choices":[{"data":"Self Repair","floor":7.0,"key":"SMITH"},{"data":"Zap","floor":11.0,"key":"SMITH"},{"data":"Consume","floor":15.0,"key":"SMITH"},{"data":"Capacitor","floor":24.0,"key":"SMITH"},{"data":"Consume","floor":27.0,"key":"SMITH"},{"data":"Biased Cognition","floor":30.0,"key":"SMITH"},{"data":"White Noise","floor":32.0,"key":"SMITH"},{"data":"Fission","floor":40.0,"key":"SMITH"},{"floor":47.0,"key":"RECALL"},{"floor":49.0,"key":"REST"},{"floor":53,"key":"REST"}],"neow_cost":"NONE","seed_source_timestamp":50086798414391,"circlet_count":0,"master_deck":["AscendersBane","Strike_B+1","Defend_B","Defend_B","Defend_B","Defend_B","Zap+1","Dualcast+1","Barrage+1","Capacitor+1","Self Repair+1","Compile Driver","Consume+1","Glacier","Biased Cognition+1","Chill","Go for the Eyes","Consume+1","White Noise+1","Fission+1","Hologram","Blizzard","Compile Driver","Cold Snap"],"special_seed":0,"relics":["Cracked Core","NeowsBlessing","Tiny Chest","Bronze Scales","Happy Flower","Thread and Needle","Inserter","Boot","Bag of Marbles","Whetstone","Dodecahedron","Busted Crown","Turnip","Art of War","FossilizedHelix","Strawberry"],"potions_floor_usage":[],"damage_taken":[{"damage":0.0,"enemies":"Small Slimes","floor":1.0,"turns":1.0},{"damage":0.0,"enemies":"Jaw Worm","floor":5.0,"turns":1.0},{"damage":0.0,"enemies":"Gremlin Nob","floor":6.0,"turns":1.0},{"damage":0.0,"enemies":"2 Louse","floor":8.0,"turns":1.0},{"damage":18.0,"enemies":"3 Sentries","floor":12.0,"turns":7.0},{"damage":2.0,"enemies":"Looter","floor":14.0,"turns":3.0},{"damage":0.0,"enemies":"Hexaghost","floor":16.0,"turns":10.0},{"damage":7.0,"enemies":"Spheric Guardian","floor":18.0,"turns":4.0},{"damage":0.0,"enemies":"3 Byrds","floor":19.0,"turns":4.0},{"damage":33.0,"enemies":"Cultist and Chosen","floor":22.0,"turns":9.0},{"damage":0.0,"enemies":"Book of Stabbing","floor":23.0,"turns":6.0},{"damage":8.0,"enemies":"Snake Plant","floor":28.0,"turns":3.0},{"damage":0.0,"enemies":"Gremlin Leader","floor":31.0,"turns":9.0},{"damage":0.0,"enemies":"Champ","floor":33.0,"turns":12.0},{"damage":0.0,"enemies":"3 Darklings","floor":35.0,"turns":7.0},{"damage":6.0,"enemies":"3 Shapes","floor":37.0,"turns":6.0},{"damage":24.0,"enemies":"Jaw Worm Horde","floor":38.0,"turns":6.0},{"damage":24.0,"enemies":"Nemesis","floor":41.0,"turns":7.0},{"damage":9.0,"enemies":"Sphere and 2 Shapes","floor":42.0,"turns":6.0},{"damage":26.0,"enemies":"Reptomancer","floor":44.0,"turns":9.0},{"damage":0.0,"enemies":"3 Darklings","floor":45.0,"turns":6.0},{"damage":1.0,"enemies":"Maw","floor":46.0,"turns":8.0},{"damage":25.0,"enemies":"Nemesis","floor":48.0,"turns":8.0},{"damage":9.0,"enemies":"Awakened One","floor":50.0,"turns":16.0},{"damage":13,"enemies":"Time Eater","floor":51,"turns":15},{"damage":98,"enemies":"Shield and Spear","floor":55,"turns":6}],"seed_played":"-434769928510612314","potions_obtained":[{"floor":1.0,"key":"Block Potion"},{"floor":6.0,"key":"Explosive Potion"},{"floor":12.0,"key":"EssenceOfSteel"},{"floor":16.0,"key":"Dexterity Potion"},{"floor":22.0,"key":"Fire Potion"},{"floor":31.0,"key":"FearPotion"},{"floor":35.0,"key":"Fire Potion"},{"floor":38.0,"key":"GamblersBrew"},{"floor":42.0,"key":"FocusPotion"},{"floor":45.0,"key":"AttackPotion"},{"floor":46.0,"key":"SteroidPotion"}],"is_trial":false,"path_per_floor":["M","?","?","?","M","E","R","M","T","T","R","E","$","M","R","B",null,"M","M","?","$","M","E","R","?","T","R","M","$","R","E","R","B",null,"M","?","M","M","$","R","E","M","T","E","M","M","R","E","R","B","B",null,"R","$","E"],"character_chosen":"DEFECT","items_purchased":["Thread and Needle","Blizzard","Cold Snap","Strawberry"],"campfire_rested":2,"item_purchase_floors":[13,39,54,54],"current_hp_per_floor":[64,53,32,25,25,25,25,25,25,25,25,17,17,25,25,35,62,65,65,65,65,42,52,52,52,52,52,54,54,54,64,64,71,71,71,61,65,51,51,51,37,38,38,22,32,41,41,26,47,48,45,65,71,78,0],"gold":25,"neow_bonus":"THREE_ENEMY_KILL","is_prod":false,"is_daily":false,"chose_seed":false,"campfire_upgraded":8,"win_rate":0,"timestamp":1556076452,"path_taken":["M","?","?","?","M","E","R","M","T","?","R","E","$","M","R","BOSS","M","M","?","$","M","E","R","?","T","R","?","?","R","E","R","BOSS","M","?","M","M","$","R","E","M","T","E","?","?","R","E","R","BOSS","BOSS","R","$","E"],"build_version":"2019-04-23","purchased_purges":2,"victory":false,"max_hp_per_floor":[71,71,71,71,71,71,71,71,71,71,71,71,71,71,71,71,71,71,71,71,71,71,71,71,71,71,71,71,71,71,71,71,71,71,71,71,71,71,71,71,71,71,71,71,71,71,71,71,71,71,71,71,71,78,78],"card_choices":[{"not_picked":["Rebound","Tempest"],"picked":"Barrage","floor":1.0},{"not_picked":["Cold Snap","Gash"],"picked":"Capacitor","floor":5.0},{"not_picked":["Conserve Battery","Undo"],"picked":"Self Repair","floor":6.0},{"not_picked":["Hello World","Storm"],"picked":"Compile Driver","floor":8.0},{"not_picked":["Seek","Beam Cell"],"picked":"Consume","floor":12.0},{"not_picked":["Steam","Gash"],"picked":"Glacier","floor":14.0},{"not_picked":["Rainbow","Seek"],"picked":"Biased Cognition","floor":16.0},{"not_picked":["Streamline","Go for the Eyes","Static Discharge"],"picked":"SKIP","floor":18.0},{"not_picked":["Chaos","Barrage"],"picked":"Chill","floor":19.0},{"not_picked":["Consume","Reinforced Body"],"picked":"Go for the Eyes","floor":22.0},{"not_picked":["Sunder","Sweeping Beam"],"picked":"Consume","floor":23.0},{"not_picked":["Rebound","Consume","Hello World"],"picked":"SKIP","floor":28.0},{"not_picked":["Rebound","Consume","Hello World"],"picked":"SKIP","floor":28.0},{"not_picked":["Chaos","Rebound"],"picked":"White Noise","floor":31.0},{"not_picked":["Rainbow","Biased Cognition"],"picked":"Fission","floor":33.0},{"not_picked":["Redo"],"picked":"SKIP","floor":35.0},{"not_picked":["Reinforced Body"],"picked":"SKIP","floor":37.0},{"not_picked":[],"picked":"Hologram","floor":38.0},{"not_picked":["Melter"],"picked":"SKIP","floor":41.0},{"not_picked":["Aggregate"],"picked":"SKIP","floor":42.0},{"not_picked":["Rebound"],"picked":"SKIP","floor":44.0},{"not_picked":["FTL"],"picked":"SKIP","floor":45.0},{"not_picked":[],"picked":"Compile Driver","floor":46.0},{"not_picked":["Self Repair"],"picked":"SKIP","floor":48.0}],"player_experience":1206029,"relics_obtained":[{"floor":6.0,"key":"Tiny Chest"},{"floor":9.0,"key":"Bronze Scales"},{"floor":12.0,"key":"Happy Flower"},{"floor":23.0,"key":"Bag of Marbles"},{"floor":26.0,"key":"Whetstone"},{"floor":31.0,"key":"Dodecahedron"},{"floor":41.0,"key":"Turnip"},{"floor":44.0,"key":"Art of War"},{"floor":48.0,"key":"FossilizedHelix"}],"event_choices":[{"damage_healed":0.0,"max_hp_gain":0.0,"max_hp_loss":0.0,"gold_gain":75.0,"event_name":"World of Goop","player_choice":"Gather Gold","floor":2.0,"gold_loss":0.0,"damage_taken":11.0},{"damage_healed":0.0,"max_hp_gain":0.0,"max_hp_loss":0.0,"gold_gain":0.0,"event_name":"Shining Light","player_choice":"Entered Light","floor":3.0,"gold_loss":0.0,"damage_taken":21.0,"cards_upgraded":["Strike_B","Dualcast"]},{"cards_removed":["Strike_B"],"damage_healed":0.0,"max_hp_gain":0.0,"max_hp_loss":0.0,"gold_gain":0.0,"event_name":"Golden Wing","player_choice":"Card Removal","floor":4.0,"gold_loss":0.0,"damage_taken":7.0},{"damage_healed":0.0,"max_hp_gain":0.0,"max_hp_loss":0.0,"gold_gain":0.0,"event_name":"Addict","player_choice":"Obtained Relic","floor":20.0,"gold_loss":85.0,"damage_taken":0.0,"relics_obtained":["Boot"]},{"damage_healed":0.0,"max_hp_gain":0.0,"max_hp_loss":0.0,"gold_gain":0.0,"event_name":"Vampires","player_choice":"Ignored","floor":25.0,"gold_loss":0.0,"damage_taken":0.0},{"damage_healed":0.0,"max_hp_gain":0.0,"max_hp_loss":0.0,"gold_gain":0.0,"event_name":"Wheel of Change","player_choice":"Damaged","floor":36.0,"gold_loss":0.0,"damage_taken":10.0}],"is_beta":true,"boss_relics":[{"not_picked":["Snecko Eye","FrozenCore"],"picked":"Inserter"},{"not_picked":["Calling Bell","Black Star"],"picked":"Busted Crown"}],"items_purged_floors":[29,39],"is_endless":false,"potions_floor_spawned":[1,6,12,16,19,22,28,31,33,35,38,42,45,46],"killed_by":"Shield and Spear","ascension_level":20}