{"gold_per_floor":[117,117,117,135,148,188,188,229,229,249,287,287,305,323,323,454,454,473,59,59,84,98,98,122,122,122,122],"floor_reached":27,"playtime":1353,"items_purged":[],"score":260,"play_id":"ae5b785f-3b3c-46ef-a402-700d6d7a5f37","local_time":"20190214162458","is_ascension_mode":false,"campfire_choices":[{"floor":7,"key":"REST"},{"floor":12,"key":"REST"},{"floor":15,"key":"REST"},{"floor":23,"key":"REST"}],"neow_cost":"NONE","seed_source_timestamp":21684932679840,"circlet_count":0,"master_deck":["Defend_B","Defend_B","Defend_B","Zap+1","Dualcast","Ball Lightning+1","Skim","Streamline","Cold Snap","Amplify","White Noise","Loop","Seek","Glacier+1","White Noise+1","Streamline+1","Conserve Battery","Beam Cell+1","Bite","Bite","Bite","Bite","Bite"],"relics":["Cracked Core","Golden Idol","Darkstone Periapt","Sundial","Singing Bowl","Dream Catcher","Astrolabe","Kunai","Art of War"],"potions_floor_usage":[11,11,16],"damage_taken":[{"damage":0,"enemies":"2 Louse","floor":1,"turns":2},{"damage":6,"enemies":"Jaw Worm","floor":4,"turns":3},{"damage":1,"enemies":"Cultist","floor":5,"turns":3},{"damage":26,"enemies":"Lagavulin","floor":6,"turns":6},{"damage":11,"enemies":"3 Sentries","floor":8,"turns":6},{"damage":11,"enemies":"3 Louse","floor":10,"turns":2},{"damage":12,"enemies":"Lagavulin","floor":11,"turns":4},{"damage":5,"enemies":"Looter","floor":13,"turns":3},{"damage":6,"enemies":"Exordium Wildlife","floor":14,"turns":3},{"damage":28,"enemies":"Hexaghost","floor":16,"turns":9},{"damage":30,"enemies":"Shell Parasite","floor":18,"turns":7},{"damage":28,"enemies":"Spheric Guardian","floor":21,"turns":4},{"damage":21,"enemies":"Snake Plant","floor":22,"turns":4},{"damage":21,"enemies":"Snecko","floor":24,"turns":5},{"damage":25,"enemies":"Centurion and Healer","floor":27,"turns":5}],"seed_played":"-2110571966643517754","potions_obtained":[{"floor":8,"key":"PowerPotion"},{"floor":10,"key":"SkillPotion"},{"floor":11,"key":"Swift Potion"},{"floor":16,"key":"SpeedPotion"},{"floor":18,"key":"SpeedPotion"},{"floor":21,"key":"Swift Potion"}],"is_trial":false,"path_per_floor":["M","?","?","M","M","E","R","E","T","M","E","R","M","M","R","B",null,"M","$","?","M","M","R","M","?","T","M"],"character_chosen":"DEFECT","items_purchased":["Kunai","Art of War"],"campfire_rested":4,"item_purchase_floors":[19,19],"current_hp_per_floor":[75,57,57,51,50,24,46,35,35,26,14,39,36,30,54,26,81,53,53,53,25,6,31,12,12,12,0],"gold":122,"neow_bonus":"UPGRADE_CARD","is_prod":false,"is_daily":false,"chose_seed":false,"campfire_upgraded":0,"win_rate":0,"timestamp":1550179498,"path_taken":["M","?","?","M","M","E","R","E","T","M","E","R","M","M","R","BOSS","M","$","?","?","M","R","M","?","T","M"],"build_version":"2019-01-23","purchased_purges":0,"victory":false,"max_hp_per_floor":[75,75,75,75,75,75,75,75,75,77,77,79,81,81,81,81,81,83,83,83,83,85,85,87,60,60,60],"card_choices":[{"not_picked":["Redo","Cold Snap"],"picked":"Ball Lightning","floor":1},{"not_picked":["Steam Power","FTL"],"picked":"Skim","floor":4},{"not_picked":["Consume","FTL"],"picked":"Streamline","floor":5},{"not_picked":["Redo","Hologram"],"picked":"Cold Snap","floor":6},{"not_picked":["Steam","Blizzard","Coolheaded"],"picked":"SKIP","floor":8},{"not_picked":["Undo","Compile Driver","Chaos"],"picked":"Singing Bowl","floor":10},{"not_picked":["Reboot","Redo"],"picked":"Amplify","floor":11},{"not_picked":["Stack","Reinforced Body","Double Energy"],"picked":"Singing Bowl","floor":12},{"not_picked":["Static Discharge","Turbo","Steam"],"picked":"Singing Bowl","floor":13},{"not_picked":["Streamline","Consume"],"picked":"White Noise","floor":14},{"not_picked":["Hello World","Sweeping Beam"],"picked":"Loop","floor":15},{"not_picked":["Reboot","Hyperbeam"],"picked":"Seek","floor":16},{"not_picked":["Stack","Rebound","Steam"],"picked":"Singing Bowl","floor":18},{"not_picked":["Rip and Tear","Blizzard"],"picked":"Conserve Battery","floor":21},{"not_picked":["Rebound","Barrage","Hologram"],"picked":"Singing Bowl","floor":22},{"not_picked":["Meteor Strike","Turbo"],"picked":"Beam Cell+1","floor":23},{"not_picked":["Skim","Rebound","Conserve Battery"],"picked":"Singing Bowl","floor":24}],"player_experience":205266,"relics_obtained":[{"floor":6,"key":"Darkstone Periapt"},{"floor":8,"key":"Sundial"},{"floor":9,"key":"Singing Bowl"},{"floor":11,"key":"Dream Catcher"}],"event_choices":[{"damage_healed":0,"gold_gain":0,"player_choice":"Take Damage","damage_taken":18,"relics_obtained":["Golden Idol"],"max_hp_gain":0,"max_hp_loss":0,"event_name":"Golden Idol","floor":2,"gold_loss":0},{"damage_healed":0,"gold_gain":0,"player_choice":"Grow","damage_taken":0,"max_hp_gain":0,"max_hp_loss":0,"event_name":"Living Wall","floor":3,"gold_loss":0,"cards_upgraded":["Ball Lightning"]},{"cards_removed":["Meteor Strike"],"damage_healed":0,"gold_gain":0,"player_choice":"Took Card","damage_taken":0,"max_hp_gain":0,"max_hp_loss":0,"event_name":"NoteForYourself","floor":20,"gold_loss":0,"cards_obtained":["Streamline"]},{"damage_healed":0,"gold_gain":0,"player_choice":"Became a vampire","damage_taken":0,"max_hp_gain":0,"max_hp_loss":27,"event_name":"Vampires","floor":25,"gold_loss":0,"cards_obtained":["Bite","Bite","Bite","Bite","Bite"]}],"is_beta":false,"boss_relics":[{"not_picked":["Empty Cage","Ectoplasm"],"picked":"Astrolabe"}],"items_purged_floors":[],"is_endless":false,"potions_floor_spawned":[8,10,11,16,18,21],"killed_by":"Centurion and Healer","ascension_level":0}