{"gold_per_floor":[117,131,206,206,8,38,55,69,69,99,99,117,117,117],"floor_reached":14,"playtime":359,"items_purged":[],"score":250,"play_id":"e05812b1-d1f8-426e-a4a2-60274dd15fbd","local_time":"20190414174633","is_ascension_mode":true,"campfire_choices":[{"data":"Defragment","floor":11,"key":"SMITH"}],"neow_cost":"NONE","seed_source_timestamp":5538506437489,"circlet_count":0,"master_deck":["AscendersBane","Strike_B","Strike_B","Strike_B","Strike_B","Defend_B","Defend_B","Defend_B","Defend_B","Zap","Dualcast","Darkness","Defragment+1","Apotheosis+1","Steam+1","Undo+1","Cold Snap","Chill+1"],"special_seed":0,"relics":["Cracked Core","NeowsBlessing","Toxic Egg 2","Sundial","Incense Burner","Dodecahedron","Golden Idol"],"potions_floor_usage":[10,10],"damage_taken":[{"damage":0.0,"enemies":"2 Louse","floor":1.0,"turns":1.0},{"damage":0.0,"enemies":"Jaw Worm","floor":2.0,"turns":1.0},{"damage":0.0,"enemies":"Gremlin Nob","floor":6.0,"turns":1.0},{"damage":10.0,"enemies":"Small Slimes","floor":7.0,"turns":3.0},{"damage":6.0,"enemies":"Looter","floor":8.0,"turns":3.0},{"damage":10,"enemies":"3 Sentries","floor":10,"turns":5},{"damage":15,"enemies":"Lots of Slimes","floor":12,"turns":5},{"damage":0,"enemies":"Gremlin Nob","floor":14,"turns":3}],"seed_played":"8680830644747288733","potions_obtained":[{"floor":1.0,"key":"AttackPotion"},{"floor":6.0,"key":"Dexterity Potion"}],"is_trial":false,"path_per_floor":["M","M","?","T","$","E","M","M","T","E","R","M","?","E"],"character_chosen":"DEFECT","items_purchased":["Apotheosis+1"],"campfire_rested":0,"item_purchase_floors":[5],"current_hp_per_floor":[64,64,53,53,53,53,43,37,37,27,27,12,12,12],"gold":117,"neow_bonus":"THREE_ENEMY_KILL","is_prod":false,"is_daily":false,"chose_seed":false,"campfire_upgraded":1,"win_rate":0,"timestamp":1555256793,"path_taken":["M","M","?","?","$","E","M","?","T","E","R","M","?","E"],"build_version":"2019-04-04","purchased_purges":0,"victory":false,"max_hp_per_floor":[71,71,71,71,71,71,71,71,71,71,71,71,64,64],"card_choices":[{"not_picked":["Lockon","Go for the Eyes"],"picked":"Darkness","floor":1.0},{"not_picked":["Reprogram","Sweeping Beam"],"picked":"Defragment","floor":2.0},{"not_picked":["Go for the Eyes","Scrape"],"picked":"Steam+1","floor":6.0},{"not_picked":["Static Discharge","Gash"],"picked":"Undo+1","floor":7.0},{"not_picked":["Sweeping Beam","Tempest+1","Melter"],"picked":"SKIP","floor":8.0},{"not_picked":["Double Energy+1","Scrape"],"picked":"Cold Snap","floor":10},{"not_picked":["Capacitor","Fusion+1"],"picked":"Chill+1","floor":12}],"player_experience":1132440,"relics_obtained":[{"floor":4.0,"key":"Toxic Egg 2"},{"floor":6.0,"key":"Sundial"},{"floor":9.0,"key":"Incense Burner"},{"floor":10,"key":"Dodecahedron"}],"event_choices":[{"damage_healed":0.0,"max_hp_gain":0.0,"max_hp_loss":0.0,"gold_gain":75.0,"event_name":"World of Goop","player_choice":"Gather Gold","floor":3.0,"gold_loss":0.0,"damage_taken":11.0},{"damage_healed":0,"gold_gain":0,"player_choice":"Lose Max HP","damage_taken":0,"relics_obtained":["Golden Idol"],"max_hp_gain":0,"max_hp_loss":7,"event_name":"Golden Idol","floor":13,"gold_loss":0}],"is_beta":true,"boss_relics":[],"items_purged_floors":[],"is_endless":false,"potions_floor_spawned":[1,6,8],"killed_by":"Gremlin Nob","ascension_level":20}