{"gold_per_floor":[109,119,119,394,291,326,326,345,345,345,345,345,360,371,371,450,450,468,468],"floor_reached":19,"playtime":487,"items_purged":["Regret"],"score":384,"play_id":"74101597-2c69-45ec-9d7d-f456000b1c7c","local_time":"20190421203921","is_ascension_mode":true,"campfire_choices":[{"data":"White Noise","floor":7.0,"key":"SMITH"},{"data":"Zap","floor":10.0,"key":"SMITH"},{"data":"Consume","floor":15.0,"key":"SMITH"}],"neow_cost":"NONE","seed_source_timestamp":28239622850856,"circlet_count":0,"master_deck":["AscendersBane","Strike_B","Strike_B","Strike_B","Strike_B","Defend_B","Defend_B","Defend_B","Defend_B","Zap+1","Dualcast","Capacitor","Conserve Battery","Regret","Go for the Eyes","White Noise+1","Genetic Algorithm","Cold Snap","Consume+1","Echo Form+1"],"special_seed":0,"relics":["Cracked Core","NeowsBlessing","Frozen Egg 2","Boot","Cables","The Courier","Eternal Feather"],"potions_floor_usage":[18],"damage_taken":[{"damage":0.0,"enemies":"Jaw Worm","floor":1.0,"turns":1.0},{"damage":0.0,"enemies":"2 Louse","floor":2.0,"turns":1.0},{"damage":0.0,"enemies":"Gremlin Nob","floor":6.0,"turns":1.0},{"damage":1.0,"enemies":"Cultist","floor":8.0,"turns":4.0},{"damage":12.0,"enemies":"Looter","floor":13.0,"turns":4.0},{"damage":6.0,"enemies":"Blue Slaver","floor":14.0,"turns":3.0},{"damage":31.0,"enemies":"Slime Boss","floor":16.0,"turns":13.0},{"damage":30,"enemies":"2 Thieves","floor":18,"turns":3},{"damage":1,"enemies":"3 Byrds","floor":19,"turns":2}],"seed_played":"-1380223238043074860","potions_obtained":[{"floor":1.0,"key":"FocusPotion"},{"floor":8.0,"key":"AttackPotion"}],"is_trial":false,"path_per_floor":["M","M","?","?","$","E","R","M","T","R","?","T","M","M","R","B",null,"M","M"],"character_chosen":"DEFECT","items_purchased":["Go for the Eyes"],"campfire_rested":0,"item_purchase_floors":[5],"current_hp_per_floor":[64,64,64,64,64,64,64,63,63,63,52,52,40,34,34,3,54,24,23],"gold":468,"neow_bonus":"THREE_ENEMY_KILL","is_prod":false,"is_daily":false,"chose_seed":false,"campfire_upgraded":3,"win_rate":0,"timestamp":1555871961,"path_taken":["M","M","?","?","$","E","R","?","T","R","?","?","M","M","R","BOSS","M","M"],"build_version":"2019-04-20","purchased_purges":1,"victory":false,"max_hp_per_floor":[71,71,71,71,71,71,71,71,71,71,71,71,71,71,71,71,71,71,71],"card_choices":[{"not_picked":["Steam","Streamline"],"picked":"Capacitor","floor":1.0},{"not_picked":["Ball Lightning","Compile Driver"],"picked":"Conserve Battery","floor":2.0},{"not_picked":["Heatsinks+1","Streamline"],"picked":"White Noise","floor":6.0},{"not_picked":["Aggregate","Streamline"],"picked":"Genetic Algorithm","floor":8.0},{"not_picked":["Auto Shields","Heatsinks+1"],"picked":"Cold Snap","floor":13.0},{"not_picked":["Sweeping Beam","Beam Cell"],"picked":"Consume","floor":14.0},{"not_picked":["Thunder Strike","Seek"],"picked":"Echo Form+1","floor":16.0},{"not_picked":["Hologram","Beam Cell","Compile Driver"],"picked":"SKIP","floor":18}],"player_experience":1185780,"relics_obtained":[{"floor":6.0,"key":"Boot"},{"floor":9.0,"key":"Cables"}],"event_choices":[{"damage_healed":0.0,"max_hp_gain":0.0,"max_hp_loss":0.0,"gold_gain":0.0,"event_name":"Big Fish","player_choice":"Box","floor":3.0,"gold_loss":0.0,"damage_taken":0.0,"relics_obtained":["Frozen Egg 2"],"cards_obtained":["Regret"]},{"damage_healed":0.0,"max_hp_gain":0.0,"max_hp_loss":0.0,"gold_gain":275.0,"event_name":"Golden Shrine","player_choice":"Desecrate","floor":4.0,"gold_loss":0.0,"damage_taken":0.0,"cards_obtained":["Regret"]},{"damage_healed":0.0,"max_hp_gain":0.0,"max_hp_loss":0.0,"gold_gain":0.0,"event_name":"Scrap Ooze","player_choice":"Success","floor":11.0,"gold_loss":0.0,"damage_taken":11.0,"relics_obtained":["The Courier"]}],"is_beta":true,"boss_relics":[{"not_picked":["White Beast Statue","Runic Dome"],"picked":"Eternal Feather"}],"items_purged_floors":[5],"is_endless":false,"potions_floor_spawned":[1,8,13],"killed_by":"3 Byrds","ascension_level":20}