{"gold_per_floor":[110,110,35,35,35,78,78,78,101,132,150,185,200,225,225,318,318,336,336,336,12,12,12,50,65,146,146,160,173,173,193,193,286,286,307,307,51,51,74,74,108,108,135,155,215,215,255,278,278,278,278,278,278,51,91,91],"floor_reached":56,"playtime":3741,"items_purged":["Strike_B","Pain"],"score":2117,"play_id":"054a2740-8ad9-4c02-b63e-f9acfad95da3","local_time":"20190421181213","is_ascension_mode":true,"campfire_choices":[{"data":"Zap","floor":7.0,"key":"SMITH"},{"floor":15.0,"key":"REST"},{"floor":23.0,"key":"REST"},{"data":"Defragment","floor":27.0,"key":"SMITH"},{"floor":32.0,"key":"REST"},{"floor":40.0,"key":"RECALL"},{"data":"Creative AI","floor":49.0,"key":"SMITH"},{"data":"Capacitor","floor":53.0,"key":"SMITH"}],"neow_cost":"NONE","seed_source_timestamp":0,"circlet_count":0,"master_deck":["AscendersBane","Strike_B+1","Strike_B+1","Defend_B","Zap+1","Dualcast","Capacitor+1","BootSequence","Barrage","Chill","Defragment+1","Cold Snap","Creative AI+1","BootSequence","Coolheaded","Compile Driver","Genetic Algorithm","Gash","Self Repair","Consume","Force Field+1","Skim+1","Biased Cognition","Defragment","Amplify","Defragment","Glacier"],"special_seed":0,"relics":["Cracked Core","NeowsBlessing","Golden Idol","WarpedTongs","Orichalcum","Peace Pipe","Mercury Hourglass","Orrery","Toolbox","Thread and Needle","Pear","Happy Flower","Busted Crown","Bag of Preparation","DataDisk","Centennial Puzzle","Boot","Medical Kit","Gambling Chip"],"potions_floor_usage":[56,56],"damage_taken":[{"damage":0.0,"enemies":"2 Louse","floor":1.0,"turns":1.0},{"damage":0.0,"enemies":"Gremlin Nob","floor":6.0,"turns":1.0},{"damage":0.0,"enemies":"Lagavulin","floor":10.0,"turns":1.0},{"damage":5.0,"enemies":"Jaw Worm","floor":11.0,"turns":3.0},{"damage":24.0,"enemies":"3 Sentries","floor":12.0,"turns":7.0},{"damage":0.0,"enemies":"Small Slimes","floor":13.0,"turns":3.0},{"damage":3.0,"enemies":"Gremlin Gang","floor":14.0,"turns":5.0},{"damage":22.0,"enemies":"Hexaghost","floor":16.0,"turns":9.0},{"damage":13.0,"enemies":"3 Byrds","floor":18.0,"turns":5.0},{"damage":43.0,"enemies":"Gremlin Leader","floor":24.0,"turns":10.0},{"damage":0.0,"enemies":"Chosen","floor":25.0,"turns":7.0},{"damage":2.0,"enemies":"Centurion and Healer","floor":28.0,"turns":10.0},{"damage":20.0,"enemies":"3 Cultists","floor":29.0,"turns":5.0},{"damage":0.0,"enemies":"Sentry and Sphere","floor":31.0,"turns":8.0},{"damage":25.0,"enemies":"Collector","floor":33.0,"turns":16.0},{"damage":0.0,"enemies":"3 Darklings","floor":35.0,"turns":7.0},{"damage":0.0,"enemies":"Orb Walker","floor":39.0,"turns":4.0},{"damage":0.0,"enemies":"Giant Head","floor":41.0,"turns":11.0},{"damage":0.0,"enemies":"3 Darklings","floor":44.0,"turns":4.0},{"damage":2.0,"enemies":"Reptomancer","floor":45.0,"turns":12.0},{"damage":0.0,"enemies":"Giant Head","floor":47.0,"turns":10.0},{"damage":0.0,"enemies":"Jaw Worm Horde","floor":48.0,"turns":4.0},{"damage":24.0,"enemies":"Awakened One","floor":50.0,"turns":17.0},{"damage":12.0,"enemies":"Donu and Deca","floor":51.0,"turns":11.0},{"damage":86.0,"enemies":"Shield and Spear","floor":55.0,"turns":15.0},{"damage":16,"enemies":"The Heart","floor":56,"turns":10}],"seed_played":"-405982222041252384","potions_obtained":[{"floor":1.0,"key":"FocusPotion"},{"floor":10.0,"key":"Explosive Potion"},{"floor":14.0,"key":"PowerPotion"},{"floor":29.0,"key":"Weak Potion"},{"floor":31.0,"key":"Block Potion"},{"floor":33.0,"key":"SneckoOil"},{"floor":35.0,"key":"SkillPotion"},{"floor":41.0,"key":"FairyPotion"},{"floor":47.0,"key":"Ancient Potion"},{"floor":55.0,"key":"AttackPotion"}],"is_trial":false,"path_per_floor":["M","?","$","?","?","E","R","?","T","E","M","E","M","M","R","B",null,"M","?","?","$","?","R","E","M","T","R","M","M","T","M","R","B",null,"M","?","$","?","M","R","E","?","T","M","E","?","E","M","R","B","B",null,"R","$","E","B"],"character_chosen":"DEFECT","items_purchased":["Toolbox","Bag of Preparation","Defragment","Medical Kit"],"campfire_rested":3,"item_purchase_floors":[21,37,37,54],"current_hp_per_floor":[64,43,43,43,36,36,36,36,36,36,31,7,7,4,23,1,48,35,35,35,35,35,54,18,28,38,38,43,33,33,33,55,50,68,74,74,74,63,63,63,70,70,70,70,70,70,70,70,70,66,54,66,66,66,16,0],"gold":91,"neow_bonus":"THREE_ENEMY_KILL","is_prod":false,"is_daily":false,"chose_seed":false,"campfire_upgraded":4,"win_rate":0,"timestamp":1555863133,"path_taken":["M","?","$","?","?","E","R","?","T","E","M","E","?","M","R","BOSS","M","?","?","$","?","R","E","M","T","R","?","M","?","M","R","BOSS","M","?","$","?","?","R","E","?","T","M","E","?","E","M","R","BOSS","BOSS","R","$","E","BOSS"],"build_version":"2019-04-20","purchased_purges":2,"victory":false,"max_hp_per_floor":[71,71,71,64,64,64,64,64,64,64,64,64,64,64,64,64,64,64,64,64,64,64,64,64,64,74,74,74,74,74,74,74,74,74,74,74,74,74,74,74,74,70,70,70,70,70,70,70,70,70,70,70,70,70,70,70],"card_choices":[{"not_picked":["Auto Shields","Stack"],"picked":"Capacitor","floor":1.0},{"not_picked":["Capacitor","Hologram"],"picked":"BootSequence","floor":6.0},{"not_picked":["Static Discharge","Rebound"],"picked":"Barrage","floor":10.0},{"not_picked":["Aggregate","Steam","BootSequence"],"picked":"SKIP","floor":11.0},{"not_picked":["Go for the Eyes","Turbo"],"picked":"Chill","floor":12.0},{"not_picked":["Steam","Lockon"],"picked":"Defragment","floor":13.0},{"not_picked":["FTL","Darkness"],"picked":"Cold Snap","floor":14.0},{"not_picked":["Multi-Cast","Reboot"],"picked":"Creative AI","floor":16.0},{"not_picked":["Beam Cell","Turbo"],"picked":"BootSequence","floor":17.0},{"not_picked":["Auto Shields","Storm"],"picked":"Coolheaded","floor":17.0},{"not_picked":["Redo","Conserve Battery"],"picked":"Compile Driver","floor":17.0},{"not_picked":["Ball Lightning","Turbo"],"picked":"Genetic Algorithm","floor":17.0},{"not_picked":["Auto Shields","Conserve Battery"],"picked":"Gash","floor":17.0},{"not_picked":["Heatsinks","Rip and Tear+1","Scrape"],"picked":"SKIP","floor":18.0},{"not_picked":["Hologram","Cold Snap"],"picked":"Force Field+1","floor":24.0},{"not_picked":["Hologram","Steam"],"picked":"Skim+1","floor":25.0},{"not_picked":["Rebound","Force Field"],"picked":"Biased Cognition","floor":28.0},{"not_picked":["Recycle","Turbo","Undo"],"picked":"SKIP","floor":29.0},{"not_picked":["Scrape","Consume"],"picked":"Defragment","floor":31.0},{"not_picked":["Buffer","Seek"],"picked":"Amplify","floor":33.0},{"not_picked":["Fusion+1"],"picked":"SKIP","floor":35.0},{"not_picked":["Auto Shields"],"picked":"SKIP","floor":39.0},{"not_picked":["All For One"],"picked":"SKIP","floor":41.0},{"not_picked":[],"picked":"Glacier","floor":44.0},{"not_picked":["Beam Cell"],"picked":"SKIP","floor":45.0},{"not_picked":["Genetic Algorithm"],"picked":"SKIP","floor":47.0},{"not_picked":["Storm"],"picked":"SKIP","floor":48.0},{"not_picked":["Barrage"],"picked":"SKIP","floor":55.0}],"player_experience":1179932,"relics_obtained":[{"floor":9.0,"key":"Orichalcum"},{"floor":10.0,"key":"Peace Pipe"},{"floor":12.0,"key":"Mercury Hourglass"},{"floor":24.0,"key":"Thread and Needle"},{"floor":26.0,"key":"Pear"},{"floor":30.0,"key":"Happy Flower"},{"floor":41.0,"key":"DataDisk"},{"floor":45.0,"key":"Centennial Puzzle"},{"floor":47.0,"key":"Boot"},{"floor":55.0,"key":"Gambling Chip"}],"event_choices":[{"damage_healed":0.0,"max_hp_gain":0.0,"max_hp_loss":0.0,"gold_gain":0.0,"event_name":"Shining Light","player_choice":"Entered Light","floor":2.0,"gold_loss":0.0,"damage_taken":21.0,"cards_upgraded":["Strike_B","Strike_B"]},{"damage_healed":0.0,"max_hp_gain":0.0,"max_hp_loss":7.0,"gold_gain":0.0,"event_name":"Golden Idol","player_choice":"Lose Max HP","floor":4.0,"gold_loss":0.0,"damage_taken":0.0,"relics_obtained":["Golden Idol"]},{"cards_removed":["Strike_B"],"damage_healed":0.0,"max_hp_gain":0.0,"max_hp_loss":0.0,"gold_gain":0.0,"event_name":"Golden Wing","player_choice":"Card Removal","floor":5.0,"gold_loss":0.0,"damage_taken":7.0},{"damage_healed":0.0,"max_hp_gain":0.0,"max_hp_loss":0.0,"gold_gain":0.0,"event_name":"Accursed Blacksmith","player_choice":"Rummage","floor":8.0,"gold_loss":0.0,"damage_taken":0.0,"relics_obtained":["WarpedTongs"],"cards_obtained":["Pain"]},{"damage_healed":0.0,"max_hp_gain":0.0,"max_hp_loss":0.0,"gold_gain":0.0,"cards_transformed":["Defend_B","Defend_B"],"event_name":"Drug Dealer","player_choice":"Became Test Subject","floor":19.0,"gold_loss":0.0,"damage_taken":0.0,"cards_obtained":["Self Repair","Consume"]},{"damage_healed":0.0,"max_hp_gain":0.0,"max_hp_loss":0.0,"gold_gain":0.0,"event_name":"The Mausoleum","player_choice":"Ignored","floor":20.0,"gold_loss":0.0,"damage_taken":0.0},{"damage_healed":0.0,"max_hp_gain":0.0,"max_hp_loss":0.0,"gold_gain":0.0,"event_name":"Vampires","player_choice":"Ignored","floor":22.0,"gold_loss":0.0,"damage_taken":0.0},{"damage_healed":0.0,"max_hp_gain":0.0,"max_hp_loss":0.0,"gold_gain":0.0,"event_name":"Tomb of Lord Red Mask","player_choice":"Ignored","floor":36.0,"gold_loss":0.0,"damage_taken":0.0},{"damage_healed":0.0,"max_hp_gain":0.0,"max_hp_loss":0.0,"gold_gain":0.0,"event_name":"Wheel of Change","player_choice":"Damaged","floor":38.0,"gold_loss":0.0,"damage_taken":11.0},{"damage_healed":0.0,"max_hp_gain":0.0,"max_hp_loss":4.0,"gold_gain":0.0,"event_name":"Winding Halls","player_choice":"Max HP","floor":42.0,"gold_loss":0.0,"damage_taken":0.0},{"cards_removed":["Defend_B"],"damage_healed":0.0,"max_hp_gain":0.0,"max_hp_loss":0.0,"gold_gain":0.0,"event_name":"Falling","player_choice":"Removed Skill","floor":46.0,"gold_loss":0.0,"damage_taken":0.0}],"is_beta":true,"boss_relics":[{"not_picked":["Pandora\u0027s Box","Coffee Dripper"],"picked":"Orrery"},{"not_picked":["Velvet Choker","Calling Bell"],"picked":"Busted Crown"}],"items_purged_floors":[3,21],"is_endless":false,"potions_floor_spawned":[1,10,11,14,29,31,33,35,41,47,55],"killed_by":"The Heart","ascension_level":20}