{"gold_per_floor":[109,124,49,65,85,85,117,117,117,133,133,65,65,75,75,175,175,191,69,69,168,178,41,66,85,85,98,98,111,123,54,54,155,155,166,166,166,176,176,211,222,248,248,248,268,286,286,302,302,302,302,302,6,40,40],"floor_reached":55,"playtime":4857,"items_purged":["Strike_G","Strike_G","Defend_G"],"score":917,"play_id":"ef1e04d4-b258-4481-ad75-521fe9c3d32b","local_time":"20190129023658","is_ascension_mode":true,"campfire_choices":[{"floor":6,"key":"REST"},{"floor":8,"key":"REST"},{"data":"Footwork","floor":15,"key":"SMITH"},{"floor":28,"key":"REST"},{"floor":32,"key":"REST"},{"floor":44,"key":"REST"},{"floor":49,"key":"RECALL"},{"floor":52,"key":"REST"}],"neow_cost":"PERCENT_DAMAGE","seed_source_timestamp":215873093719520,"circlet_count":0,"master_deck":["Defend_G","Defend_G","Defend_G","Defend_G","Survivor","Neutralize","Tools of the Trade","Corpse Explosion","Footwork+1","Cloak And Dagger","Dodge and Roll","After Image","Bouncing Flask","Cloak And Dagger","Malaise","Caltrops+1","Deadly Poison","Footwork","Backflip","Noxious Fumes","Escape Plan+1","Footwork","Blur","Burst","Cloak And Dagger+1","Blur+1","Outmaneuver+1","After Image+1","Deadly Poison+1"],"relics":["Ring of the Snake","Anchor","Bottled Lightning","Mango","Black Star","Gremlin Horn","Omamori","Fusion Hammer","Bag of Preparation","Toxic Egg 2","Blood Vial","Frozen Egg 2","Ninja Scroll","Oddly Smooth Stone","Ornamental Fan"],"potions_floor_usage":[16,16,24,27,30,33,41,42,42,48,54,55],"damage_taken":[{"damage":0,"enemies":"2 Louse","floor":1,"turns":1},{"damage":2,"enemies":"Jaw Worm","floor":2,"turns":6},{"damage":3,"enemies":"Small Slimes","floor":4,"turns":5},{"damage":8,"enemies":"Blue Slaver","floor":5,"turns":8},{"damage":35,"enemies":"Lagavulin","floor":7,"turns":10},{"damage":20,"enemies":"Large Slime","floor":10,"turns":11},{"damage":6,"enemies":"Looter","floor":14,"turns":4},{"damage":0,"enemies":"Hexaghost","floor":16,"turns":10},{"damage":13,"enemies":"Spheric Guardian","floor":18,"turns":6},{"damage":2,"enemies":"Shell Parasite","floor":22,"turns":7},{"damage":34,"enemies":"Gremlin Leader","floor":24,"turns":11},{"damage":0,"enemies":"Centurion and Healer","floor":25,"turns":8},{"damage":2,"enemies":"3 Cultists","floor":27,"turns":4},{"damage":20,"enemies":"Snake Plant","floor":29,"turns":5},{"damage":0,"enemies":"Cultist and Chosen","floor":30,"turns":6},{"damage":7,"enemies":"Automaton","floor":33,"turns":13},{"damage":5,"enemies":"Orb Walker","floor":35,"turns":5},{"damage":2,"enemies":"3 Shapes","floor":38,"turns":5},{"damage":42,"enemies":"Nemesis","floor":40,"turns":11},{"damage":10,"enemies":"Jaw Worm Horde","floor":41,"turns":5},{"damage":16,"enemies":"Giant Head","floor":42,"turns":14},{"damage":3,"enemies":"Maw","floor":45,"turns":11},{"damage":0,"enemies":"3 Darklings","floor":46,"turns":8},{"damage":0,"enemies":"Spire Growth","floor":48,"turns":10},{"damage":7,"enemies":"Donu and Deca","floor":50,"turns":13},{"damage":43,"enemies":"Shield and Spear","floor":54,"turns":11},{"damage":83,"enemies":"The Heart","floor":55,"turns":3}],"seed_played":"6845844700276955126","potions_obtained":[{"floor":4,"key":"Energy Potion"},{"floor":7,"key":"Regen Potion"},{"floor":10,"key":"Dexterity Potion"},{"floor":16,"key":"Ancient Potion"},{"floor":22,"key":"PowerPotion"},{"floor":24,"key":"Explosive Potion"},{"floor":29,"key":"GhostInAJar"},{"floor":30,"key":"PowerPotion"},{"floor":35,"key":"SpeedPotion"},{"floor":38,"key":"LiquidBronze"},{"floor":46,"key":"Regen Potion"},{"floor":48,"key":"Weak Potion"}],"is_trial":false,"path_per_floor":["?","$","?","M","?","?","?","?","?","M","?"],"character_chosen":"THE_SILENT","items_purchased":["Bouncing Flask","Deadly Poison","Footwork","Noxious Fumes","Blur","Ancient Potion","AttackPotion","PowerPotion"],"campfire_rested":6,"item_purchase_floors":[12,19,19,23,31,53,53,53],"current_hp_per_floor":[49,47,47,44,36,57,22,43,43,23,23,23,37,31,31,46,84,71,71,55,55,53,53,19,19,19,17,43,23,23,23,49,42,89,84,84,84,82,82,40,30,14,14,39,38,40,40,57,57,52,85,85,85,42,0],"gold":40,"neow_bonus":"TRANSFORM_TWO_CARDS","is_prod":false,"is_daily":false,"chose_seed":false,"campfire_upgraded":1,"win_rate":0,"timestamp":1548758218,"path_taken":["M","M","$","M","M","R","E","R","T","M","?","?","?","?","R","BOSS","M","$","?","?","M","$","E","M","T","M","R","M","M","$","R","BOSS","M","?","?","M","?","E","M","E","T","R","M","?","?","M","R","BOSS","R","$","E","BOSS"],"build_version":"2019-01-23","purchased_purges":3,"victory":false,"max_hp_per_floor":[70,70,70,70,70,70,70,70,70,70,70,70,84,84,84,84,84,84,84,89,89,89,89,89,89,89,89,89,89,89,89,89,89,89,89,89,85,85,85,85,85,85,85,85,85,85,85,85,85,85,85,85,85,85,85],"card_choices":[{"not_picked":["Slice","Cloak And Dagger"],"picked":"Footwork","floor":1},{"not_picked":["Calculated Gamble","Expertise"],"picked":"Cloak And Dagger","floor":2},{"not_picked":["Flying Knee","Slice"],"picked":"Dodge and Roll","floor":4},{"not_picked":["Accuracy","Choke","Acrobatics"],"picked":"SKIP","floor":5},{"not_picked":["Flying Knee","Endless Agony","Acrobatics"],"picked":"SKIP","floor":7},{"not_picked":["Dagger Spray","Infinite Blades"],"picked":"After Image","floor":10},{"not_picked":["PiercingWail","Quick Slash"],"picked":"Cloak And Dagger","floor":14},{"not_picked":["Envenom","A Thousand Cuts"],"picked":"Malaise","floor":16},{"not_picked":["Flying Knee+1","Masterful Stab"],"picked":"Caltrops+1","floor":18},{"not_picked":["PiercingWail","Backstab"],"picked":"Backflip","floor":22},{"not_picked":["Quick Slash","Tactician","Infinite Blades"],"picked":"SKIP","floor":24},{"not_picked":["Underhanded Strike","Riddle With Holes+1","Terror+1"],"picked":"SKIP","floor":25},{"not_picked":["Flechettes","PiercingWail+1"],"picked":"Escape Plan+1","floor":27},{"not_picked":["Backflip","Caltrops","Cloak And Dagger"],"picked":"SKIP","floor":29},{"not_picked":["Backstab","Outmaneuver+1"],"picked":"Footwork","floor":30},{"not_picked":["A Thousand Cuts","Die Die Die"],"picked":"Burst","floor":33},{"not_picked":["Flying Knee","Slice+1","Tactician+1"],"picked":"SKIP","floor":35},{"not_picked":["Backstab","Tactician"],"picked":"Cloak And Dagger+1","floor":38},{"not_picked":["Backflip+1","Flying Knee+1"],"picked":"Blur","floor":40},{"not_picked":["Deflect+1","Backflip+1"],"picked":"Outmaneuver+1","floor":41},{"not_picked":["Bane+1","Slice+1"],"picked":"Deadly Poison+1","floor":42},{"not_picked":["Cloak And Dagger+1","Deadly Poison+1"],"picked":"After Image+1","floor":45},{"not_picked":["Bouncing Flask+1","Dagger Throw","Acrobatics+1"],"picked":"SKIP","floor":46},{"not_picked":["Deflect+1","Flying Knee","Bouncing Flask+1"],"picked":"SKIP","floor":48},{"not_picked":["Heel Hook+1","Quick Slash+1"],"picked":"Deadly Poison+1","floor":54}],"player_experience":28280,"relics_obtained":[{"floor":7,"key":"Anchor"},{"floor":9,"key":"Bottled Lightning"},{"floor":24,"key":"Gremlin Horn"},{"floor":24,"key":"Omamori"},{"floor":40,"key":"Bag of Preparation"},{"floor":40,"key":"Toxic Egg 2"},{"floor":42,"key":"Blood Vial"},{"floor":42,"key":"Frozen Egg 2"},{"floor":43,"key":"Ninja Scroll"},{"floor":54,"key":"Oddly Smooth Stone"},{"floor":54,"key":"Ornamental Fan"}],"event_choices":[{"damage_healed":0,"gold_gain":0,"player_choice":"Ignored","damage_taken":0,"max_hp_gain":0,"max_hp_loss":0,"event_name":"Liars Game","floor":11,"gold_loss":0},{"damage_healed":0,"gold_gain":0,"player_choice":"Searched \u00271\u0027 times","damage_taken":0,"relics_obtained":["Mango"],"max_hp_gain":0,"max_hp_loss":0,"event_name":"Dead Adventurer","floor":13,"gold_loss":0},{"damage_healed":0,"gold_gain":0,"player_choice":"Shed Blood","damage_taken":21,"max_hp_gain":5,"max_hp_loss":0,"event_name":"Forgotten Altar","floor":20,"gold_loss":0},{"damage_healed":0,"gold_gain":99,"player_choice":"Stole From Cult","damage_taken":0,"max_hp_gain":0,"max_hp_loss":0,"event_name":"Nest","floor":21,"gold_loss":0},{"damage_healed":0,"gold_gain":0,"player_choice":"Ignored","damage_taken":0,"max_hp_gain":0,"max_hp_loss":0,"event_name":"Tomb of Lord Red Mask","floor":36,"gold_loss":0},{"damage_healed":0,"gold_gain":0,"player_choice":"Max HP","damage_taken":0,"max_hp_gain":0,"max_hp_loss":4,"event_name":"Winding Halls","floor":37,"gold_loss":0},{"cards_removed":["Strike_G"],"damage_healed":0,"gold_gain":0,"player_choice":"Purged","damage_taken":0,"max_hp_gain":0,"max_hp_loss":0,"event_name":"Purifier","floor":39,"gold_loss":0},{"cards_removed":["Deadly Poison"],"damage_healed":0,"gold_gain":0,"player_choice":"Removed Skill","damage_taken":0,"max_hp_gain":0,"max_hp_loss":0,"event_name":"Falling","floor":47,"gold_loss":0}],"is_beta":false,"boss_relics":[{"not_picked":["WristBlade","Tiny House"],"picked":"Black Star"},{"not_picked":["Empty Cage","Eternal Feather"],"picked":"Fusion Hammer"}],"items_purged_floors":[3,23,53],"is_endless":false,"potions_floor_spawned":[4,7,10,16,22,24,29,30,35,38,40,46,48],"killed_by":"The Heart","ascension_level":3}