{"gold_per_floor":[116,130,130,55,69,69,102,102,102,102,102,115,115,139,139,258,258,244,264,109,109],"floor_reached":21,"playtime":576,"items_purged":["Injury"],"score":391,"play_id":"1951c1ff-10f6-4cda-a952-f0e3fc151e0e","local_time":"20190212175835","is_ascension_mode":true,"campfire_choices":[{"data":"Zap","floor":6,"key":"SMITH"},{"data":"Defragment","floor":8,"key":"SMITH"},{"data":"Sweeping Beam","floor":11,"key":"SMITH"},{"data":"Dualcast","floor":13,"key":"SMITH"},{"floor":15,"key":"REST"}],"neow_cost":"TEN_PERCENT_HP_LOSS","seed_source_timestamp":2467691795600,"circlet_count":0,"master_deck":["Strike_B","Strike_B","Strike_B","Defend_B","Defend_B","Defend_B","Defend_B","Zap+1","Dualcast+1","Beam Cell","Hologram","Sweeping Beam+1","Defragment+1","Buffer","Conserve Battery","Rip and Tear","Coolheaded","Gash","Rip and Tear"],"special_seed":0,"relics":["Cracked Core","Nunchaku","Golden Idol","Sundial","Gremlin Horn","Sozu"],"potions_floor_usage":[7,18],"damage_taken":[{"damage":4,"enemies":"Small Slimes","floor":1,"turns":3},{"damage":3,"enemies":"2 Louse","floor":2,"turns":3},{"damage":0,"enemies":"Cultist","floor":5,"turns":3},{"damage":16,"enemies":"Gremlin Nob","floor":7,"turns":3},{"damage":0,"enemies":"Gremlin Gang","floor":12,"turns":2},{"damage":13,"enemies":"Blue Slaver","floor":14,"turns":2},{"damage":22,"enemies":"The Guardian","floor":16,"turns":9},{"damage":32,"enemies":"2 Thieves","floor":18,"turns":4},{"damage":22,"enemies":"Shell Parasite","floor":19,"turns":7},{"damage":5,"enemies":"Cultist and Chosen","floor":21,"turns":4}],"seed_played":"1132729086046749037","potions_obtained":[{"floor":2,"key":"PowerPotion"},{"floor":7,"key":"Energy Potion"},{"floor":14,"key":"SkillPotion"}],"is_trial":false,"path_per_floor":["M","M","?","$","M","R","E","R","T","?","R","M","R","M","R","B",null,"M","M","$","M"],"character_chosen":"DEFECT","items_purchased":["Coolheaded","Gash","Rip and Tear"],"campfire_rested":1,"item_purchase_floors":[20,20,20],"current_hp_per_floor":[64,61,61,61,61,61,45,45,45,45,45,45,45,32,52,30,59,27,5,5,0],"gold":109,"neow_bonus":"ONE_RARE_RELIC","is_prod":false,"is_daily":false,"chose_seed":false,"campfire_upgraded":4,"win_rate":0,"timestamp":1550012315,"path_taken":["M","M","?","$","M","R","E","R","T","?","R","?","R","M","R","BOSS","M","?","$","?"],"build_version":"2019-01-23","purchased_purges":1,"victory":false,"max_hp_per_floor":[68,68,68,68,68,68,68,68,68,68,68,68,68,68,68,68,68,68,68,68,68],"card_choices":[{"not_picked":["Leap","Undo"],"picked":"Beam Cell","floor":1},{"not_picked":["Glacier","Cold Snap"],"picked":"Hologram","floor":2},{"not_picked":["Stack","Cold Snap"],"picked":"Sweeping Beam","floor":5},{"not_picked":["Hologram","Redo"],"picked":"Defragment","floor":7},{"not_picked":["Barrage","Chill","Biased Cognition"],"picked":"SKIP","floor":12},{"not_picked":["Turbo","Stack","Compile Driver"],"picked":"SKIP","floor":14},{"not_picked":["Rainbow","Meteor Strike"],"picked":"Buffer","floor":16},{"not_picked":["Beam Cell","Redo+1"],"picked":"Conserve Battery","floor":18},{"not_picked":["Aggregate","Turbo"],"picked":"Rip and Tear","floor":19}],"player_experience":446807,"relics_obtained":[{"floor":7,"key":"Sundial"},{"floor":9,"key":"Gremlin Horn"}],"event_choices":[{"damage_healed":0,"gold_gain":0,"player_choice":"Take Wound","damage_taken":0,"relics_obtained":["Golden Idol"],"max_hp_gain":0,"max_hp_loss":0,"event_name":"Golden Idol","floor":3,"gold_loss":0,"cards_obtained":["Injury"]},{"cards_removed":["Strike_B"],"damage_healed":0,"gold_gain":0,"player_choice":"Offered Basic","damage_taken":0,"max_hp_gain":0,"max_hp_loss":0,"event_name":"Bonfire Elementals","floor":10,"gold_loss":0}],"is_beta":false,"boss_relics":[{"not_picked":["Snecko Eye","Runic Dome"],"picked":"Sozu"}],"items_purged_floors":[4],"is_endless":false,"potions_floor_spawned":[2,7,14],"killed_by":"Cultist and Chosen","ascension_level":8}