{"gold_per_floor":[117,135,135,154,168,168,195,210,210,210,243,243,243,259,259,259],"floor_reached":16,"playtime":811,"items_purged":[],"score":134,"play_id":"140bb862-937a-475e-88c9-3f809ec95d86","local_time":"20190205192319","is_ascension_mode":true,"campfire_choices":[{"data":"Sucker Punch","floor":6,"key":"SMITH"},{"floor":10,"key":"REST"},{"floor":13,"key":"REST"},{"floor":15,"key":"REST"}],"neow_cost":"TEN_PERCENT_HP_LOSS","seed_source_timestamp":5426118480000,"circlet_count":0,"master_deck":["Defend_G","Defend_G","Defend_G","Defend_G","Defend_G","Strike_G","Strike_G","Strike_G","Strike_G","Survivor","Neutralize","Venomology+1","Sucker Punch+1","Bouncing Flask","Deadly Poison","Deflect","Poisoned Stab","Footwork","Corpse Explosion","Calculated Gamble","Backstab+1","Crippling Poison"],"relics":["Ring of the Snake","Bottled Flame","Molten Egg 2","Prayer Wheel"],"potions_floor_usage":[4,5,5,7,7,11,14,16,16],"damage_taken":[{"damage":0,"enemies":"Jaw Worm","floor":1,"turns":8},{"damage":2,"enemies":"Cultist","floor":2,"turns":4},{"damage":0,"enemies":"2 Louse","floor":4,"turns":2},{"damage":13,"enemies":"Exordium Thugs","floor":5,"turns":6},{"damage":13,"enemies":"Lagavulin","floor":7,"turns":5},{"damage":12,"enemies":"Large Slime","floor":8,"turns":7},{"damage":27,"enemies":"3 Sentries","floor":11,"turns":11},{"damage":16,"enemies":"Lots of Slimes","floor":14,"turns":4},{"damage":51,"enemies":"Slime Boss","floor":16,"turns":11}],"seed_played":"7511556770813739856","potions_obtained":[{"floor":1,"key":"AttackPotion"},{"floor":4,"key":"AttackPotion"}],"is_trial":false,"path_per_floor":["M","M","?","M","M","R","E","M","T","R","E","?","R","M","R","B"],"character_chosen":"THE_SILENT","items_purchased":[],"campfire_rested":3,"item_purchase_floors":[],"current_hp_per_floor":[63,61,61,61,48,48,35,23,23,41,14,14,32,16,34,0],"gold":259,"neow_bonus":"THREE_RARE_CARDS","is_prod":false,"is_daily":false,"chose_seed":false,"campfire_upgraded":1,"win_rate":0,"timestamp":1549412599,"path_taken":["M","M","?","M","?","R","E","M","T","R","E","?","R","M","R","BOSS"],"build_version":"2019-01-23","purchased_purges":0,"victory":false,"max_hp_per_floor":[63,63,63,63,63,63,63,63,63,63,63,63,63,63,63,63],"card_choices":[{"not_picked":["Night Terror","Unload"],"picked":"Venomology","floor":0},{"not_picked":["Slice","Dodge and Roll"],"picked":"Sucker Punch","floor":1},{"not_picked":["Crippling Poison","Blade Dance"],"picked":"Bouncing Flask","floor":2},{"not_picked":["Dash","Bane"],"picked":"Deadly Poison","floor":4},{"not_picked":["Cloak And Dagger","Dagger Throw"],"picked":"Deflect","floor":5},{"not_picked":["Finisher","Sucker Punch"],"picked":"Poisoned Stab","floor":7},{"not_picked":["Backstab","Dash"],"picked":"Footwork","floor":8},{"not_picked":["Prepared","Underhanded Strike+1"],"picked":"Corpse Explosion","floor":11},{"not_picked":["Bane+1","Tactician"],"picked":"Backstab+1","floor":14},{"not_picked":["Distraction","Well Laid Plans"],"picked":"Crippling Poison","floor":14}],"player_experience":372249,"relics_obtained":[{"floor":7,"key":"Bottled Flame"},{"floor":9,"key":"Molten Egg 2"},{"floor":11,"key":"Prayer Wheel"}],"event_choices":[{"damage_healed":0,"gold_gain":0,"player_choice":"Upgraded","damage_taken":0,"max_hp_gain":0,"max_hp_loss":0,"event_name":"Upgrade Shrine","floor":3,"gold_loss":0,"cards_upgraded":["Venomology"]},{"damage_healed":0,"gold_gain":0,"cards_transformed":["Strike_G"],"player_choice":"Transformed","damage_taken":0,"max_hp_gain":0,"max_hp_loss":0,"event_name":"Transmorgrifier","floor":12,"gold_loss":0,"cards_obtained":["Calculated Gamble"]}],"is_beta":false,"boss_relics":[],"items_purged_floors":[],"is_endless":false,"potions_floor_spawned":[1,2,4],"killed_by":"Slime Boss","ascension_level":4}