{"gold_per_floor":[219,219,229,229,243,243,34,34,59,59,91,103,103,58,58,129,129,148,167,257,35,54,54,54,68,68,0,12,12,47,63,63,140,140,160,180,130,149,149,149,165,175,225,251,251,278,289,289,289,289],"floor_reached":51,"playtime":2465,"items_purged":["Normality"],"score":1332,"play_id":"389ac6d3-ffbd-4d6a-8455-a47223cf7e0c","local_time":"20190421215717","is_ascension_mode":true,"campfire_choices":[{"data":"Defragment","floor":6.0,"key":"SMITH"},{"data":"Coolheaded","floor":8.0,"key":"SMITH"},{"data":"Dualcast","floor":10.0,"key":"SMITH"},{"data":"Coolheaded","floor":15.0,"key":"SMITH"},{"floor":23.0,"key":"REST"},{"floor":29.0,"key":"REST"},{"floor":32.0,"key":"REST"},{"floor":40.0,"key":"REST"},{"floor":45.0,"key":"REST"},{"floor":49,"key":"REST"}],"neow_cost":"NONE","seed_source_timestamp":556141596248000,"circlet_count":0,"master_deck":["AscendersBane","Strike_B","Strike_B","Strike_B","Defend_B","Defend_B","Defend_B","Zap+1","Dualcast+1","Defragment+1","Conserve Battery","Coolheaded+1","Defragment+1","Coolheaded+1","Ball Lightning","Echo Form","Self Repair","Capacitor","Glacier","Defragment","Electrodynamics","Biased Cognition","Biased Cognition","Writhe"],"special_seed":0,"relics":["Cracked Core","DollysMirror","Omamori","Smiling Mask","Sozu","PreservedInsect","FossilizedHelix","Bag of Marbles","Calling Bell","Pen Nib","The Courier","Turnip","Darkstone Periapt","Strawberry"],"potions_floor_usage":[],"damage_taken":[{"damage":7.0,"enemies":"Small Slimes","floor":1.0,"turns":3.0},{"damage":2.0,"enemies":"Jaw Worm","floor":3.0,"turns":3.0},{"damage":0.0,"enemies":"Cultist","floor":5.0,"turns":4.0},{"damage":25.0,"enemies":"Gremlin Nob","floor":11.0,"turns":4.0},{"damage":2.0,"enemies":"3 Louse","floor":12.0,"turns":4.0},{"damage":0.0,"enemies":"Hexaghost","floor":16.0,"turns":11.0},{"damage":2.0,"enemies":"Chosen","floor":18.0,"turns":5.0},{"damage":14.0,"enemies":"Shell Parasite","floor":19.0,"turns":5.0},{"damage":24.0,"enemies":"Chosen and Byrds","floor":22.0,"turns":7.0},{"damage":10.0,"enemies":"Centurion and Healer","floor":25.0,"turns":7.0},{"damage":36.0,"enemies":"Cultist and Chosen","floor":28.0,"turns":8.0},{"damage":10.0,"enemies":"Book of Stabbing","floor":30.0,"turns":7.0},{"damage":24.0,"enemies":"Chosen and Byrds","floor":31.0,"turns":8.0},{"damage":0.0,"enemies":"Champ","floor":33.0,"turns":11.0},{"damage":1.0,"enemies":"Orb Walker","floor":35.0,"turns":6.0},{"damage":28.0,"enemies":"3 Darklings","floor":36.0,"turns":6.0},{"damage":37.0,"enemies":"Jaw Worm Horde","floor":38.0,"turns":4.0},{"damage":0.0,"enemies":"Maw","floor":41.0,"turns":10.0},{"damage":3.0,"enemies":"3 Darklings","floor":42.0,"turns":4.0},{"damage":51.0,"enemies":"Nemesis","floor":44.0,"turns":7.0},{"damage":20.0,"enemies":"Giant Head","floor":46.0,"turns":11.0},{"damage":16.0,"enemies":"Jaw Worm Horde","floor":47.0,"turns":5.0},{"damage":48,"enemies":"Donu and Deca","floor":50,"turns":10}],"seed_played":"7585466324302197779","potions_obtained":[{"floor":1.0,"key":"SkillPotion"},{"floor":5.0,"key":"Swift Potion"}],"is_trial":false,"path_per_floor":["M","?","M","?","M","R","$","R","T","R","E","M","$","?","R","B",null,"M","M","?","$","M","R","?","M","T","?","M","R","E","M","R","B",null,"M","M","$","M","?","R","M","M","T","E","R","E","M","?","R","B",null],"character_chosen":"DEFECT","items_purchased":["DollysMirror","Capacitor","PreservedInsect"],"campfire_rested":6,"item_purchase_floors":[7,21,21],"current_hp_per_floor":[61,61,59,59,59,59,59,59,59,59,34,32,32,32,32,32,64,62,48,34,34,24,46,46,50,50,50,28,50,54,30,52,59,71,70,42,42,5,5,27,41,52,52,1,23,17,1,28,54,20],"gold":289,"neow_bonus":"HUNDRED_GOLD","is_prod":false,"is_daily":false,"chose_seed":false,"campfire_upgraded":4,"win_rate":0,"timestamp":1555898237,"path_taken":["M","?","M","?","M","R","?","R","T","R","E","?","$","?","R","BOSS","M","M","?","$","?","R","?","?","T","?","M","R","E","M","R","BOSS","M","M","$","M","?","R","M","M","T","E","R","E","M","?","R","BOSS"],"build_version":"2019-01-23","purchased_purges":1,"victory":true,"max_hp_per_floor":[75,75,75,75,75,75,75,75,75,75,75,75,75,75,75,75,75,75,75,75,75,75,75,75,75,75,75,75,75,75,75,75,75,75,75,75,75,75,75,75,75,75,75,75,75,82,82,88,88,88],"card_choices":[{"not_picked":["Coolheaded","Lockon"],"picked":"Defragment","floor":1.0},{"not_picked":["Steam Power","Stack"],"picked":"Conserve Battery","floor":3.0},{"not_picked":["Recycle","Hologram"],"picked":"Coolheaded","floor":5.0},{"not_picked":["Rebound","Auto Shields"],"picked":"Coolheaded","floor":11.0},{"not_picked":["Redo","Chill"],"picked":"Ball Lightning","floor":12.0},{"not_picked":["Rainbow","Core Surge"],"picked":"Echo Form","floor":16.0},{"not_picked":["Sunder","Double Energy","Stack"],"picked":"SKIP","floor":18.0},{"not_picked":["Chaos+1","Cold Snap"],"picked":"Self Repair","floor":19.0},{"not_picked":["Stack","Coolheaded","Barrage"],"picked":"SKIP","floor":22.0},{"not_picked":["Cold Snap+1","Streamline+1","Thunder Strike"],"picked":"SKIP","floor":25.0},{"not_picked":["Turbo","Gash"],"picked":"Glacier","floor":28.0},{"not_picked":["Compile Driver","Auto Shields","Storm"],"picked":"SKIP","floor":30.0},{"not_picked":["Double Energy+1","Capacitor+1"],"picked":"Defragment","floor":31.0},{"not_picked":["Seek","Reboot"],"picked":"Electrodynamics","floor":33.0},{"not_picked":["Stack+1","Steam Power","Chill"],"picked":"SKIP","floor":35.0},{"not_picked":["Reprogram","Storm","Gash"],"picked":"SKIP","floor":36.0},{"not_picked":["Streamline","Gash","Go for the Eyes"],"picked":"SKIP","floor":38.0},{"not_picked":["Ball Lightning","Redo","Melter"],"picked":"SKIP","floor":41.0},{"not_picked":["Streamline+1","Go for the Eyes+1"],"picked":"Biased Cognition","floor":42.0},{"not_picked":["Rebound","Coolheaded","Barrage+1"],"picked":"SKIP","floor":44.0},{"not_picked":["Leap","Steam"],"picked":"Biased Cognition","floor":46.0},{"not_picked":["Redo","Storm+1","Turbo"],"picked":"SKIP","floor":47.0}],"player_experience":610481,"relics_obtained":[{"floor":9.0,"key":"Omamori"},{"floor":11.0,"key":"Smiling Mask"},{"floor":26.0,"key":"FossilizedHelix"},{"floor":30.0,"key":"Bag of Marbles"},{"floor":34.0,"key":"Pen Nib"},{"floor":34.0,"key":"The Courier"},{"floor":34.0,"key":"Turnip"},{"floor":44.0,"key":"Darkstone Periapt"},{"floor":46.0,"key":"Strawberry"}],"event_choices":[{"damage_healed":0.0,"max_hp_gain":0.0,"max_hp_loss":0.0,"gold_gain":0.0,"event_name":"The Cleric","player_choice":"Leave","floor":2.0,"gold_loss":0.0,"damage_taken":0.0},{"damage_healed":0.0,"max_hp_gain":0.0,"max_hp_loss":0.0,"gold_gain":0.0,"event_name":"Living Wall","player_choice":"Grow","floor":4.0,"gold_loss":0.0,"damage_taken":0.0,"cards_upgraded":["Zap"]},{"damage_healed":0.0,"max_hp_gain":0.0,"max_hp_loss":0.0,"gold_gain":0.0,"event_name":"World of Goop","player_choice":"Left Gold","floor":14.0,"gold_loss":45.0,"damage_taken":0.0},{"damage_healed":0.0,"max_hp_gain":0.0,"max_hp_loss":0.0,"gold_gain":90.0,"event_name":"Knowing Skull","player_choice":"GOLD ","floor":20.0,"potions_obtained":[],"gold_loss":0.0,"damage_taken":14.0,"cards_obtained":[]},{"cards_removed":["Strike_B"],"damage_healed":0.0,"max_hp_gain":0.0,"max_hp_loss":0.0,"gold_gain":0.0,"event_name":"Bonfire Elementals","player_choice":"Offered Basic","floor":24.0,"gold_loss":0.0,"damage_taken":0.0},{"damage_healed":0.0,"max_hp_gain":0.0,"max_hp_loss":0.0,"gold_gain":0.0,"event_name":"Masked Bandits","player_choice":"Paid Fearfully","floor":27.0,"gold_loss":68.0,"damage_taken":0.0},{"cards_removed":["Defend_B"],"damage_healed":0.0,"max_hp_gain":0.0,"max_hp_loss":0.0,"gold_gain":0.0,"event_name":"Falling","player_choice":"Removed Skill","floor":39.0,"gold_loss":0.0,"damage_taken":0.0},{"damage_healed":21.0,"max_hp_gain":0.0,"max_hp_loss":0.0,"gold_gain":0.0,"event_name":"Winding Halls","player_choice":"Writhe","floor":48.0,"gold_loss":0.0,"damage_taken":0.0,"cards_obtained":["Writhe"]}],"is_beta":false,"boss_relics":[{"not_picked":["Runic Pyramid","Philosopher\u0027s Stone"],"picked":"Sozu"},{"not_picked":["Snecko Eye","Empty Cage"],"picked":"Calling Bell"}],"items_purged_floors":[37],"is_endless":false,"potions_floor_spawned":[1,5,16,19,28,30,35,38,42,46],"ascension_level":13}