{"gold_per_floor":[119,133,145,145,164,164,199,217,217,217,227,227,245,263,263,362,362,379,379,379,294,294,328,328,328,328,77,107,107,107,139,139,236,236,256,105,75,91,110,168,168,200,200,225,237,248,248,262,262,262,262,262,21,54,54],"floor_reached":55,"playtime":3118,"items_purged":[],"score":835,"play_id":"4d257995-c055-469e-b6c4-d27077cd3d1b","local_time":"20190227225847","is_ascension_mode":false,"campfire_choices":[{"data":"Zap","floor":10.0,"key":"SMITH"},{"data":"Lockon","floor":12.0,"key":"SMITH"},{"data":"Genetic Algorithm","floor":15.0,"key":"SMITH"},{"floor":24.0,"key":"REST"},{"floor":30.0,"key":"REST"},{"floor":32.0,"key":"REST"},{"floor":41.0,"key":"RECALL"},{"floor":47.0,"key":"REST"},{"floor":49.0,"key":"REST"},{"floor":52.0,"key":"REST"}],"neow_cost":"NONE","seed_source_timestamp":273181991337248,"circlet_count":0,"master_deck":["Strike_B+1","Strike_B+1","Strike_B+1","Strike_B+1","Defend_B+1","Defend_B+1","Defend_B+1","Defend_B+1","Zap+1","Dualcast","Genetic Algorithm+1","Cold Snap","Stack","Ball Lightning","Sweeping Beam","Barrage","Lockon+1","Capacitor","Genetic Algorithm+1","Buffer","Gash+1","J.A.X.","Gash+1","Barrage+1","White Noise+1","Core Surge+1","Machine Learning","Defragment","Fusion","Static Discharge","Go for the Eyes+1","Go for the Eyes+1","Aggregate","Gash+1","Streamline+1","Go for the Eyes+1","White Noise"],"special_seed":0,"relics":["Cracked Core","NeowsBlessing","Strawberry","Black Star","Letter Opener","Lantern","Molten Egg 2","Blue Candle","Sling","Bottled Lightning","Blood Vial","Thread and Needle","Ornamental Fan","Pen Nib","Fusion Hammer","PreservedInsect","Tiny Chest","Darkstone Periapt","DataDisk","Shuriken","Pocketwatch","Regal Pillow","Happy Flower","Bird Faced Urn","Mummified Hand"],"potions_floor_usage":[55,55,55],"damage_taken":[{"damage":0.0,"enemies":"Jaw Worm","floor":1.0,"turns":1.0},{"damage":0.0,"enemies":"Small Slimes","floor":2.0,"turns":2.0},{"damage":0.0,"enemies":"2 Louse","floor":3.0,"turns":1.0},{"damage":8.0,"enemies":"Large Slime","floor":5.0,"turns":6.0},{"damage":16.0,"enemies":"Lagavulin","floor":7.0,"turns":6.0},{"damage":15.0,"enemies":"Gremlin Gang","floor":8.0,"turns":4.0},{"damage":9.0,"enemies":"Exordium Thugs","floor":11.0,"turns":4.0},{"damage":12.0,"enemies":"3 Louse","floor":13.0,"turns":3.0},{"damage":0.0,"enemies":"Large Slime","floor":14.0,"turns":4.0},{"damage":5.0,"enemies":"Hexaghost","floor":16.0,"turns":9.0},{"damage":3.0,"enemies":"Chosen","floor":18.0,"turns":5.0},{"damage":55.0,"enemies":"Gremlin Leader","floor":23.0,"turns":9.0},{"damage":17.0,"enemies":"Slavers","floor":28.0,"turns":6.0},{"damage":37.0,"enemies":"Book of Stabbing","floor":31.0,"turns":5.0},{"damage":12.0,"enemies":"Champ","floor":33.0,"turns":11.0},{"damage":8.0,"enemies":"3 Darklings","floor":35.0,"turns":5.0},{"damage":0.0,"enemies":"3 Shapes","floor":38.0,"turns":5.0},{"damage":22.0,"enemies":"Maw","floor":39.0,"turns":7.0},{"damage":3.0,"enemies":"Nemesis","floor":40.0,"turns":5.0},{"damage":35.0,"enemies":"Reptomancer","floor":42.0,"turns":6.0},{"damage":17.0,"enemies":"4 Shapes","floor":45.0,"turns":5.0},{"damage":6.0,"enemies":"Writhing Mass","floor":46.0,"turns":6.0},{"damage":5.0,"enemies":"Spire Growth","floor":48.0,"turns":4.0},{"damage":39.0,"enemies":"Time Eater","floor":50.0,"turns":11.0},{"damage":36.0,"enemies":"Shield and Spear","floor":54.0,"turns":5.0},{"damage":66,"enemies":"The Heart","floor":55,"turns":8}],"seed_played":"9037897855298579713","potions_obtained":[{"floor":1.0,"key":"Ancient Potion"},{"floor":8.0,"key":"Dexterity Potion"},{"floor":11.0,"key":"LiquidBronze"},{"floor":16.0,"key":"GamblersBrew"},{"floor":35.0,"key":"PowerPotion"},{"floor":37.0,"key":"Fruit Juice"},{"floor":37.0,"key":"LiquidBronze"},{"floor":38.0,"key":"Poison Potion"},{"floor":39.0,"key":"Weak Potion"},{"floor":40.0,"key":"GamblersBrew"},{"floor":45.0,"key":"FocusPotion"}],"is_trial":false,"path_per_floor":["M","M","M","?","M","?","E","M","T","R","M","R","M","M","R","B",null,"M","?","?","?","?","E","R","?","T","$","E","T","R","E","R","B",null,"M","$","?","M","M","E","R","E","T","T","M","M","R","M","R","B",null,"R","$","E","B"],"character_chosen":"DEFECT","items_purchased":["Sling","Barrage+1","PreservedInsect","Happy Flower","Dexterity Potion","Go for the Eyes+1"],"campfire_rested":6,"item_purchase_floors":[27,27,36,53,53,53],"current_hp_per_floor":[75,75,75,75,67,67,58,43,43,43,34,34,22,22,22,17,82,79,79,79,79,79,24,48,48,48,48,31,31,55,20,44,34,82,74,74,74,81,61,60,60,27,27,27,12,8,49,46,87,48,87,87,87,51,0],"gold":54,"neow_bonus":"THREE_ENEMY_KILL","is_prod":false,"is_daily":false,"chose_seed":false,"campfire_upgraded":3,"win_rate":0,"timestamp":1551326327,"path_taken":["M","M","M","?","M","?","E","M","T","R","M","R","M","M","R","BOSS","M","?","?","?","?","E","R","?","T","$","E","?","R","E","R","BOSS","M","$","?","?","?","E","R","E","T","?","M","M","R","M","R","BOSS","R","$","E","BOSS"],"build_version":"2019-01-23","purchased_purges":0,"victory":false,"max_hp_per_floor":[75,75,75,75,75,75,82,82,82,82,82,82,82,82,82,82,82,82,82,82,82,82,82,82,82,82,82,82,82,82,82,82,82,82,82,82,82,87,87,87,87,87,87,87,87,87,87,87,87,87,87,87,87,87,87],"card_choices":[{"not_picked":["Capacitor","Hologram"],"picked":"Genetic Algorithm","floor":1.0},{"not_picked":["Rebound","Sweeping Beam"],"picked":"Cold Snap","floor":2.0},{"not_picked":["Conserve Battery","Blizzard"],"picked":"Stack","floor":3.0},{"not_picked":["Force Field","Rebound"],"picked":"Ball Lightning","floor":5.0},{"not_picked":["Biased Cognition","Leap"],"picked":"Sweeping Beam","floor":7.0},{"not_picked":["Stack","Rebound"],"picked":"Barrage","floor":8.0},{"not_picked":["Streamline","Self Repair"],"picked":"Lockon","floor":11.0},{"not_picked":["Blizzard","Steam"],"picked":"Capacitor","floor":13.0},{"not_picked":["Conserve Battery","Beam Cell"],"picked":"Genetic Algorithm","floor":14.0},{"not_picked":["Fission","Multi-Cast"],"picked":"Buffer","floor":16.0},{"not_picked":["Hologram","Doom and Gloom+1"],"picked":"Gash+1","floor":18.0},{"not_picked":["Turbo","Loop"],"picked":"Gash+1","floor":23.0},{"not_picked":["Tempest","Double Energy"],"picked":"White Noise+1","floor":28.0},{"not_picked":["Static Discharge","Leap"],"picked":"Core Surge+1","floor":31.0},{"not_picked":["Hyperbeam+1","Biased Cognition"],"picked":"Machine Learning","floor":33.0},{"not_picked":["Force Field+1","Stack+1"],"picked":"Defragment","floor":35.0},{"not_picked":["Ball Lightning+1","Reprogram+1"],"picked":"Fusion","floor":38.0},{"not_picked":["Sweeping Beam+1","Steam"],"picked":"Static Discharge","floor":39.0},{"not_picked":["Amplify","Stack+1"],"picked":"Go for the Eyes+1","floor":40.0},{"not_picked":["Skim+1","Cold Snap+1"],"picked":"Go for the Eyes+1","floor":42.0},{"not_picked":["Steam+1","Genetic Algorithm+1"],"picked":"Aggregate","floor":45.0},{"not_picked":["Ball Lightning+1","Cold Snap+1"],"picked":"Gash+1","floor":46.0},{"not_picked":["Steam Power+1","Scrape+1"],"picked":"Streamline+1","floor":48.0},{"not_picked":["Meteor Strike+1","Consume+1"],"picked":"White Noise","floor":54.0}],"player_experience":230631,"relics_obtained":[{"floor":7.0,"key":"Strawberry"},{"floor":23.0,"key":"Lantern"},{"floor":23.0,"key":"Molten Egg 2"},{"floor":26.0,"key":"Blue Candle"},{"floor":28.0,"key":"Bottled Lightning"},{"floor":28.0,"key":"Blood Vial"},{"floor":29.0,"key":"Thread and Needle"},{"floor":31.0,"key":"Ornamental Fan"},{"floor":31.0,"key":"Pen Nib"},{"floor":40.0,"key":"Tiny Chest"},{"floor":40.0,"key":"Darkstone Periapt"},{"floor":42.0,"key":"DataDisk"},{"floor":42.0,"key":"Shuriken"},{"floor":43.0,"key":"Pocketwatch"},{"floor":44.0,"key":"Regal Pillow"},{"floor":54.0,"key":"Bird Faced Urn"},{"floor":54.0,"key":"Mummified Hand"}],"event_choices":[{"damage_healed":0.0,"max_hp_gain":0.0,"max_hp_loss":0.0,"gold_gain":0.0,"event_name":"Living Wall","player_choice":"Grow","floor":4.0,"gold_loss":0.0,"damage_taken":0.0,"cards_upgraded":["Genetic Algorithm"]},{"damage_healed":0.0,"max_hp_gain":0.0,"max_hp_loss":0.0,"gold_gain":0.0,"event_name":"Golden Wing","player_choice":"Ignored","floor":6.0,"gold_loss":0.0,"damage_taken":0.0},{"damage_healed":0.0,"max_hp_gain":0.0,"max_hp_loss":0.0,"gold_gain":0.0,"event_name":"Drug Dealer","player_choice":"Obtain J.A.X.","floor":19.0,"gold_loss":0.0,"damage_taken":0.0,"cards_obtained":["J.A.X."]},{"damage_healed":0.0,"max_hp_gain":0.0,"max_hp_loss":0.0,"gold_gain":0.0,"event_name":"Back to Basics","player_choice":"Simplicity","floor":20.0,"gold_loss":0.0,"damage_taken":0.0,"cards_upgraded":["Strike_B","Strike_B","Strike_B","Strike_B","Defend_B","Defend_B","Defend_B","Defend_B"]},{"damage_healed":0.0,"max_hp_gain":0.0,"max_hp_loss":0.0,"gold_gain":0.0,"event_name":"Addict","player_choice":"Obtained Relic","floor":21.0,"gold_loss":85.0,"damage_taken":0.0,"relics_obtained":["Letter Opener"]},{"damage_healed":0.0,"max_hp_gain":0.0,"max_hp_loss":0.0,"gold_gain":0.0,"event_name":"Vampires","player_choice":"Ignored","floor":22.0,"gold_loss":0.0,"damage_taken":0.0},{"damage_healed":0.0,"max_hp_gain":0.0,"max_hp_loss":0.0,"gold_gain":0.0,"event_name":"Cursed Tome","player_choice":"Ignored","floor":25.0,"gold_loss":0.0,"damage_taken":0.0},{"damage_healed":0.0,"max_hp_gain":0.0,"max_hp_loss":0.0,"gold_gain":0.0,"event_name":"The Woman in Blue","player_choice":"Bought 2 Potions","floor":37.0,"gold_loss":0.0,"damage_taken":0.0}],"is_beta":false,"boss_relics":[{"not_picked":["Runic Pyramid","Snecko Eye"],"picked":"Black Star"},{"not_picked":["Busted Crown","Coffee Dripper"],"picked":"Fusion Hammer"}],"items_purged_floors":[],"is_endless":false,"potions_floor_spawned":[1,8,11,13,16,18,35,38,39,40,45],"killed_by":"The Heart","ascension_level":0}