{"gold_per_floor":[13,13,13,24,38,38,67,78,78,108,108,108,124,184,184,259,259,271,288,20,38,38,38,71,71,71,105,120,152,34,59,59,137,137,156,174,16,69,19,48,48,65,139,171,0,0,0,30,30,30,30,30,30,63,63],"floor_reached":56,"playtime":4086,"items_purged":["Decay","Strike_R"],"score":2204,"play_id":"fc8cbde2-7c31-47ab-b211-2ce2f0f8c7bf","local_time":"20190418150728","is_ascension_mode":true,"campfire_choices":[{"data":"Corruption","floor":6,"key":"SMITH"},{"data":"Flame Barrier","floor":11,"key":"SMITH"},{"data":"Evolve","floor":15,"key":"SMITH"},{"data":"Flame Barrier","floor":23,"key":"SMITH"},{"data":"Fiend Fire","floor":25,"key":"SMITH"},{"data":"True Grit","floor":32,"key":"SMITH"},{"floor":41,"key":"RECALL"},{"data":"Battle Trance","floor":46,"key":"SMITH"},{"data":"Fiend Fire","floor":49,"key":"SMITH"},{"data":"Disarm","floor":52,"key":"SMITH"}],"neow_cost":"NO_GOLD","seed_source_timestamp":117551514696802,"circlet_count":0,"master_deck":["AscendersBane","Strike_R","Strike_R","Strike_R","Defend_R","Defend_R","Defend_R","Defend_R","Bash","Wild Strike+1","Reckless Charge","Corruption+1","Battle Trance+1","Flame Barrier+1","Evolve+1","Headbutt","Reaper","Fiend Fire+1","True Grit+1","Perfected Strike","Flame Barrier+1","Feel No Pain+1","Shrug It Off","Fiend Fire+1","Power Through+1","Disarm+1"],"relics":["Burning Blood","Dead Branch","Bottled Lightning","The Courier","Ornamental Fan","Tiny Chest","Snecko Eye","Paper Frog","StoneCalendar","Happy Flower","Sundial","Smiling Mask","Lantern","Potion Belt","White Beast Statue","OrangePellets","Champion Belt","Bronze Scales","Molten Egg 2","Red Mask","Bag of Preparation","Boot"],"potions_floor_usage":[38,50,55],"damage_taken":[{"damage":2,"enemies":"Jaw Worm","floor":1,"turns":4},{"damage":0,"enemies":"Cultist","floor":4,"turns":2},{"damage":0,"enemies":"2 Louse","floor":5,"turns":2},{"damage":20,"enemies":"Lagavulin","floor":7,"turns":5},{"damage":0,"enemies":"Exordium Thugs","floor":8,"turns":4},{"damage":16,"enemies":"Gremlin Nob","floor":10,"turns":3},{"damage":2,"enemies":"3 Louse","floor":13,"turns":4},{"damage":6,"enemies":"Lagavulin","floor":14,"turns":6},{"damage":14,"enemies":"Hexaghost","floor":16,"turns":8},{"damage":0,"enemies":"Chosen","floor":18,"turns":3},{"damage":11,"enemies":"Shell Parasite","floor":19,"turns":2},{"damage":6,"enemies":"Snake Plant","floor":21,"turns":4},{"damage":21,"enemies":"Slavers","floor":24,"turns":2},{"damage":51,"enemies":"Gremlin Leader","floor":27,"turns":7},{"damage":0,"enemies":"Shelled Parasite and Fungi","floor":28,"turns":3},{"damage":3,"enemies":"Book of Stabbing","floor":29,"turns":2},{"damage":0,"enemies":"Collector","floor":33,"turns":4},{"damage":6,"enemies":"3 Darklings","floor":35,"turns":2},{"damage":0,"enemies":"Orb Walker","floor":36,"turns":2},{"damage":0,"enemies":"2 Orb Walkers","floor":38,"turns":1},{"damage":3,"enemies":"Reptomancer","floor":40,"turns":1},{"damage":3,"enemies":"Spire Growth","floor":42,"turns":2},{"damage":6,"enemies":"Giant Head","floor":44,"turns":3},{"damage":3,"enemies":"Reptomancer","floor":48,"turns":3},{"damage":3,"enemies":"Time Eater","floor":50,"turns":8},{"damage":0,"enemies":"Shield and Spear","floor":54,"turns":7},{"damage":2,"enemies":"The Heart","floor":55,"turns":5}],"seed_played":"6985616935806582985","potions_obtained":[{"floor":7,"key":"BloodPotion"},{"floor":10,"key":"BloodPotion"},{"floor":13,"key":"PowerPotion"},{"floor":16,"key":"Strength Potion"},{"floor":33,"key":"SneckoOil"},{"floor":35,"key":"SkillPotion"},{"floor":38,"key":"EssenceOfSteel"},{"floor":48,"key":"Block Potion"},{"floor":54,"key":"BloodPotion"}],"is_trial":false,"path_per_floor":["M","?","?","M","M","R","E","M","T","E","R","?","M","E","R","B",null,"M","M","$","M","?","R","E","R","T","E","M","E","$","T","R","B",null,"M","M","$","?","$","E","R","M","T","E","?","R","?","E","R","B",null,"R","$","E","B",null],"character_chosen":"IRONCLAD","items_purchased":["Paper Frog","Lantern","OrangePellets"],"campfire_rested":0,"item_purchase_floors":[20,30,37],"current_hp_per_floor":[76,76,76,80,80,80,66,72,72,62,62,62,66,66,66,58,75,80,79,79,80,80,80,65,65,65,44,54,69,69,69,69,80,80,80,80,80,80,80,80,80,80,80,80,80,80,80,80,80,80,80,80,80,80,80],"gold":63,"neow_bonus":"ONE_RARE_RELIC","is_prod":false,"is_daily":false,"chose_seed":false,"campfire_upgraded":9,"win_rate":0,"timestamp":1555625248,"path_taken":["M","?","?","M","M","R","E","?","T","E","R","?","?","E","R","BOSS","M","M","$","M","?","R","E","R","T","E","M","E","$","?","R","BOSS","M","M","$","?","$","E","R","M","T","E","?","R","?","E","R","BOSS","R","$","E","BOSS"],"build_version":"2019-01-23","purchased_purges":2,"victory":true,"max_hp_per_floor":[80,80,80,80,80,80,80,80,80,80,80,80,80,80,80,80,80,80,80,80,80,80,80,80,80,80,80,80,80,80,80,80,80,80,80,80,80,80,80,80,80,80,80,80,80,80,80,80,80,80,80,80,80,80,80],"card_choices":[{"not_picked":["Twin Strike","Thunderclap"],"picked":"Wild Strike","floor":1},{"not_picked":["Flex","Burning Pact"],"picked":"Reckless Charge","floor":4},{"not_picked":["Iron Wave","Anger"],"picked":"Corruption","floor":5},{"not_picked":["Inflame","Demon Form"],"picked":"Battle Trance","floor":7},{"not_picked":["Wild Strike","Thunderclap"],"picked":"Flame Barrier","floor":8},{"not_picked":["Exhume","Cleave"],"picked":"Evolve","floor":10},{"not_picked":["Entrench","Sword Boomerang"],"picked":"Headbutt","floor":13},{"not_picked":["Sword Boomerang","Headbutt"],"picked":"Reaper","floor":14},{"not_picked":["Berserk","Limit Break"],"picked":"Fiend Fire","floor":16},{"not_picked":["Cleave+1","Anger"],"picked":"True Grit","floor":18},{"not_picked":["Flex","Cleave"],"picked":"Perfected Strike","floor":19},{"not_picked":["Rupture","Hemokinesis"],"picked":"Flame Barrier","floor":21},{"not_picked":["Intimidate","Pummel"],"picked":"Feel No Pain+1","floor":24},{"not_picked":["Flex","Anger","Combust"],"picked":"SKIP","floor":27},{"not_picked":["Iron Wave","Cleave"],"picked":"Shrug It Off","floor":28},{"not_picked":["Warcry","Armaments","Evolve+1"],"picked":"SKIP","floor":29},{"not_picked":["Brutality","Barricade"],"picked":"Fiend Fire","floor":33},{"not_picked":["Twin Strike","Rupture","Heavy Blade"],"picked":"SKIP","floor":35},{"not_picked":["Rage","Perfected Strike","Wild Strike"],"picked":"SKIP","floor":36},{"not_picked":["Dropkick","Havoc"],"picked":"Power Through+1","floor":38},{"not_picked":["True Grit","Twin Strike"],"picked":"Disarm","floor":40},{"not_picked":["Perfected Strike","Brutality","Anger"],"picked":"SKIP","floor":42},{"not_picked":["Feed","Searing Blow+1","Inflame"],"picked":"SKIP","floor":44},{"not_picked":["Havoc","Rampage+1","Headbutt+1"],"picked":"SKIP","floor":48},{"not_picked":["Flex+1","Wild Strike+1","Thunderclap+1"],"picked":"SKIP","floor":54}],"player_experience":195891,"relics_obtained":[{"floor":7,"key":"Bottled Lightning"},{"floor":9,"key":"The Courier"},{"floor":10,"key":"Ornamental Fan"},{"floor":14,"key":"Tiny Chest"},{"floor":24,"key":"StoneCalendar"},{"floor":26,"key":"Happy Flower"},{"floor":27,"key":"Sundial"},{"floor":29,"key":"Smiling Mask"},{"floor":31,"key":"Potion Belt"},{"floor":38,"key":"Champion Belt"},{"floor":40,"key":"Bronze Scales"},{"floor":44,"key":"Molten Egg 2"},{"floor":48,"key":"Bag of Preparation"},{"floor":54,"key":"Boot"}],"event_choices":[{"damage_healed":0,"gold_gain":0,"player_choice":"Ignored","damage_taken":0,"max_hp_gain":0,"max_hp_loss":0,"event_name":"Liars Game","floor":2,"gold_loss":0},{"damage_healed":0,"gold_gain":0,"player_choice":"Upgraded","damage_taken":0,"max_hp_gain":0,"max_hp_loss":0,"event_name":"Upgrade Shrine","floor":3,"gold_loss":0,"cards_upgraded":["Wild Strike"]},{"damage_healed":0,"gold_gain":0,"player_choice":"Cursed","damage_taken":0,"max_hp_gain":0,"max_hp_loss":0,"event_name":"Wheel of Change","floor":12,"gold_loss":0,"cards_obtained":["Decay"]},{"damage_healed":0,"gold_gain":0,"player_choice":"Fight","damage_taken":0,"max_hp_gain":0,"max_hp_loss":0,"event_name":"Mysterious Sphere","floor":38,"gold_loss":0},{"damage_healed":0,"gold_gain":0,"player_choice":"Paid","damage_taken":0,"relics_obtained":["Red Mask"],"max_hp_gain":0,"max_hp_loss":0,"event_name":"Tomb of Lord Red Mask","floor":45,"gold_loss":171},{"cards_removed":["Strike_R"],"damage_healed":0,"gold_gain":0,"player_choice":"Removed Attack","damage_taken":0,"max_hp_gain":0,"max_hp_loss":0,"event_name":"Falling","floor":47,"gold_loss":0}],"is_beta":false,"boss_relics":[{"not_picked":["Orrery","Calling Bell"],"picked":"Snecko Eye"},{"not_picked":["Eternal Feather","Tiny House"],"picked":"White Beast Statue"}],"items_purged_floors":[20,39],"is_endless":false,"potions_floor_spawned":[7,10,13,16,24,33,35,36,38,40,42,44,48,54],"ascension_level":13}