{"gold_per_floor":[111,186,47,47,60,60,73,106,106,141,141,155,155,188,188,293,293,307,323,248,125,141,141,168,168,168,178,211,211,221,231,231,231],"floor_reached":33,"playtime":3227,"items_purged":[],"score":345,"play_id":"9dcb39ba-6cd5-45dd-a8a5-e8f53653e2eb","local_time":"20190412173445","is_ascension_mode":true,"campfire_choices":[{"data":"Shockwave","floor":6,"key":"SMITH"},{"floor":13,"key":"REST"},{"data":"Demon Form","floor":15,"key":"SMITH"},{"data":"Flame Barrier","floor":23,"key":"SMITH"},{"data":"Feed","floor":25,"key":"SMITH"},{"data":"Havoc","floor":32,"key":"SMITH"}],"neow_cost":"NONE","seed_source_timestamp":131499611736709,"circlet_count":0,"master_deck":["Strike_R","Strike_R","Strike_R","Strike_R","Defend_R","Defend_R","Defend_R","Defend_R","Bash","Sword Boomerang","Shockwave+1","Reckless Charge","Metallicize","Flame Barrier+1","Demon Form+1","Iron Wave","Entrench","Feed+1","True Grit+1","Warcry","Seeing Red+1","Spot Weakness","Headbutt","Rage+1","Exhume","Pommel Strike+1","Shrug It Off","Armaments","Havoc+1"],"relics":["Burning Blood","Regal Pillow","Ornamental Fan","Omamori","Prayer Wheel","Meat on the Bone","Bronze Scales","Coffee Dripper","Gambling Chip","Incense Burner","Shuriken"],"potions_floor_usage":[14,31,33,33],"damage_taken":[{"damage":0,"enemies":"Small Slimes","floor":1,"turns":3},{"damage":6,"enemies":"Jaw Worm","floor":5,"turns":3},{"damage":4,"enemies":"2 Louse","floor":7,"turns":3},{"damage":29,"enemies":"Gremlin Nob","floor":8,"turns":5},{"damage":6,"enemies":"Lagavulin","floor":10,"turns":7},{"damage":30,"enemies":"Large Slime","floor":12,"turns":8},{"damage":17,"enemies":"3 Sentries","floor":14,"turns":8},{"damage":13,"enemies":"Hexaghost","floor":16,"turns":7},{"damage":13,"enemies":"Chosen","floor":18,"turns":6},{"damage":9,"enemies":"Shell Parasite","floor":19,"turns":3},{"damage":21,"enemies":"Snake Plant","floor":22,"turns":5},{"damage":12,"enemies":"Book of Stabbing","floor":24,"turns":5},{"damage":6,"enemies":"Centurion and Healer","floor":27,"turns":7},{"damage":21,"enemies":"Gremlin Leader","floor":28,"turns":7},{"damage":8,"enemies":"3 Cultists","floor":30,"turns":6},{"damage":3,"enemies":"Snecko","floor":31,"turns":5},{"damage":65,"enemies":"Automaton","floor":33,"turns":10}],"seed_played":"-8567973061268166358","potions_obtained":[{"floor":1,"key":"Dexterity Potion"},{"floor":8,"key":"Dexterity Potion"},{"floor":14,"key":"SteroidPotion"}],"is_trial":false,"path_per_floor":["?","?","?","?","?","M"],"character_chosen":"IRONCLAD","items_purchased":["Sword Boomerang","Shockwave","Strength Potion","Spot Weakness","Headbutt"],"campfire_rested":1,"item_purchase_floors":[3,3,3,21,21],"current_hp_per_floor":[80,69,69,57,57,57,59,36,36,36,36,24,63,52,52,57,80,73,73,73,73,61,61,55,55,55,55,56,56,58,65,65,0],"gold":231,"neow_bonus":"RANDOM_COMMON_RELIC","is_prod":false,"is_daily":false,"chose_seed":false,"campfire_upgraded":5,"win_rate":0,"timestamp":1555086885,"path_taken":["M","?","$","?","M","R","M","E","T","E","?","M","R","E","R","BOSS","M","M","?","$","M","R","E","R","T","M","E","?","?","M","R","BOSS"],"build_version":"2019-01-23","purchased_purges":0,"victory":false,"max_hp_per_floor":[80,80,80,80,80,80,80,80,80,80,80,80,80,80,80,80,80,80,83,83,83,86,86,86,86,86,86,90,90,94,98,98,98],"card_choices":[{"not_picked":["Whirlwind","True Grit","Warcry"],"picked":"SKIP","floor":1},{"not_picked":["True Grit","Flex","Sword Boomerang"],"picked":"SKIP","floor":5},{"not_picked":["Havoc","Perfected Strike"],"picked":"Reckless Charge","floor":7},{"not_picked":["Havoc","Infernal Blade"],"picked":"Metallicize","floor":8},{"not_picked":["Body Slam","Power Through"],"picked":"Flame Barrier","floor":10},{"not_picked":["Fire Breathing","Hemokinesis"],"picked":"Demon Form","floor":12},{"not_picked":["Wild Strike","Perfected Strike"],"picked":"Iron Wave","floor":12},{"not_picked":["Inflame","Infernal Blade"],"picked":"Entrench","floor":14},{"not_picked":["Double Tap","Barricade"],"picked":"Feed","floor":16},{"not_picked":["Cleave","Iron Wave"],"picked":"True Grit+1","floor":18},{"not_picked":["Carnage","Pommel Strike"],"picked":"Warcry","floor":18},{"not_picked":["Warcry","Clash"],"picked":"Seeing Red+1","floor":19},{"not_picked":["Twin Strike","Perfected Strike","Heavy Blade"],"picked":"SKIP","floor":19},{"not_picked":["Pommel Strike","Infernal Blade"],"picked":"Rage+1","floor":22},{"not_picked":["Armaments","Searing Blow"],"picked":"Exhume","floor":22},{"not_picked":["Twin Strike","Pummel","Power Through"],"picked":"SKIP","floor":24},{"not_picked":["Cleave","Twin Strike+1"],"picked":"Pommel Strike+1","floor":27},{"not_picked":["Flex+1","Sword Boomerang","Bloodletting"],"picked":"SKIP","floor":27},{"not_picked":["Clash","Dropkick"],"picked":"Shrug It Off","floor":28},{"not_picked":["Sentinel","Rampage"],"picked":"Armaments","floor":30},{"not_picked":["Iron Wave+1","Warcry","Flex+1"],"picked":"SKIP","floor":30},{"not_picked":["Searing Blow","Cleave"],"picked":"Havoc","floor":31},{"not_picked":["Flex","Pummel+1","Fire Breathing"],"picked":"SKIP","floor":31}],"player_experience":559876,"relics_obtained":[{"floor":8,"key":"Omamori"},{"floor":9,"key":"Prayer Wheel"},{"floor":10,"key":"Meat on the Bone"},{"floor":14,"key":"Bronze Scales"},{"floor":24,"key":"Gambling Chip"},{"floor":26,"key":"Incense Burner"},{"floor":28,"key":"Shuriken"}],"event_choices":[{"damage_healed":0,"gold_gain":75,"player_choice":"Gather Gold","damage_taken":11,"max_hp_gain":0,"max_hp_loss":0,"event_name":"World of Goop","floor":2,"gold_loss":0},{"damage_healed":0,"gold_gain":0,"player_choice":"Success","damage_taken":12,"relics_obtained":["Ornamental Fan"],"max_hp_gain":0,"max_hp_loss":0,"event_name":"Scrap Ooze","floor":4,"gold_loss":0},{"damage_healed":0,"gold_gain":0,"player_choice":"Ignored","damage_taken":0,"max_hp_gain":0,"max_hp_loss":0,"event_name":"Golden Wing","floor":11,"gold_loss":0},{"cards_removed":["Strike_R"],"damage_healed":0,"gold_gain":0,"player_choice":"Gave Gold","damage_taken":0,"max_hp_gain":0,"max_hp_loss":0,"event_name":"Beggar","floor":20,"gold_loss":75},{"damage_healed":0,"gold_gain":0,"player_choice":"Got Potions","damage_taken":0,"max_hp_gain":0,"max_hp_loss":0,"event_name":"Lab","floor":29,"gold_loss":0}],"is_beta":false,"boss_relics":[{"not_picked":["Black Blood","Eternal Feather"],"picked":"Coffee Dripper"}],"items_purged_floors":[],"is_endless":false,"potions_floor_spawned":[1,8,14,22,27,28],"killed_by":"Automaton","ascension_level":1}