{"gold_per_floor":[109,125,148,162,42,70,70,101,101,171,171,171,171,171,171,302,302,325,325,346,1,1,1,1,1,51,51,81,0,35,35,35,166,166,180,196,269,602,614,614,614,614,614,614],"floor_reached":44,"playtime":2392,"items_purged":["Strike_G"],"score":591,"play_id":"b79aa99d-a736-4a2d-92e3-c5a03480ac09","local_time":"20190209215819","is_ascension_mode":true,"campfire_choices":[{"data":"Neutralize","floor":7.0,"key":"SMITH"},{"data":"Blade Dance","floor":11.0,"key":"SMITH"},{"data":"Dagger Spray","floor":15.0,"key":"SMITH"},{"data":"Infinite Blades","floor":23.0,"key":"SMITH"},{"data":"Accuracy","floor":25.0,"key":"SMITH"},{"data":"Backflip","floor":27.0,"key":"SMITH"},{"data":"Burst","floor":32.0,"key":"SMITH"},{"floor":40.0,"key":"REST"},{"floor":42.0,"key":"REST"}],"neow_cost":"NONE","seed_source_timestamp":25174725399000,"circlet_count":0,"master_deck":["Defend_G","Defend_G","Defend_G","Defend_G+1","Defend_G","Strike_G","Strike_G","Strike_G","Strike_G","Survivor","Neutralize+1","Dagger Spray+1","Blade Dance+1","Footwork+1","Blur+1","Choke+1","Corpse Explosion","Infinite Blades+1","Backflip+1","Accuracy+1","Shame","Burst+1","Malaise","Underhanded Strike+1","Finisher+1"],"special_seed":0,"relics":["Ring of the Snake","Juzu Bracelet","Molten Egg 2","Ornamental Fan","Kunai","Pear","Sozu","Membership Card","Vajra","MutagenicStrength","War Paint","Tiny Chest","Calipers","HoveringKite","Frozen Egg 2"],"potions_floor_usage":[],"damage_taken":[{"damage":3.0,"enemies":"Cultist","floor":1.0,"turns":4.0},{"damage":6.0,"enemies":"Jaw Worm","floor":2.0,"turns":5.0},{"damage":2.0,"enemies":"Small Slimes","floor":4.0,"turns":3.0},{"damage":11.0,"enemies":"Gremlin Nob","floor":6.0,"turns":3.0},{"damage":2.0,"enemies":"3 Sentries","floor":8.0,"turns":9.0},{"damage":3.0,"enemies":"The Guardian","floor":16.0,"turns":19.0},{"damage":10.0,"enemies":"2 Thieves","floor":18.0,"turns":2.0},{"damage":9.0,"enemies":"Spheric Guardian","floor":20.0,"turns":6.0},{"damage":31.0,"enemies":"Book of Stabbing","floor":30.0,"turns":5.0},{"damage":8.0,"enemies":"Automaton","floor":33.0,"turns":8.0},{"damage":27.0,"enemies":"3 Shapes","floor":35.0,"turns":4.0},{"damage":6.0,"enemies":"Orb Walker","floor":36.0,"turns":5.0},{"damage":23.0,"enemies":"Maw","floor":39.0,"turns":10.0},{"damage":77,"enemies":"Reptomancer","floor":44,"turns":4}],"seed_played":"243353639917979803","potions_obtained":[{"floor":1.0,"key":"EssenceOfSteel"},{"floor":2.0,"key":"Dexterity Potion"}],"is_trial":false,"path_per_floor":["M","M","T","M","$","E","R","E","T","T","R","?","?","?","R","B",null,"M","?","M","$","?","R","$","R","T","R","?","?","E","?","R","B",null,"M","M","T","?","M","R","?","R","T","E"],"character_chosen":"THE_SILENT","items_purchased":["Footwork","AttackPotion","Membership Card","Accuracy","Vajra"],"campfire_rested":2,"item_purchase_floors":[5,5,21,21,21],"current_hp_per_floor":[67,61,61,59,59,48,48,46,46,56,56,56,56,56,56,53,80,70,70,61,61,61,61,61,61,61,61,61,61,30,80,80,72,80,53,47,47,47,24,48,48,72,72,0],"gold":614,"neow_bonus":"RANDOM_COLORLESS","is_prod":false,"is_daily":false,"chose_seed":false,"campfire_upgraded":7,"win_rate":0,"timestamp":1549767499,"path_taken":["M","M","?","M","?","E","R","E","T","?","R","?","?","?","R","BOSS","M","?","M","$","?","R","?","R","T","R","?","?","E","?","R","BOSS","M","M","?","?","M","R","?","R","T","E"],"build_version":"2019-01-23","purchased_purges":1,"victory":false,"max_hp_per_floor":[70,70,70,70,70,70,70,70,70,80,80,80,80,80,80,80,80,80,80,80,80,80,80,80,80,80,80,80,80,80,80,80,80,80,80,80,80,80,80,80,80,80,80,80],"card_choices":[{"not_picked":["Leg Sweep","Prepared"],"picked":"Dagger Spray","floor":1.0},{"not_picked":["Poisoned Stab","Deflect"],"picked":"Blade Dance","floor":2.0},{"not_picked":["Quick Slash","Outmaneuver","Bouncing Flask"],"picked":"SKIP","floor":4.0},{"not_picked":["Sucker Punch","Terror"],"picked":"Blur","floor":6.0},{"not_picked":["Deadly Poison","Reflex"],"picked":"Choke+1","floor":8.0},{"not_picked":["Envenom","Grand Finale+1"],"picked":"Corpse Explosion","floor":16.0},{"not_picked":["Expertise+1","Bane+1","Outmaneuver"],"picked":"SKIP","floor":18.0},{"not_picked":["Sucker Punch+1","Deadly Poison"],"picked":"Backflip","floor":20.0},{"not_picked":["Night Terror","Masterful Stab+1"],"picked":"Burst","floor":30.0},{"not_picked":["Bullet Time","Burst"],"picked":"Malaise","floor":33.0},{"not_picked":["Distraction","Concentrate","Deadly Poison"],"picked":"SKIP","floor":35.0},{"not_picked":["Dagger Throw+1","Deflect+1"],"picked":"Underhanded Strike+1","floor":36.0},{"not_picked":["Skewer+1","Escape Plan+1"],"picked":"Finisher+1","floor":39.0}],"player_experience":437679,"relics_obtained":[{"floor":3.0,"key":"Juzu Bracelet"},{"floor":6.0,"key":"Molten Egg 2"},{"floor":8.0,"key":"Ornamental Fan"},{"floor":9.0,"key":"Kunai"},{"floor":10.0,"key":"Pear"},{"floor":26.0,"key":"War Paint"},{"floor":30.0,"key":"Calipers"},{"floor":37.0,"key":"Frozen Egg 2"}],"event_choices":[{"damage_healed":0.0,"max_hp_gain":0.0,"max_hp_loss":0.0,"gold_gain":0.0,"event_name":"Accursed Blacksmith","player_choice":"Forge","floor":12.0,"gold_loss":0.0,"damage_taken":0.0,"cards_upgraded":["Footwork"]},{"damage_healed":0.0,"max_hp_gain":0.0,"max_hp_loss":0.0,"gold_gain":0.0,"event_name":"Golden Idol","player_choice":"Take Wound","floor":13.0,"gold_loss":0.0,"damage_taken":0.0,"relics_obtained":["Golden Idol"],"cards_obtained":["Injury"]},{"cards_removed":["Injury"],"damage_healed":0.0,"max_hp_gain":0.0,"max_hp_loss":0.0,"gold_gain":0.0,"event_name":"Living Wall","player_choice":"Forget","floor":14.0,"gold_loss":0.0,"damage_taken":0.0},{"damage_healed":0.0,"max_hp_gain":0.0,"max_hp_loss":0.0,"gold_gain":0.0,"event_name":"The Library","player_choice":"Read","floor":19.0,"gold_loss":0.0,"damage_taken":0.0,"cards_obtained":["Infinite Blades"]},{"damage_healed":0.0,"max_hp_gain":0.0,"max_hp_loss":0.0,"gold_gain":0.0,"event_name":"Drug Dealer","player_choice":"Inject Mutagens","floor":22.0,"gold_loss":0.0,"damage_taken":0.0,"relics_obtained":["MutagenicStrength"]},{"damage_healed":0.0,"max_hp_gain":0.0,"max_hp_loss":0.0,"gold_gain":0.0,"event_name":"Addict","player_choice":"Stole Relic","floor":28.0,"gold_loss":0.0,"damage_taken":0.0,"relics_obtained":["Tiny Chest"],"cards_obtained":["Shame"]},{"damage_healed":0.0,"max_hp_gain":0.0,"max_hp_loss":0.0,"gold_gain":0.0,"event_name":"Masked Bandits","player_choice":"Paid Fearfully","floor":29.0,"gold_loss":81.0,"damage_taken":0.0},{"cards_removed":["Dramatic Entrance"],"damage_healed":50.0,"max_hp_gain":0.0,"max_hp_loss":0.0,"gold_gain":0.0,"event_name":"Bonfire Elementals","player_choice":"Offered Uncommon","floor":31.0,"gold_loss":0.0,"damage_taken":0.0},{"damage_healed":0.0,"max_hp_gain":0.0,"max_hp_loss":0.0,"gold_gain":333.0,"event_name":"The Moai Head","player_choice":"Gave Idol","floor":38.0,"relics_lost":["Golden Idol"],"gold_loss":0.0,"damage_taken":0.0},{"damage_healed":0.0,"max_hp_gain":0.0,"max_hp_loss":0.0,"gold_gain":0.0,"event_name":"SensoryStone","player_choice":"Memory 1","floor":41.0,"gold_loss":0.0,"damage_taken":0.0}],"is_beta":false,"boss_relics":[{"not_picked":["Lizard Tail","Calling Bell"],"picked":"Sozu"},{"not_picked":["Eternal Feather","Coffee Dripper"],"picked":"HoveringKite"}],"items_purged_floors":[21],"is_endless":false,"potions_floor_spawned":[1,2,18,20,39],"killed_by":"Reptomancer","ascension_level":4}