{"gold_per_floor":[109,129,83,96,108,108,135,146,146,163,175,193,209,227,227,322,322,322,322,322,257,257,257,257,182,182,182,182,182,182,182,182,182,182,182,93,93],"floor_reached":37,"playtime":2407,"items_purged":[],"score":494,"play_id":"0b32b92c-f146-4969-b303-bf1dd8b4d5a2","local_time":"20181223080943","is_ascension_mode":true,"campfire_choices":[{"data":"Seeing Red","floor":6.0,"key":"SMITH"},{"data":"Combust","floor":15.0,"key":"SMITH"},{"data":"Infernal Blade","floor":23.0,"key":"SMITH"},{"floor":29.0,"key":"REST"},{"floor":32.0,"key":"REST"}],"neow_cost":"NONE","seed_source_timestamp":1323855431900,"circlet_count":0,"master_deck":["Strike_R","Strike_R","Strike_R","Strike_R","Defend_R","Defend_R","Defend_R","Defend_R","Bash","Reaper","Seeing Red+1","Havoc","Shrug It Off","Ghostly Armor","Combust+1","Inflame","Combust","Infernal Blade+1","Iron Wave","Impervious","Reaper","Sentinel+1","Flame Barrier+1","Blood for Blood","Double Tap","Armaments+1","Havoc","Double Tap","Bandage Up"],"special_seed":0,"relics":["Burning Blood","Bottled Tornado","Strawberry","Ectoplasm","Juzu Bracelet","Frozen Egg 2","Question Card","Nilry\u0027s Codex","Black Star"],"potions_floor_usage":[],"damage_taken":[{"damage":1.0,"enemies":"Cultist","floor":1.0,"turns":3.0},{"damage":7.0,"enemies":"Jaw Worm","floor":2.0,"turns":3.0},{"damage":6.0,"enemies":"Small Slimes","floor":4.0,"turns":5.0},{"damage":14.0,"enemies":"3 Louse","floor":5.0,"turns":6.0},{"damage":40.0,"enemies":"3 Sentries","floor":7.0,"turns":8.0},{"damage":9.0,"enemies":"Exordium Wildlife","floor":8.0,"turns":5.0},{"damage":6.0,"enemies":"2 Fungi Beasts","floor":10.0,"turns":4.0},{"damage":38.0,"enemies":"Exordium Thugs","floor":11.0,"turns":5.0},{"damage":13.0,"enemies":"Exordium Wildlife","floor":12.0,"turns":4.0},{"damage":12.0,"enemies":"2 Fungi Beasts","floor":13.0,"turns":5.0},{"damage":4.0,"enemies":"Large Slime","floor":14.0,"turns":5.0},{"damage":62.0,"enemies":"Slime Boss","floor":16.0,"turns":8.0},{"damage":8.0,"enemies":"Chosen","floor":18.0,"turns":4.0},{"damage":20.0,"enemies":"Shell Parasite","floor":19.0,"turns":5.0},{"damage":37.0,"enemies":"Cultist and Chosen","floor":20.0,"turns":6.0},{"damage":38.0,"enemies":"Book of Stabbing","floor":24.0,"turns":7.0},{"damage":34.0,"enemies":"Sentry and Sphere","floor":27.0,"turns":6.0},{"damage":0.0,"enemies":"Snecko","floor":30.0,"turns":8.0},{"damage":35.0,"enemies":"Shelled Parasite and Fungi","floor":31.0,"turns":6.0},{"damage":15.0,"enemies":"Automaton","floor":33.0,"turns":11.0},{"damage":91,"enemies":"3 Darklings","floor":35,"turns":8},{"damage":22,"enemies":"3 Shapes","floor":37,"turns":4}],"seed_played":"-8161138059966096618","potions_obtained":[{"floor":1.0,"key":"Ancient Potion"},{"floor":2.0,"key":"GamblersBrew"},{"floor":5.0,"key":"FairyPotion"},{"floor":7.0,"key":"Poison Potion"},{"floor":10.0,"key":"Poison Potion"},{"floor":16.0,"key":"FearPotion"},{"floor":24.0,"key":"Dexterity Potion"},{"floor":33.0,"key":"FearPotion"}],"is_trial":false,"path_per_floor":["M","M","$","M","M","R","E","M","T","M","M","M","M","M","R","B",null,"M","M","M","?","$","R","E","?","T","M","?","R","M","M","R","B",null,"M","$","M"],"character_chosen":"IRONCLAD","items_purchased":["Shrug It Off","Bandage Up"],"campfire_rested":2,"item_purchase_floors":[3,36],"current_hp_per_floor":[80,79,79,80,80,80,54,61,68,76,56,55,49,63,63,11,87,87,73,65,65,65,65,40,40,40,12,8,34,53,24,50,57,87,10,10,0],"gold":93,"neow_bonus":"ONE_RANDOM_RARE_CARD","is_prod":false,"is_daily":false,"chose_seed":false,"campfire_upgraded":3,"win_rate":0,"timestamp":1545570583,"path_taken":["M","M","?","M","M","R","E","M","T","M","M","M","M","M","R","BOSS","M","M","M","?","$","R","E","?","T","M","?","R","M","M","R","BOSS","M","$","M"],"build_version":"2018-12-20","purchased_purges":0,"victory":false,"max_hp_per_floor":[80,80,80,80,80,80,80,80,87,87,87,87,87,87,87,87,87,87,87,87,87,87,87,87,87,87,87,87,87,87,87,87,87,87,87,87,87],"card_choices":[{"not_picked":["Second Wind","Twin Strike"],"picked":"Seeing Red","floor":1.0},{"not_picked":["Flex","Heavy Blade"],"picked":"Havoc","floor":2.0},{"not_picked":["Pommel Strike","Flex"],"picked":"Ghostly Armor","floor":4.0},{"not_picked":["Pummel","Wild Strike"],"picked":"Combust","floor":5.0},{"not_picked":["Shockwave","Anger"],"picked":"Inflame","floor":7.0},{"not_picked":["True Grit","Clothesline"],"picked":"Combust","floor":8.0},{"not_picked":["Ghostly Armor","Double Tap"],"picked":"Infernal Blade","floor":10.0},{"not_picked":["Reckless Charge","Heavy Blade"],"picked":"Iron Wave","floor":11.0},{"not_picked":["Anger","Evolve","Pummel"],"picked":"SKIP","floor":12.0},{"not_picked":["Clothesline","Battle Trance"],"picked":"Impervious","floor":13.0},{"not_picked":["Wild Strike","Cleave","Uppercut"],"picked":"SKIP","floor":14.0},{"not_picked":["Juggernaut","Limit Break"],"picked":"Reaper","floor":16.0},{"not_picked":["Thunderclap","Warcry+1","Cleave"],"picked":"SKIP","floor":18.0},{"not_picked":["Fire Breathing+1","Iron Wave"],"picked":"Sentinel+1","floor":19.0},{"not_picked":["Wild Strike","Iron Wave"],"picked":"Flame Barrier+1","floor":20.0},{"not_picked":["Searing Blow+1","Armaments"],"picked":"Blood for Blood","floor":24.0},{"not_picked":["Iron Wave+1","Clash","Body Slam"],"picked":"Double Tap","floor":27.0},{"not_picked":["Clash+1","Entrench","Shrug It Off"],"picked":"Armaments+1","floor":30.0},{"not_picked":["Armaments","Second Wind","Inflame+1"],"picked":"Havoc","floor":31.0},{"not_picked":["Bludgeon","Offering","Fiend Fire"],"picked":"Double Tap","floor":33.0},{"not_picked":["Clash+1","Thunderclap+1","Battle Trance+1","Combust+1"],"picked":"SKIP","floor":35}],"player_experience":321398,"relics_obtained":[{"floor":7.0,"key":"Bottled Tornado"},{"floor":9.0,"key":"Strawberry"},{"floor":24.0,"key":"Frozen Egg 2"},{"floor":26.0,"key":"Question Card"},{"floor":28.0,"key":"Nilry\u0027s Codex"}],"event_choices":[{"damage_healed":0.0,"max_hp_gain":0.0,"max_hp_loss":0.0,"gold_gain":0.0,"event_name":"WeMeetAgain","player_choice":"Paid Gold","floor":21.0,"gold_loss":65.0,"damage_taken":0.0,"relics_obtained":["Juzu Bracelet"]},{"cards_removed":["Strike_R"],"damage_healed":0.0,"max_hp_gain":0.0,"max_hp_loss":0.0,"gold_gain":0.0,"event_name":"Beggar","player_choice":"Gave Gold","floor":25.0,"gold_loss":75.0,"damage_taken":0.0},{"damage_healed":0.0,"max_hp_gain":0.0,"max_hp_loss":0.0,"gold_gain":0.0,"event_name":"Cursed Tome","player_choice":"Obtained Book","floor":28.0,"gold_loss":0.0,"damage_taken":16.0}],"is_beta":false,"boss_relics":[{"not_picked":["Eternal Feather","Astrolabe"],"picked":"Ectoplasm"},{"not_picked":["Coffee Dripper","Mark of Pain"],"picked":"Black Star"}],"items_purged_floors":[],"is_endless":false,"potions_floor_spawned":[1,2,5,7,10,16,24,27,33],"killed_by":"3 Shapes","ascension_level":2}