{"gold_per_floor":[112,112,131,131,149,149,182,34,34,44,19,19,19,32,32,130,130,147,165,165,178,189,189,189],"floor_reached":24,"playtime":864,"items_purged":["Strike_G"],"score":238,"play_id":"e27d86cd-5b27-4ae4-ab32-f8ff058bcead","local_time":"20190212231825","is_ascension_mode":true,"campfire_choices":[{"data":"Noxious Fumes","floor":6.0,"key":"SMITH"},{"floor":12,"key":"REST"},{"floor":15,"key":"REST"},{"floor":23,"key":"REST"}],"neow_cost":"NONE","seed_source_timestamp":21310210575100,"circlet_count":0,"master_deck":["Defend_G","Defend_G","Defend_G","Defend_G","Defend_G","Strike_G","Strike_G","Survivor","Neutralize","Calculated Gamble","Blade Dance+1","Noxious Fumes+1","Caltrops","Blade Dance","Caltrops","PiercingWail","Choke+1","Dagger Spray","Malaise"],"special_seed":0,"relics":["Ring of the Snake","Gremlin Horn","Bronze Scales","Ninja Scroll","White Beast Statue","NlothsMask"],"potions_floor_usage":[7,16,18,22,22,22,24],"damage_taken":[{"damage":0.0,"enemies":"Cultist","floor":1.0,"turns":5.0},{"damage":0.0,"enemies":"2 Louse","floor":3.0,"turns":2.0},{"damage":0.0,"enemies":"Small Slimes","floor":5.0,"turns":3.0},{"damage":25,"enemies":"Lagavulin","floor":7,"turns":7},{"damage":9,"enemies":"Blue Slaver","floor":10,"turns":3},{"damage":14,"enemies":"Red Slaver","floor":14,"turns":3},{"damage":32,"enemies":"Slime Boss","floor":16,"turns":9},{"damage":11,"enemies":"Shell Parasite","floor":18,"turns":5},{"damage":0,"enemies":"3 Byrds","floor":19,"turns":5},{"damage":47,"enemies":"Sentry and Sphere","floor":21,"turns":6},{"damage":5,"enemies":"Snecko","floor":22,"turns":3},{"damage":38,"enemies":"Cultist and Chosen","floor":24,"turns":4}],"seed_played":"-7990199180000956626","potions_obtained":[{"floor":5.0,"key":"FearPotion"},{"floor":10,"key":"SkillPotion"},{"floor":16,"key":"EssenceOfSteel"},{"floor":18,"key":"Strength Potion"},{"floor":19,"key":"AttackPotion"},{"floor":21,"key":"Poison Potion"},{"floor":22,"key":"Weak Potion"}],"is_trial":false,"path_per_floor":["M","T","M","?","M","R","E","$","T","M","?","R","?","M","R","B",null,"M","M","?","M","M","R","M"],"character_chosen":"THE_SILENT","items_purchased":["Caltrops"],"campfire_rested":3,"item_purchase_floors":[8],"current_hp_per_floor":[70,70,70,63,63,63,38,38,38,29,29,50,50,36,57,25,70,59,59,59,12,7,28,0],"gold":189,"neow_bonus":"TRANSFORM_CARD","is_prod":false,"is_daily":false,"chose_seed":false,"campfire_upgraded":1,"win_rate":0,"timestamp":1550031505,"path_taken":["M","?","M","?","M","R","E","$","T","M","?","R","?","M","R","BOSS","M","M","?","?","?","R","M"],"build_version":"2019-01-23","purchased_purges":1,"victory":false,"max_hp_per_floor":[70,70,70,70,70,70,70,70,70,70,70,70,70,70,70,70,70,70,70,70,70,70,70,70],"card_choices":[{"not_picked":["Deadly Poison","Acrobatics"],"picked":"Blade Dance","floor":1.0},{"not_picked":["Dagger Throw","Riddle With Holes"],"picked":"Noxious Fumes","floor":3.0},{"not_picked":["Bane","Concentrate"],"picked":"Caltrops","floor":5.0},{"not_picked":["Quick Slash","Underhanded Strike"],"picked":"Blade Dance","floor":7},{"not_picked":["Deflect","Underhanded Strike"],"picked":"PiercingWail","floor":10},{"not_picked":["Poisoned Stab","Bane","Concentrate"],"picked":"SKIP","floor":14},{"not_picked":["Footwork","Finisher"],"picked":"Choke+1","floor":18},{"not_picked":["Outmaneuver","Dagger Spray","Deadly Poison"],"picked":"SKIP","floor":19},{"not_picked":["Outmaneuver","Deadly Poison"],"picked":"Dagger Spray","floor":19},{"not_picked":["Riddle With Holes","Flechettes","Slice"],"picked":"SKIP","floor":21},{"not_picked":["All Out Attack+1","Poisoned Stab"],"picked":"Malaise","floor":22}],"player_experience":453361,"relics_obtained":[{"floor":2.0,"key":"Gremlin Horn"},{"floor":7,"key":"Bronze Scales"},{"floor":9,"key":"Ninja Scroll"}],"event_choices":[{"cards_removed":["Strike_G"],"damage_healed":0.0,"max_hp_gain":0.0,"max_hp_loss":0.0,"gold_gain":0.0,"event_name":"Golden Wing","player_choice":"Card Removal","floor":4.0,"gold_loss":0.0,"damage_taken":7.0},{"damage_healed":0,"gold_gain":0,"player_choice":"Left Gold","damage_taken":0,"max_hp_gain":0,"max_hp_loss":0,"event_name":"World of Goop","floor":11,"gold_loss":25},{"damage_healed":0,"gold_gain":0,"player_choice":"Grow","damage_taken":0,"max_hp_gain":0,"max_hp_loss":0,"event_name":"Living Wall","floor":13,"gold_loss":0,"cards_upgraded":["Blade Dance"]},{"damage_healed":0,"gold_gain":0,"player_choice":"Trade","damage_taken":0,"relics_obtained":["NlothsMask"],"max_hp_gain":0,"max_hp_loss":0,"event_name":"FaceTrader","floor":20,"gold_loss":0}],"is_beta":false,"boss_relics":[{"not_picked":["Calling Bell","Eternal Feather"],"picked":"White Beast Statue"}],"items_purged_floors":[8],"is_endless":false,"potions_floor_spawned":[5,10,16,18,19,21,22],"killed_by":"Cultist and Chosen","ascension_level":4}