{"gold_per_floor":[117,127,139,154,79,109,109,109,139,151,151,151,170,185,185,256,256,271,271],"floor_reached":19,"playtime":2220,"items_purged":[],"score":317,"play_id":"3d64598f-17b8-4f14-93fe-f291bb11b1f8","local_time":"20190413162255","is_ascension_mode":true,"campfire_choices":[{"data":"Hemokinesis","floor":7,"key":"SMITH"},{"data":"Combust","floor":12,"key":"SMITH"},{"data":"Spot Weakness","floor":15,"key":"SMITH"}],"neow_cost":"NONE","seed_source_timestamp":214595421482758,"circlet_count":0,"master_deck":["AscendersBane","Strike_R","Strike_R","Strike_R","Strike_R","Defend_R","Defend_R","Defend_R","Defend_R","Bash","Pommel Strike","Bloodletting","Armaments","Thunderclap","Whirlwind","Hemokinesis+1","Combust+1","Spot Weakness+1","Limit Break","Spot Weakness","Headbutt","Battle Trance"],"relics":["Burning Blood","Smiling Mask","Tiny Chest","CultistMask","Orrery"],"potions_floor_usage":[4,4,8,16,18,19],"damage_taken":[{"damage":1,"enemies":"Cultist","floor":1,"turns":4},{"damage":5,"enemies":"Jaw Worm","floor":2,"turns":3},{"damage":7,"enemies":"2 Louse","floor":3,"turns":3},{"damage":1,"enemies":"Red Slaver","floor":4,"turns":4},{"damage":33,"enemies":"3 Sentries","floor":6,"turns":8},{"damage":2,"enemies":"Lagavulin","floor":8,"turns":4},{"damage":8,"enemies":"Blue Slaver","floor":10,"turns":4},{"damage":9,"enemies":"3 Louse","floor":13,"turns":3},{"damage":2,"enemies":"Exordium Wildlife","floor":14,"turns":3},{"damage":64,"enemies":"The Guardian","floor":16,"turns":12},{"damage":38,"enemies":"Spheric Guardian","floor":18,"turns":6},{"damage":26,"enemies":"3 Byrds","floor":19,"turns":4}],"seed_played":"3602149382947070473","potions_obtained":[{"floor":2,"key":"Poison Potion"},{"floor":3,"key":"Poison Potion"},{"floor":6,"key":"SmokeBomb"},{"floor":13,"key":"Regen Potion"},{"floor":16,"key":"Block Potion"},{"floor":18,"key":"Block Potion"}],"is_trial":false,"path_per_floor":["M","?","?","M"],"character_chosen":"IRONCLAD","items_purchased":[],"campfire_rested":0,"item_purchase_floors":[],"current_hp_per_floor":[73,74,73,75,75,48,48,52,52,50,50,50,47,51,51,8,58,26,0],"gold":271,"neow_bonus":"THREE_CARDS","is_prod":false,"is_daily":false,"chose_seed":false,"campfire_upgraded":3,"win_rate":0,"timestamp":1555168975,"path_taken":["M","M","M","?","?","E","R","E","T","M","?","R","M","?","R","BOSS","M","M"],"build_version":"2019-01-23","purchased_purges":0,"victory":false,"max_hp_per_floor":[75,75,75,75,75,75,75,75,75,75,75,75,75,75,75,75,75,75,75],"card_choices":[{"not_picked":["Warcry","Armaments"],"picked":"Pommel Strike","floor":0},{"not_picked":["Sword Boomerang","Clash"],"picked":"Bloodletting","floor":1},{"not_picked":["Juggernaut","Havoc"],"picked":"Armaments","floor":2},{"not_picked":["Havoc","Burning Pact"],"picked":"Thunderclap","floor":3},{"not_picked":["Heavy Blade","Twin Strike"],"picked":"Whirlwind","floor":4},{"not_picked":["Sword Boomerang","Combust"],"picked":"Hemokinesis","floor":6},{"not_picked":["Bloodletting","Body Slam"],"picked":"Combust","floor":10},{"not_picked":["Wild Strike","Juggernaut"],"picked":"Spot Weakness","floor":13},{"not_picked":["Cleave","Fire Breathing","Hemokinesis"],"picked":"SKIP","floor":14},{"not_picked":["Juggernaut","Dark Embrace"],"picked":"Limit Break","floor":16},{"not_picked":["Body Slam","Searing Blow"],"picked":"Spot Weakness","floor":17},{"not_picked":["Sever Soul","Pommel Strike"],"picked":"Headbutt","floor":17},{"not_picked":["Flex","Thunderclap"],"picked":"Battle Trance","floor":17},{"not_picked":["Bludgeon","Body Slam","Clash"],"picked":"SKIP","floor":18}],"player_experience":598861,"relics_obtained":[{"floor":6,"key":"Smiling Mask"},{"floor":9,"key":"Tiny Chest"}],"event_choices":[{"cards_removed":["Strike_R"],"damage_healed":0,"gold_gain":0,"player_choice":"Card Removal","damage_taken":0,"max_hp_gain":0,"max_hp_loss":0,"event_name":"The Cleric","floor":5,"gold_loss":75},{"damage_healed":0,"gold_gain":0,"player_choice":"Trade","damage_taken":0,"relics_obtained":["CultistMask"],"max_hp_gain":0,"max_hp_loss":0,"event_name":"FaceTrader","floor":11,"gold_loss":0}],"is_beta":false,"boss_relics":[{"not_picked":["Black Blood","Runic Cube"],"picked":"Orrery"}],"items_purged_floors":[],"is_endless":false,"potions_floor_spawned":[2,3,6,8,13,16,18],"killed_by":"3 Byrds","ascension_level":15}