{"gold_per_floor":[109,119,119,119,119,119,153,153,234,277,298,298,81,94,94,94],"floor_reached":16,"playtime":576,"items_purged":["Injury"],"score":205,"play_id":"e9e59142-0c06-4a31-97db-3e45db958db3","local_time":"20190421135222","is_ascension_mode":true,"campfire_choices":[{"data":"Whirlwind","floor":6,"key":"SMITH"},{"data":"Havoc","floor":12,"key":"SMITH"},{"data":"Disarm","floor":15,"key":"SMITH"}],"neow_cost":"NONE","seed_source_timestamp":375787529043536,"circlet_count":0,"master_deck":["AscendersBane","Strike_R","Strike_R","Strike_R","Strike_R","Strike_R","Defend_R","Defend_R","Defend_R","Defend_R","Bash","Whirlwind+1","Infernal Blade","Headbutt+1","Bash+1","Body Slam+1","Havoc+1","Disarm+1","Shrug It Off","Cleave+1"],"relics":["Burning Blood","Golden Idol","Molten Egg 2","Self Forming Clay","Lantern"],"potions_floor_usage":[7,16],"damage_taken":[{"damage":2,"enemies":"2 Louse","floor":1,"turns":4},{"damage":12,"enemies":"Jaw Worm","floor":2,"turns":4},{"damage":37,"enemies":"3 Sentries","floor":7,"turns":13},{"damage":39,"enemies":"Lagavulin","floor":10,"turns":6},{"damage":3,"enemies":"Small Slimes","floor":11,"turns":3},{"damage":7,"enemies":"2 Fungi Beasts","floor":14,"turns":3},{"damage":17,"enemies":"Hexaghost","floor":16,"turns":9}],"seed_played":"-2777912736304140608","potions_obtained":[{"floor":1,"key":"BloodPotion"},{"floor":2,"key":"Fire Potion"},{"floor":11,"key":"Poison Potion"}],"is_trial":false,"path_per_floor":["M","M","?","?","?","R","E","?","T","E","M","R","$","M","R","B"],"character_chosen":"IRONCLAD","items_purchased":["Disarm","Shrug It Off"],"campfire_rested":0,"item_purchase_floors":[13,13],"current_hp_per_floor":[79,73,73,78,78,78,47,47,47,14,17,17,17,16,16,0],"gold":94,"neow_bonus":"TEN_PERCENT_HP_BONUS","is_prod":false,"is_daily":false,"chose_seed":false,"campfire_upgraded":3,"win_rate":0,"timestamp":1555879942,"path_taken":["M","M","?","?","?","R","E","?","T","E","M","R","$","M","R","BOSS"],"build_version":"2019-01-23","purchased_purges":1,"victory":false,"max_hp_per_floor":[82,82,82,87,87,87,87,87,87,87,87,87,87,87,87,87],"card_choices":[{"not_picked":["Clothesline","Infernal Blade"],"picked":"Whirlwind","floor":1},{"not_picked":["Havoc","Hemokinesis"],"picked":"Infernal Blade","floor":2},{"not_picked":["Reckless Charge","Flex"],"picked":"Headbutt","floor":7},{"not_picked":["Blood for Blood+1","Evolve"],"picked":"Body Slam+1","floor":10},{"not_picked":["Entrench","Thunderclap+1"],"picked":"Havoc","floor":11},{"not_picked":["Twin Strike+1","Anger+1"],"picked":"Cleave+1","floor":14}],"player_experience":221933,"relics_obtained":[{"floor":7,"key":"Molten Egg 2"},{"floor":9,"key":"Self Forming Clay"},{"floor":10,"key":"Lantern"}],"event_choices":[{"damage_healed":0,"gold_gain":0,"player_choice":"Ignored","damage_taken":0,"max_hp_gain":0,"max_hp_loss":0,"event_name":"Liars Game","floor":3,"gold_loss":0},{"damage_healed":0,"gold_gain":0,"player_choice":"Donut","damage_taken":0,"max_hp_gain":5,"max_hp_loss":0,"event_name":"Big Fish","floor":4,"gold_loss":0},{"damage_healed":0,"gold_gain":0,"player_choice":"Take Wound","damage_taken":0,"relics_obtained":["Golden Idol"],"max_hp_gain":0,"max_hp_loss":0,"event_name":"Golden Idol","floor":5,"gold_loss":0,"cards_obtained":["Injury"]},{"damage_healed":0,"gold_gain":0,"player_choice":"1 cards matched","damage_taken":0,"max_hp_gain":0,"max_hp_loss":0,"event_name":"Match and Keep!","floor":8,"gold_loss":0,"cards_obtained":["Bash"]}],"is_beta":false,"boss_relics":[],"items_purged_floors":[13],"is_endless":false,"potions_floor_spawned":[1,2,11,14],"killed_by":"Hexaghost","ascension_level":18}