{"gold_per_floor":[109,127,127,184,196,196,223,223,223,242,242,273,273,293,293,365,365,383,383,400,22,22,49,49,62,109,109,123,123,123,135,135,135],"floor_reached":33,"playtime":1352,"items_purged":[],"score":509,"play_id":"103e61e7-82b1-4fba-a597-6e3cb4f652ca","local_time":"20190420130703","is_ascension_mode":true,"campfire_choices":[{"floor":6,"key":"REST"},{"data":"Searing Blow","floor":8,"key":"SMITH"},{"data":"Searing Blow+1","floor":11,"key":"SMITH"},{"data":"Searing Blow+2","floor":13,"key":"SMITH"},{"data":"Searing Blow+3","floor":15,"key":"SMITH"},{"data":"Searing Blow+4","floor":24,"key":"SMITH"},{"data":"Searing Blow+5","floor":27,"key":"SMITH"},{"data":"Immolate","floor":30,"key":"SMITH"},{"data":"Searing Blow+6","floor":32,"key":"SMITH"}],"neow_cost":"PERCENT_DAMAGE","seed_source_timestamp":285889829554833,"circlet_count":0,"master_deck":["AscendersBane","Strike_R+1","Strike_R","Strike_R","Strike_R","Defend_R","Defend_R","Defend_R","Defend_R+1","Bash","Perfected Strike","Searing Blow+7","Immolate+1","Shrug It Off+1","Seeing Red+1","Battle Trance+1","Evolve","Offering+1","Spot Weakness+1","Shrug It Off+1","Armaments+1","True Grit+1","Ghostly+1","Ghostly+1","Ghostly+1"],"relics":["Burning Blood","Ice Cream","Toxic Egg 2","Sundial","Pantograph","Velvet Choker","Mummified Hand","Bottled Tornado","Lantern"],"potions_floor_usage":[12,16,16,23,33],"damage_taken":[{"damage":1,"enemies":"Small Slimes","floor":1,"turns":4},{"damage":7,"enemies":"Jaw Worm","floor":2,"turns":2},{"damage":6,"enemies":"Cultist","floor":5,"turns":3},{"damage":17,"enemies":"3 Sentries","floor":7,"turns":6},{"damage":15,"enemies":"3 Louse","floor":10,"turns":4},{"damage":16,"enemies":"Gremlin Nob","floor":12,"turns":3},{"damage":15,"enemies":"Gremlin Gang","floor":14,"turns":3},{"damage":16,"enemies":"Hexaghost","floor":16,"turns":8},{"damage":22,"enemies":"2 Thieves","floor":18,"turns":3},{"damage":14,"enemies":"Chosen","floor":20,"turns":4},{"damage":32,"enemies":"Slavers","floor":23,"turns":4},{"damage":19,"enemies":"Snake Plant","floor":25,"turns":4},{"damage":0,"enemies":"Centurion and Healer","floor":28,"turns":5},{"damage":2,"enemies":"Snecko","floor":31,"turns":5},{"damage":38,"enemies":"Collector","floor":33,"turns":8}],"seed_played":"8353501120230478723","potions_obtained":[{"floor":7,"key":"Strength Potion"},{"floor":12,"key":"Strength Potion"},{"floor":14,"key":"EssenceOfSteel"},{"floor":16,"key":"PowerPotion"},{"floor":18,"key":"Strength Potion"},{"floor":23,"key":"FairyPotion"},{"floor":31,"key":"Block Potion"}],"is_trial":false,"path_per_floor":["M","M","?","?","M","R","E","R","T","M","R","E","R","M","R","B",null,"M","?","M","$","?","E","R","M","T","R","M","?","R","M","R","B"],"character_chosen":"IRONCLAD","items_purchased":["Shrug It Off+1","Armaments+1","Mummified Hand"],"campfire_rested":1,"item_purchase_floors":[21,21,21],"current_hp_per_floor":[55,54,31,31,31,53,42,42,42,33,33,23,23,14,14,29,64,48,48,40,40,40,14,14,10,10,10,16,16,16,20,20,0],"gold":135,"neow_bonus":"ONE_RARE_RELIC","is_prod":false,"is_daily":false,"chose_seed":false,"campfire_upgraded":8,"win_rate":0,"timestamp":1555790823,"path_taken":["M","M","?","?","M","R","E","R","T","M","R","E","R","M","R","BOSS","M","?","?","$","?","E","R","M","T","R","?","?","R","M","R","BOSS"],"build_version":"2019-01-23","purchased_purges":0,"victory":false,"max_hp_per_floor":[75,75,75,75,75,75,75,75,75,75,75,75,75,75,75,75,75,75,75,75,75,75,75,75,75,75,75,75,37,37,37,37,37],"card_choices":[{"not_picked":["Cleave","Twin Strike"],"picked":"Perfected Strike","floor":1},{"not_picked":["Armaments","Sword Boomerang"],"picked":"Searing Blow","floor":2},{"not_picked":["Iron Wave","Clash"],"picked":"Immolate","floor":5},{"not_picked":["Uppercut","Searing Blow"],"picked":"Shrug It Off","floor":7},{"not_picked":["Pommel Strike","Perfected Strike"],"picked":"Seeing Red+1","floor":10},{"not_picked":["Juggernaut","Anger"],"picked":"Battle Trance+1","floor":12},{"not_picked":["Rampage","Twin Strike","Thunderclap"],"picked":"SKIP","floor":14},{"not_picked":["Clash+1","Intimidate+1"],"picked":"Evolve","floor":18},{"not_picked":["Iron Wave","Havoc+1"],"picked":"Spot Weakness+1","floor":20},{"not_picked":["Fire Breathing","Blood for Blood","Armaments+1"],"picked":"SKIP","floor":23},{"not_picked":["Evolve","Inflame"],"picked":"True Grit+1","floor":25},{"not_picked":["Flex+1","Fire Breathing","Sword Boomerang"],"picked":"SKIP","floor":28},{"not_picked":["Rupture","Thunderclap+1","Clash+1"],"picked":"SKIP","floor":31}],"player_experience":218142,"relics_obtained":[{"floor":7,"key":"Toxic Egg 2"},{"floor":9,"key":"Sundial"},{"floor":12,"key":"Pantograph"},{"floor":23,"key":"Bottled Tornado"},{"floor":26,"key":"Lantern"}],"event_choices":[{"damage_healed":0,"gold_gain":0,"player_choice":"Entered Light","damage_taken":23,"max_hp_gain":0,"max_hp_loss":0,"event_name":"Shining Light","floor":3,"gold_loss":0,"cards_upgraded":["Strike_R","Defend_R"]},{"damage_healed":0,"gold_gain":57,"player_choice":"Gained Gold","damage_taken":0,"max_hp_gain":0,"max_hp_loss":0,"event_name":"Golden Wing","floor":4,"gold_loss":0},{"damage_healed":0,"gold_gain":0,"player_choice":"1 cards matched","damage_taken":0,"max_hp_gain":0,"max_hp_loss":0,"event_name":"Match and Keep!","floor":19,"gold_loss":0,"cards_obtained":["Offering"]},{"cards_removed":["Strike_R"],"damage_healed":0,"gold_gain":0,"player_choice":"Offered Basic","damage_taken":0,"max_hp_gain":0,"max_hp_loss":0,"event_name":"Bonfire Elementals","floor":22,"gold_loss":0},{"damage_healed":0,"gold_gain":0,"player_choice":"Became a Ghost","damage_taken":0,"max_hp_gain":0,"max_hp_loss":38,"event_name":"Ghosts","floor":29,"gold_loss":0,"cards_obtained":["Ghostly","Ghostly","Ghostly"]}],"is_beta":false,"boss_relics":[{"not_picked":["Pandora\u0027s Box","Empty Cage"],"picked":"Velvet Choker"}],"items_purged_floors":[],"is_endless":false,"potions_floor_spawned":[7,12,14,16,18,23,31],"killed_by":"Collector","ascension_level":17}