{"gold_per_floor":[119,119,144,219,295,328,75,106,186,14,30,49,49,70,70,160,160,173,194,194,17,17,17,17,61,61,85,118,118,24,39,39,134,134,148,161,55,0,0,0,19,54,77,77,77,121,29,49,49,49],"floor_reached":50,"playtime":3656,"items_purged":["Strike_R","Strike_R"],"score":1035,"play_id":"f32fe908-e76f-4cde-b000-1b1201448057","local_time":"20190421215548","is_ascension_mode":true,"campfire_choices":[{"floor":13,"key":"REST"},{"data":"Juggernaut","floor":15,"key":"SMITH"},{"data":"Shockwave","floor":23,"key":"SMITH"},{"floor":29,"key":"REST"},{"data":"Spot Weakness","floor":32,"key":"SMITH"},{"data":"Limit Break","floor":40,"key":"SMITH"},{"floor":44,"key":"REST"},{"data":"Feel No Pain","floor":49,"key":"SMITH"}],"neow_cost":"PERCENT_DAMAGE","seed_source_timestamp":341510437856583,"circlet_count":0,"master_deck":["AscendersBane","Strike_R","Defend_R","Defend_R","Defend_R","Defend_R","Bash","Anger","Carnage","Shrug It Off","Rage","Clothesline+1","Juggernaut+1","Shockwave+1","Immolate+1","Feel No Pain+1","Armaments","Spot Weakness+1","Seeing Red","Limit Break+1","Shockwave","Corruption","Metallicize","Headbutt+1","Feed+1","Spot Weakness","Feel No Pain+1","Shrug It Off","Finesse","Battle Trance","Doubt","Offering","Shrug It Off","Havoc+1"],"relics":["Burning Blood","Golden Idol","Pantograph","MawBank","The Courier","Molten Egg 2","Vajra","Sozu","MutagenicStrength","Ancient Tea Set","Thread and Needle","Mango","Bag of Preparation","Empty Cage","Red Mask","Bag of Marbles","Centennial Puzzle","Smiling Mask"],"potions_floor_usage":[8,8,16,16],"damage_taken":[{"damage":11,"enemies":"Jaw Worm","floor":1,"turns":6},{"damage":5,"enemies":"2 Louse","floor":3,"turns":2},{"damage":30,"enemies":"Gremlin Nob","floor":6,"turns":4},{"damage":22,"enemies":"3 Sentries","floor":8,"turns":7},{"damage":0,"enemies":"Small Slimes","floor":11,"turns":2},{"damage":6,"enemies":"Blue Slaver","floor":12,"turns":4},{"damage":8,"enemies":"Exordium Wildlife","floor":14,"turns":4},{"damage":51,"enemies":"Slime Boss","floor":16,"turns":9},{"damage":0,"enemies":"Chosen","floor":18,"turns":3},{"damage":0,"enemies":"Spheric Guardian","floor":19,"turns":3},{"damage":47,"enemies":"Gremlin Leader","floor":25,"turns":8},{"damage":8,"enemies":"3 Cultists","floor":27,"turns":3},{"damage":35,"enemies":"Slavers","floor":28,"turns":7},{"damage":9,"enemies":"Shelled Parasite and Fungi","floor":31,"turns":6},{"damage":20,"enemies":"Champ","floor":33,"turns":8},{"damage":17,"enemies":"3 Darklings","floor":35,"turns":3},{"damage":0,"enemies":"3 Shapes","floor":36,"turns":3},{"damage":24,"enemies":"Spire Growth","floor":41,"turns":4},{"damage":61,"enemies":"Reptomancer","floor":42,"turns":6},{"damage":27,"enemies":"Nemesis","floor":46,"turns":7},{"damage":6,"enemies":"Jaw Worm Horde","floor":48,"turns":1},{"damage":128,"enemies":"Awakened One","floor":50,"turns":10}],"seed_played":"-669579061590615436","potions_obtained":[{"floor":8,"key":"Explosive Potion"},{"floor":12,"key":"Poison Potion"},{"floor":14,"key":"PowerPotion"}],"is_trial":false,"path_per_floor":["?","?","T","$","?","?","?","$","?","?","?","$"],"character_chosen":"IRONCLAD","items_purchased":["Shrug It Off","Fire Potion","GamblersBrew","Vajra","Clothesline+1","Ancient Tea Set","Armaments","Corruption","Metallicize","Feel No Pain","Shrug It Off","Shrug It Off"],"campfire_rested":3,"item_purchase_floors":[7,7,7,10,10,21,21,30,30,37,37,47],"current_hp_per_floor":[59,59,60,49,49,25,25,9,9,9,15,15,39,37,37,17,65,71,77,77,77,77,77,77,36,50,48,19,47,47,44,44,55,85,78,88,88,88,88,88,70,15,15,45,103,82,82,82,82,0],"gold":49,"neow_bonus":"TWENTY_PERCENT_HP_BONUS","is_prod":false,"is_daily":false,"chose_seed":false,"campfire_upgraded":5,"win_rate":0,"timestamp":1555880148,"path_taken":["M","?","M","?","?","E","$","E","T","?","M","M","R","M","R","BOSS","M","M","?","$","?","R","?","E","T","M","E","R","?","M","R","BOSS","M","M","$","?","?","R","M","E","T","R","?","E","?","M","R","BOSS"],"build_version":"2019-01-23","purchased_purges":2,"victory":false,"max_hp_per_floor":[89,81,81,81,81,81,81,81,81,81,81,81,81,81,81,81,81,81,81,81,81,81,81,81,81,95,95,95,95,95,95,95,95,95,99,103,103,103,103,103,103,103,103,103,103,103,103,103,103,107],"card_choices":[{"not_picked":["Twin Strike","Warcry"],"picked":"Anger","floor":1},{"not_picked":["Dropkick","Searing Blow","Rage"],"picked":"SKIP","floor":3},{"not_picked":["Dual Wield","Perfected Strike"],"picked":"Carnage","floor":6},{"not_picked":["Headbutt","Metallicize"],"picked":"Rage","floor":8},{"not_picked":["Corruption","Clothesline+1"],"picked":"Juggernaut","floor":11},{"not_picked":["Rupture","Flex","Warcry"],"picked":"SKIP","floor":12},{"not_picked":["Twin Strike+1","Iron Wave+1"],"picked":"Shockwave","floor":14},{"not_picked":["Double Tap","Berserk"],"picked":"Immolate+1","floor":16},{"not_picked":["Anger+1","Warcry","Iron Wave+1"],"picked":"SKIP","floor":18},{"not_picked":["Cleave+1","Ghostly Armor"],"picked":"Feel No Pain+1","floor":19},{"not_picked":["Sword Boomerang+1","Iron Wave+1"],"picked":"Seeing Red","floor":25},{"not_picked":["Intimidate","Armaments"],"picked":"Limit Break","floor":27},{"not_picked":["Warcry","Clash+1"],"picked":"Shockwave","floor":28},{"not_picked":["Infernal Blade+1","Clash+1"],"picked":"Headbutt+1","floor":31},{"not_picked":["Immolate+1","Brutality"],"picked":"Feed+1","floor":33},{"not_picked":["Armaments","Cleave+1","Iron Wave+1"],"picked":"SKIP","floor":35},{"not_picked":["Twin Strike+1","Searing Blow+1"],"picked":"Spot Weakness","floor":36},{"not_picked":["Impatience","Mind Blast+1"],"picked":"Finesse","floor":39},{"not_picked":["Carnage+1","Perfected Strike+1","Intimidate"],"picked":"SKIP","floor":41},{"not_picked":["Clothesline+1","Flex"],"picked":"Battle Trance","floor":42},{"not_picked":["Warcry+1","Rampage+1"],"picked":"Offering","floor":46},{"not_picked":["Perfected Strike+1","Flex+1"],"picked":"Havoc+1","floor":48}],"player_experience":683242,"relics_obtained":[{"floor":5,"key":"Pantograph"},{"floor":6,"key":"MawBank"},{"floor":8,"key":"The Courier"},{"floor":9,"key":"Molten Egg 2"},{"floor":25,"key":"Thread and Needle"},{"floor":26,"key":"Mango"},{"floor":28,"key":"Bag of Preparation"},{"floor":42,"key":"Bag of Marbles"},{"floor":43,"key":"Centennial Puzzle"},{"floor":46,"key":"Smiling Mask"}],"event_choices":[{"damage_healed":0,"gold_gain":0,"player_choice":"Lose Max HP","damage_taken":0,"relics_obtained":["Golden Idol"],"max_hp_gain":0,"max_hp_loss":8,"event_name":"Golden Idol","floor":2,"gold_loss":0},{"damage_healed":0,"gold_gain":75,"player_choice":"Gather Gold","damage_taken":11,"max_hp_gain":0,"max_hp_loss":0,"event_name":"World of Goop","floor":4,"gold_loss":0},{"damage_healed":0,"gold_gain":0,"player_choice":"Inject Mutagens","damage_taken":0,"relics_obtained":["MutagenicStrength"],"max_hp_gain":0,"max_hp_loss":0,"event_name":"Drug Dealer","floor":20,"gold_loss":0},{"damage_healed":0,"gold_gain":0,"player_choice":"Read","damage_taken":0,"max_hp_gain":0,"max_hp_loss":0,"event_name":"The Library","floor":22,"gold_loss":0,"cards_obtained":["Spot Weakness"]},{"damage_healed":0,"gold_gain":0,"player_choice":"Ignored","damage_taken":0,"max_hp_gain":0,"max_hp_loss":0,"event_name":"Beggar","floor":24,"gold_loss":0},{"damage_healed":0,"gold_gain":0,"player_choice":"Paid","damage_taken":0,"relics_obtained":["Red Mask"],"max_hp_gain":0,"max_hp_loss":0,"event_name":"Tomb of Lord Red Mask","floor":38,"gold_loss":55},{"damage_healed":0,"gold_gain":0,"player_choice":"Memory 1","damage_taken":0,"max_hp_gain":0,"max_hp_loss":0,"event_name":"SensoryStone","floor":39,"gold_loss":0},{"damage_healed":58,"gold_gain":0,"player_choice":"Heal","damage_taken":0,"max_hp_gain":0,"max_hp_loss":0,"event_name":"MindBloom","floor":45,"gold_loss":0,"cards_obtained":["Doubt"]}],"is_beta":false,"boss_relics":[{"not_picked":["Eternal Feather","Coffee Dripper"],"picked":"Sozu"},{"not_picked":["White Beast Statue","Runic Dome"],"picked":"Empty Cage"}],"items_purged_floors":[7,47],"is_endless":false,"potions_floor_spawned":[8,12,14,18,28,31,35,41,46],"killed_by":"Awakened One","ascension_level":17}