{"gold_per_floor":[118,130,141,153,173,203,203,203,203,213,213,213,231,241,241,337,337,309,320,25,25,25,25,25],"floor_reached":24,"playtime":1278,"items_purged":[],"score":200,"play_id":"784e5bea-d433-43d7-a762-3e2238d35a18","local_time":"20190207212217","is_ascension_mode":false,"campfire_choices":[{"floor":7.0,"key":"RECALL"},{"data":"Double Tap","floor":12.0,"key":"SMITH"},{"floor":15.0,"key":"REST"},{"floor":23.0,"key":"REST"}],"neow_cost":"NONE","seed_source_timestamp":1217218050684763,"circlet_count":0,"master_deck":["Strike_R","Strike_R","Strike_R+1","Strike_R+1","Strike_R","Defend_R","Defend_R","Defend_R","Defend_R","Bash","Double Tap+1","Pummel","Iron Wave","Clothesline","Fire Breathing","Entrench","Shrug It Off","Bash","Dual Wield","Iron Wave","Rage","Barricade","Seeing Red+1","Metallicize","Dropkick"],"special_seed":0,"relics":["Burning Blood","Strawberry","Eternal Feather","Regal Pillow","Nilry\u0027s Codex"],"potions_floor_usage":[24],"damage_taken":[{"damage":0.0,"enemies":"Small Slimes","floor":1.0,"turns":3.0},{"damage":6.0,"enemies":"Cultist","floor":2.0,"turns":3.0},{"damage":0.0,"enemies":"2 Louse","floor":3.0,"turns":3.0},{"damage":10.0,"enemies":"Exordium Wildlife","floor":4.0,"turns":3.0},{"damage":12.0,"enemies":"Red Slaver","floor":5.0,"turns":4.0},{"damage":11.0,"enemies":"Gremlin Nob","floor":6.0,"turns":4.0},{"damage":29.0,"enemies":"Exordium Thugs","floor":10.0,"turns":3.0},{"damage":8.0,"enemies":"3 Louse","floor":13.0,"turns":4.0},{"damage":20.0,"enemies":"Looter","floor":14.0,"turns":3.0},{"damage":40.0,"enemies":"Hexaghost","floor":16.0,"turns":14.0},{"damage":32.0,"enemies":"2 Thieves","floor":18.0,"turns":5.0},{"damage":23.0,"enemies":"Chosen","floor":19.0,"turns":6.0},{"damage":85,"enemies":"Gremlin Leader","floor":24,"turns":8}],"seed_played":"6503833704941845662","potions_obtained":[{"floor":1.0,"key":"PowerPotion"},{"floor":3.0,"key":"Block Potion"},{"floor":5.0,"key":"Fruit Juice"},{"floor":6.0,"key":"Explosive Potion"},{"floor":18.0,"key":"SteroidPotion"}],"is_trial":false,"path_per_floor":["M","M","M","M","M","E","R","?","T","M","?","R","M","M","R","B",null,"M","M","$","?","?","R","E"],"character_chosen":"IRONCLAD","items_purchased":["Metallicize","Regal Pillow","Dropkick"],"campfire_rested":2,"item_purchase_floors":[20,20,20],"current_hp_per_floor":[80,80,80,76,70,77,77,77,77,54,36,36,34,20,47,13,92,66,49,49,33,24,81,0],"gold":25,"neow_bonus":"ONE_RANDOM_RARE_CARD","is_prod":false,"is_daily":false,"chose_seed":false,"campfire_upgraded":1,"win_rate":0,"timestamp":1549592537,"path_taken":["M","M","M","M","M","E","R","?","T","?","?","R","M","M","R","BOSS","M","M","$","?","?","R","E"],"build_version":"2019-01-23","purchased_purges":0,"victory":false,"max_hp_per_floor":[80,80,80,80,80,92,92,92,92,92,92,92,92,92,92,92,92,92,92,92,92,92,92,92],"card_choices":[{"not_picked":["Pommel Strike","Sever Soul"],"picked":"Pummel","floor":1.0},{"not_picked":["Twin Strike","Sword Boomerang"],"picked":"Iron Wave","floor":2.0},{"not_picked":["Pommel Strike","Wild Strike"],"picked":"Clothesline","floor":3.0},{"not_picked":["Power Through","Clash"],"picked":"Fire Breathing","floor":4.0},{"not_picked":["Anger","Iron Wave","Whirlwind"],"picked":"SKIP","floor":5.0},{"not_picked":["Dropkick","Burning Pact"],"picked":"Entrench","floor":6.0},{"not_picked":["Anger","Wild Strike"],"picked":"Dual Wield","floor":10.0},{"not_picked":["Blood for Blood","Anger"],"picked":"Iron Wave","floor":13.0},{"not_picked":["Evolve","Thunderclap"],"picked":"Rage","floor":14.0},{"not_picked":["Limit Break","Offering"],"picked":"Barricade","floor":16.0},{"not_picked":["Clash+1","Sentinel","Pummel"],"picked":"SKIP","floor":18.0},{"not_picked":["Reckless Charge+1","Thunderclap+1"],"picked":"Seeing Red+1","floor":19.0}],"player_experience":175153,"relics_obtained":[{"floor":6.0,"key":"Strawberry"},{"floor":21.0,"key":"Nilry\u0027s Codex"}],"event_choices":[{"damage_healed":0.0,"max_hp_gain":0.0,"max_hp_loss":0.0,"gold_gain":0.0,"event_name":"Match and Keep!","player_choice":"2 cards matched","floor":8.0,"gold_loss":0.0,"damage_taken":0.0,"cards_obtained":["Shrug It Off","Bash"]},{"damage_healed":0.0,"max_hp_gain":0.0,"max_hp_loss":0.0,"gold_gain":0.0,"event_name":"Shining Light","player_choice":"Entered Light","floor":11.0,"gold_loss":0.0,"damage_taken":18.0,"cards_upgraded":["Strike_R","Strike_R"]},{"damage_healed":0.0,"max_hp_gain":0.0,"max_hp_loss":0.0,"gold_gain":0.0,"event_name":"Cursed Tome","player_choice":"Obtained Book","floor":21.0,"gold_loss":0.0,"damage_taken":16.0},{"damage_healed":0.0,"max_hp_gain":0.0,"max_hp_loss":0.0,"gold_gain":0.0,"event_name":"Wheel of Change","player_choice":"Damaged","floor":22.0,"gold_loss":0.0,"damage_taken":9.0}],"is_beta":false,"boss_relics":[{"not_picked":["Runic Cube","Sozu"],"picked":"Eternal Feather"}],"items_purged_floors":[],"is_endless":false,"potions_floor_spawned":[1,3,5,6,18],"killed_by":"Gremlin Leader","ascension_level":0}