{"gold_per_floor":[113,113,113,113,126,169,185,225,272,272,72,72,92,105,105,236,236,260,276,56,74,93,129,142,142,142,157,192,192,107,128,128,257,257,277,22,41,41,41,41],"floor_reached":40,"playtime":2001,"items_purged":[],"score":438,"play_id":"e34cdac3-cf1f-4b78-a2a6-e13a38c80b37","local_time":"20190208164621","is_ascension_mode":false,"campfire_choices":[{"floor":12.0,"key":"RECALL"},{"floor":15.0,"key":"REST"},{"floor":25.0,"key":"REST"},{"data":"Double Tap","floor":29.0,"key":"SMITH"},{"data":"Double Tap","floor":32.0,"key":"SMITH"}],"neow_cost":"NONE","seed_source_timestamp":1286428899015177,"circlet_count":0,"master_deck":["Strike_R","Strike_R","Strike_R","Strike_R","Defend_R","Defend_R","Defend_R","Defend_R","Bash+1","Infernal Blade","Thunderclap+1","Pummel+1","Sword Boomerang+1","Disarm","Body Slam+1","Flex","Double Tap+1","Carnage+1","Inflame","Metallicize","Twin Strike+1","Cleave+1","Searing Blow+1","Double Tap+1","Twin Strike+1","Barricade","Headbutt+1","Uppercut+1"],"special_seed":0,"relics":["Burning Blood","Molten Egg 2","Golden Idol","Ancient Tea Set","Question Card","Sling","Velvet Choker","Bronze Scales","Matryoshka","Art of War","Calipers","Omamori","Vajra","Philosopher\u0027s Stone","Mercury Hourglass"],"potions_floor_usage":[40],"damage_taken":[{"damage":11.0,"enemies":"Jaw Worm","floor":1.0,"turns":2.0},{"damage":7.0,"enemies":"Small Slimes","floor":5.0,"turns":3.0},{"damage":8.0,"enemies":"Gremlin Nob","floor":6.0,"turns":3.0},{"damage":0.0,"enemies":"2 Louse","floor":7.0,"turns":1.0},{"damage":26.0,"enemies":"Lagavulin","floor":8.0,"turns":5.0},{"damage":3.0,"enemies":"Looter","floor":13.0,"turns":2.0},{"damage":21.0,"enemies":"Exordium Thugs","floor":14.0,"turns":3.0},{"damage":44.0,"enemies":"The Guardian","floor":16.0,"turns":20.0},{"damage":16.0,"enemies":"2 Thieves","floor":18.0,"turns":3.0},{"damage":0.0,"enemies":"Chosen","floor":19.0,"turns":3.0},{"damage":30.0,"enemies":"Snecko","floor":21.0,"turns":4.0},{"damage":21.0,"enemies":"Snake Plant","floor":22.0,"turns":3.0},{"damage":18.0,"enemies":"Book of Stabbing","floor":23.0,"turns":3.0},{"damage":6.0,"enemies":"Cultist and Chosen","floor":24.0,"turns":3.0},{"damage":2.0,"enemies":"Sentry and Sphere","floor":27.0,"turns":3.0},{"damage":23.0,"enemies":"Gremlin Leader","floor":28.0,"turns":5.0},{"damage":3.0,"enemies":"Centurion and Healer","floor":31.0,"turns":3.0},{"damage":49.0,"enemies":"Collector","floor":33.0,"turns":5.0},{"damage":12.0,"enemies":"Orb Walker","floor":35.0,"turns":3.0},{"damage":21.0,"enemies":"3 Shapes","floor":37.0,"turns":3.0},{"damage":72,"enemies":"Nemesis","floor":40,"turns":3}],"seed_played":"-7941924278568234691","potions_obtained":[{"floor":1.0,"key":"Swift Potion"},{"floor":8.0,"key":"BloodPotion"},{"floor":14.0,"key":"GamblersBrew"},{"floor":16.0,"key":"Explosive Potion"},{"floor":19.0,"key":"Fruit Juice"},{"floor":21.0,"key":"SkillPotion"},{"floor":22.0,"key":"LiquidBronze"},{"floor":33.0,"key":"Fire Potion"},{"floor":37.0,"key":"FearPotion"}],"is_trial":false,"path_per_floor":["M","?","?","?","M","E","M","E","T","?","$","R","M","M","R","B",null,"M","M","$","M","M","E","M","R","T","M","E","R","?","M","R","B",null,"M","$","M","?","$","E"],"character_chosen":"IRONCLAD","items_purchased":["Sling","Bronze Scales","Inflame","Mercury Hourglass"],"campfire_rested":2,"item_purchase_floors":[11,20,20,36],"current_hp_per_floor":[75,80,68,68,67,65,71,51,51,44,44,44,47,40,65,27,85,75,81,81,57,47,35,35,62,62,66,49,49,49,52,52,9,90,84,84,69,69,69,0],"gold":41,"neow_bonus":"UPGRADE_CARD","is_prod":false,"is_daily":false,"chose_seed":false,"campfire_upgraded":2,"win_rate":0,"timestamp":1549662381,"path_taken":["M","?","?","?","M","E","M","E","T","?","?","R","M","M","R","BOSS","M","M","$","M","M","E","M","R","T","M","E","R","?","M","R","BOSS","M","$","M","?","?","E"],"build_version":"2019-01-23","purchased_purges":0,"victory":false,"max_hp_per_floor":[80,85,85,85,85,85,85,85,85,85,85,85,85,85,85,85,85,85,85,85,85,90,90,90,90,90,90,90,90,90,90,90,90,90,90,90,90,90,90,90],"card_choices":[{"not_picked":["Pommel Strike","Flex"],"picked":"Infernal Blade","floor":1.0},{"not_picked":["Disarm","Headbutt+1"],"picked":"Thunderclap+1","floor":5.0},{"not_picked":["Flex","Sever Soul+1"],"picked":"Pummel+1","floor":6.0},{"not_picked":["Pommel Strike+1","Flex"],"picked":"Sword Boomerang+1","floor":7.0},{"not_picked":["Flame Barrier","Sentinel"],"picked":"Disarm","floor":8.0},{"not_picked":["Reckless Charge+1","Warcry","Intimidate"],"picked":"Body Slam+1","floor":13.0},{"not_picked":["True Grit","Havoc","Shrug It Off"],"picked":"Flex","floor":14.0},{"not_picked":["Immolate+1","Bludgeon+1","Dark Embrace"],"picked":"Double Tap","floor":16.0},{"not_picked":["Warcry","True Grit","Combust","Flex"],"picked":"SKIP","floor":18.0},{"not_picked":["Intimidate","Armaments","Clash+1"],"picked":"Carnage+1","floor":19.0},{"not_picked":["Flex","Searing Blow+1","Hemokinesis+1"],"picked":"Metallicize","floor":21.0},{"not_picked":["True Grit","Flex","Havoc+1","Combust"],"picked":"SKIP","floor":22.0},{"not_picked":["Rupture+1","Iron Wave+1","Carnage+1"],"picked":"Twin Strike+1","floor":23.0},{"not_picked":["Carnage+1","Power Through+1","Warcry+1"],"picked":"Cleave+1","floor":24.0},{"not_picked":["Pommel Strike+1","Heavy Blade+1","Body Slam+1"],"picked":"Searing Blow+1","floor":27.0},{"not_picked":["Disarm","Wild Strike+1","Twin Strike+1"],"picked":"Double Tap","floor":28.0},{"not_picked":["Combust","Carnage+1","Rage"],"picked":"Twin Strike+1","floor":31.0},{"not_picked":["Exhume","Demon Form","Offering"],"picked":"Barricade","floor":33.0},{"not_picked":["Pommel Strike+1","Intimidate","Shrug It Off+1"],"picked":"Headbutt+1","floor":35.0},{"not_picked":["Thunderclap+1","Shrug It Off+1","Armaments"],"picked":"Uppercut+1","floor":37.0}],"player_experience":178790,"relics_obtained":[{"floor":6.0,"key":"Ancient Tea Set"},{"floor":8.0,"key":"Question Card"},{"floor":23.0,"key":"Matryoshka"},{"floor":26.0,"key":"Art of War"},{"floor":26.0,"key":"Calipers"},{"floor":28.0,"key":"Omamori"}],"event_choices":[{"damage_healed":0.0,"max_hp_gain":5.0,"max_hp_loss":0.0,"gold_gain":0.0,"event_name":"Big Fish","player_choice":"Donut","floor":2.0,"gold_loss":0.0,"damage_taken":0.0},{"damage_healed":0.0,"max_hp_gain":0.0,"max_hp_loss":0.0,"gold_gain":0.0,"event_name":"Scrap Ooze","player_choice":"Success","floor":3.0,"gold_loss":0.0,"damage_taken":12.0,"relics_obtained":["Molten Egg 2"]},{"damage_healed":0.0,"max_hp_gain":0.0,"max_hp_loss":0.0,"gold_gain":0.0,"event_name":"Golden Idol","player_choice":"Take Wound","floor":4.0,"gold_loss":0.0,"damage_taken":0.0,"relics_obtained":["Golden Idol"],"cards_obtained":["Injury"]},{"cards_removed":["Injury"],"damage_healed":0.0,"max_hp_gain":0.0,"max_hp_loss":0.0,"gold_gain":0.0,"event_name":"Golden Wing","player_choice":"Card Removal","floor":10.0,"gold_loss":0.0,"damage_taken":7.0},{"damage_healed":0.0,"max_hp_gain":0.0,"max_hp_loss":0.0,"gold_gain":0.0,"event_name":"Addict","player_choice":"Obtained Relic","floor":30.0,"gold_loss":85.0,"damage_taken":0.0,"relics_obtained":["Vajra"]},{"cards_removed":["Strike_R"],"damage_healed":0.0,"max_hp_gain":0.0,"max_hp_loss":0.0,"gold_gain":0.0,"event_name":"Purifier","player_choice":"Purged","floor":38.0,"gold_loss":0.0,"damage_taken":0.0}],"is_beta":false,"boss_relics":[{"not_picked":["Runic Dome","Ectoplasm"],"picked":"Velvet Choker"},{"not_picked":["Calling Bell","Orrery"],"picked":"Philosopher\u0027s Stone"}],"items_purged_floors":[],"is_endless":false,"potions_floor_spawned":[1,8,14,16,19,21,22,33,37],"killed_by":"Nemesis","ascension_level":0}