{"gold_per_floor":[112,129,129,143,68,68,103,118,118,131,144,144,144,162,162,293,293,317,242,242],"floor_reached":20,"playtime":642,"items_purged":["Decay"],"score":176,"play_id":"42cf92c7-fefe-4b6e-a740-5bd707a9075c","local_time":"20181029191821","is_ascension_mode":false,"campfire_choices":[{"data":"Demon Form","floor":6,"key":"SMITH"},{"floor":12,"key":"REST"},{"floor":15,"key":"REST"}],"neow_cost":"CURSE","seed_source_timestamp":94876280329800,"circlet_count":0,"master_deck":["Strike_R","Strike_R","Strike_R","Strike_R","Strike_R","Defend_R","Defend_R","Defend_R","Defend_R","Bash","Demon Form+1","Perfected Strike","Perfected Strike","Inflame","Heavy Blade","Armaments","Shrug It Off","Demon Form"],"relics":["Burning Blood","Golden Idol","Matryoshka","Dream Catcher","Mango","Mercury Hourglass","Busted Crown"],"potions_floor_usage":[16,16,20,20],"damage_taken":[{"damage":14,"enemies":"Small Slimes","floor":1,"turns":5},{"damage":20,"enemies":"Jaw Worm","floor":2,"turns":4},{"damage":3,"enemies":"2 Louse","floor":4,"turns":2},{"damage":27,"enemies":"Gremlin Nob","floor":7,"turns":4},{"damage":13,"enemies":"Large Slime","floor":8,"turns":4},{"damage":9,"enemies":"Exordium Wildlife","floor":10,"turns":3},{"damage":14,"enemies":"Blue Slaver","floor":11,"turns":4},{"damage":15,"enemies":"Exordium Thugs","floor":14,"turns":3},{"damage":16,"enemies":"Slime Boss","floor":16,"turns":10},{"damage":26,"enemies":"2 Thieves","floor":18,"turns":4},{"damage":49,"enemies":"Colosseum Slavers","floor":20,"turns":5},{"damage":36,"enemies":"Colosseum Nobs","floor":20,"turns":3}],"seed_played":"7714616592185284729","potions_obtained":[{"floor":4,"key":"FearPotion"},{"floor":10,"key":"Strength Potion"},{"floor":11,"key":"PowerPotion"},{"floor":16,"key":"FearPotion"}],"is_trial":false,"path_per_floor":["M","M","?","M","$","R","E","M","T","M","M","R","?","M","R","B",null,"M","?"],"character_chosen":"IRONCLAD","items_purchased":[],"campfire_rested":2,"item_purchase_floors":[],"current_hp_per_floor":[72,58,38,41,41,41,20,13,27,24,16,44,32,23,51,41,94,74,74,0],"gold":242,"neow_bonus":"THREE_RARE_CARDS","is_prod":false,"is_daily":false,"chose_seed":false,"campfire_upgraded":1,"win_rate":0,"timestamp":1540855101,"path_taken":["M","M","?","M","$","R","E","M","T","M","M","R","?","?","R","BOSS","M","?","?"],"build_version":"2018-10-29","purchased_purges":1,"victory":false,"max_hp_per_floor":[80,80,80,80,80,80,80,80,94,94,94,94,94,94,94,94,94,94,94,94],"card_choices":[{"not_picked":["Impervious","Feed"],"picked":"Demon Form","floor":0},{"not_picked":["Havoc","Iron Wave"],"picked":"Perfected Strike","floor":1},{"not_picked":["Anger","Second Wind"],"picked":"Perfected Strike","floor":2},{"not_picked":["Body Slam","Thunderclap","Anger"],"picked":"SKIP","floor":4},{"not_picked":["Clothesline","Thunderclap"],"picked":"Iron Wave","floor":7},{"not_picked":["Whirlwind","Immolate"],"picked":"Inflame","floor":8},{"not_picked":["Uppercut","Feel No Pain","Havoc"],"picked":"SKIP","floor":10},{"not_picked":["Wild Strike","Corruption"],"picked":"Heavy Blade","floor":11},{"not_picked":["Fire Breathing","Burning Pact"],"picked":"Armaments","floor":12},{"not_picked":["True Grit","Clash","Thunderclap"],"picked":"SKIP","floor":14},{"not_picked":["Cleave","Warcry"],"picked":"Shrug It Off","floor":15},{"not_picked":["Brutality","Juggernaut"],"picked":"Demon Form","floor":16},{"not_picked":["Fire Breathing"],"picked":"SKIP","floor":18}],"player_experience":263950,"relics_obtained":[{"floor":7,"key":"Matryoshka"},{"floor":9,"key":"Dream Catcher"},{"floor":9,"key":"Mango"}],"event_choices":[{"damage_healed":0,"gold_gain":0,"player_choice":"Take Damage","damage_taken":20,"relics_obtained":["Golden Idol"],"max_hp_gain":0,"max_hp_loss":0,"event_name":"Golden Idol","floor":3,"gold_loss":0},{"damage_healed":0,"gold_gain":0,"player_choice":"Success","damage_taken":12,"relics_obtained":["Mercury Hourglass"],"max_hp_gain":0,"max_hp_loss":0,"event_name":"Scrap Ooze","floor":13,"gold_loss":0},{"cards_removed":["Iron Wave"],"damage_healed":0,"gold_gain":0,"player_choice":"Gave Gold","damage_taken":0,"max_hp_gain":0,"max_hp_loss":0,"event_name":"Beggar","floor":19,"gold_loss":75},{"damage_healed":0,"gold_gain":0,"player_choice":"Fight","damage_taken":0,"max_hp_gain":0,"max_hp_loss":0,"event_name":"Colosseum","floor":20,"gold_loss":0},{"damage_healed":0,"gold_gain":0,"player_choice":"Fought Nobs","damage_taken":0,"max_hp_gain":0,"max_hp_loss":0,"event_name":"Colosseum","floor":20,"gold_loss":0}],"is_beta":true,"boss_relics":[{"not_picked":["Runic Dome","Runic Pyramid"],"picked":"Busted Crown"}],"items_purged_floors":[5],"is_endless":false,"potions_floor_spawned":[4,10,11,16,20],"killed_by":"Colosseum Nobs","ascension_level":0}