{"gold_per_floor":[209,284,298,318,124,124,154,154,225,257,257,271,288,9,9,110,110,120,140,65,79,48,48,48,77,101,112,112,21,35,66,66,171,171,184,201,301,301,301,301],"floor_reached":40,"playtime":2256,"items_purged":[],"score":543,"play_id":"aff6c8b8-7045-4f53-9680-cd0d944f0df9","local_time":"20190203231333","is_ascension_mode":true,"campfire_choices":[{"data":"Zap","floor":6.0,"key":"SMITH"},{"floor":8.0,"key":"REST"},{"floor":15.0,"key":"REST"},{"data":"Rainbow","floor":23,"key":"SMITH"},{"data":"Streamline","floor":28,"key":"SMITH"},{"floor":32,"key":"REST"}],"neow_cost":"NONE","seed_source_timestamp":0,"circlet_count":0,"master_deck":["Strike_B","Strike_B","Strike_B","Defend_B","Defend_B","Defend_B+1","Defend_B","Zap+1","Dualcast","Cold Snap","Undo","Cold Snap","Sunder","Streamline+1","Chill","Conserve Battery","Rainbow+1","Ball Lightning+1","Leap+1","Loop","Glacier","Self Repair+1","Echo Form","Apotheosis"],"special_seed":0,"relics":["FrozenCore","Boot","Pen Nib","The Courier","Meat on the Bone","Anchor","DataDisk","Velvet Choker","Ice Cream","Art of War","War Paint","Orichalcum","Incense Burner"],"potions_floor_usage":[25,25,25,33,40],"damage_taken":[{"damage":10.0,"enemies":"2 Louse","floor":1.0,"turns":3.0},{"damage":5.0,"enemies":"Jaw Worm","floor":3.0,"turns":5.0},{"damage":0.0,"enemies":"Small Slimes","floor":4.0,"turns":4.0},{"damage":48.0,"enemies":"Gremlin Nob","floor":7.0,"turns":5.0},{"damage":18.0,"enemies":"Lagavulin","floor":10.0,"turns":8.0},{"damage":1.0,"enemies":"2 Fungi Beasts","floor":12.0,"turns":3.0},{"damage":14.0,"enemies":"3 Louse","floor":13.0,"turns":3.0},{"damage":25.0,"enemies":"The Guardian","floor":16.0,"turns":15.0},{"damage":0,"enemies":"Shell Parasite","floor":18,"turns":6},{"damage":0,"enemies":"Chosen","floor":19,"turns":3},{"damage":0,"enemies":"Snecko","floor":21,"turns":5},{"damage":35,"enemies":"Book of Stabbing","floor":25,"turns":5},{"damage":0,"enemies":"Centurion and Healer","floor":27,"turns":5},{"damage":1,"enemies":"Snake Plant","floor":30,"turns":4},{"damage":7,"enemies":"Gremlin Leader","floor":31,"turns":7},{"damage":30,"enemies":"Automaton","floor":33,"turns":11},{"damage":4,"enemies":"3 Shapes","floor":35,"turns":6},{"damage":17,"enemies":"Orb Walker","floor":36,"turns":6},{"damage":0,"enemies":"Mind Bloom Boss Battle","floor":37,"turns":8},{"damage":84,"enemies":"Giant Head","floor":40,"turns":10}],"seed_played":"-6978221798662033746","potions_obtained":[{"floor":3.0,"key":"Swift Potion"},{"floor":7.0,"key":"SneckoOil"},{"floor":13.0,"key":"FearPotion"},{"floor":16.0,"key":"Explosive Potion"},{"floor":18,"key":"EssenceOfSteel"},{"floor":19,"key":"Poison Potion"},{"floor":31,"key":"PowerPotion"},{"floor":35,"key":"Ancient Potion"},{"floor":36,"key":"AttackPotion"}],"is_trial":false,"path_per_floor":["M","?","M","M","$","R","E","R","T","E","?","M","M","$","R","B",null,"M","M","?","M","$","R","?","E","T","M","R","?","M","E","R","B",null,"M","M","?","?","?","E"],"character_chosen":"DEFECT","items_purchased":["Undo","Boot","Anchor","DataDisk","Conserve Battery","Loop"],"campfire_rested":3,"item_purchase_floors":[5,5,14,14,14,22],"current_hp_per_floor":[65,54,49,49,49,49,1,23,23,5,5,16,14,14,36,23,62,62,62,62,62,62,62,48,25,25,37,37,37,48,41,65,57,74,80,63,80,80,80,0],"gold":301,"neow_bonus":"HUNDRED_GOLD","is_prod":false,"is_daily":false,"chose_seed":false,"campfire_upgraded":3,"win_rate":0,"timestamp":1549253613,"path_taken":["M","?","M","M","$","R","E","R","T","E","?","?","M","$","R","BOSS","M","M","?","M","$","R","?","E","T","M","R","?","?","E","R","BOSS","M","M","?","?","?","E"],"build_version":"2019-01-23","purchased_purges":0,"victory":false,"max_hp_per_floor":[75,75,75,75,75,75,75,75,75,75,75,75,75,75,75,75,75,75,75,75,75,75,75,80,80,80,80,80,80,80,80,80,80,80,80,80,80,80,80,80],"card_choices":[{"not_picked":["Steam","Redo"],"picked":"Coolheaded","floor":1.0},{"not_picked":["Steam Power","Hyperbeam","Redo"],"picked":"SKIP","floor":3.0},{"not_picked":["Capacitor","Turbo"],"picked":"Cold Snap","floor":4.0},{"not_picked":["Go for the Eyes","Sweeping Beam"],"picked":"Cold Snap","floor":7.0},{"not_picked":["Chaos","Rebound"],"picked":"Sunder","floor":10.0},{"not_picked":["Aggregate","Rebound"],"picked":"Streamline","floor":12.0},{"not_picked":["Turbo","Stack"],"picked":"Chill","floor":13.0},{"not_picked":["All For One","Multi-Cast"],"picked":"Rainbow","floor":16.0},{"not_picked":["Rebound+1","Leap"],"picked":"Ball Lightning+1","floor":18},{"not_picked":["Reprogram+1","Steam","Rebound"],"picked":"SKIP","floor":19},{"not_picked":["Beam Cell","Streamline+1"],"picked":"Leap+1","floor":21},{"not_picked":["Force Field","Sunder","Go for the Eyes+1"],"picked":"SKIP","floor":25},{"not_picked":["Rebound+1","Doom and Gloom"],"picked":"Glacier","floor":27},{"not_picked":["Hologram","Lockon","Leap"],"picked":"SKIP","floor":30},{"not_picked":["Meteor Strike","Redo+1"],"picked":"Self Repair+1","floor":31},{"not_picked":["Core Surge","Reboot"],"picked":"Echo Form","floor":33},{"not_picked":["Leap","Compile Driver+1","Hologram+1"],"picked":"SKIP","floor":35},{"not_picked":["Turbo","Aggregate","Cold Snap+1"],"picked":"SKIP","floor":36},{"not_picked":["Good Instincts","Impatience"],"picked":"Apotheosis","floor":38}],"player_experience":367414,"relics_obtained":[{"floor":7.0,"key":"Pen Nib"},{"floor":9.0,"key":"The Courier"},{"floor":10.0,"key":"Meat on the Bone"},{"floor":25,"key":"Ice Cream"},{"floor":26,"key":"Art of War"},{"floor":31,"key":"Orichalcum"},{"floor":37,"key":"Incense Burner"}],"event_choices":[{"damage_healed":0.0,"max_hp_gain":0.0,"max_hp_loss":0.0,"gold_gain":75.0,"event_name":"World of Goop","player_choice":"Gather Gold","floor":2.0,"gold_loss":0.0,"damage_taken":11.0},{"damage_healed":0.0,"max_hp_gain":0.0,"max_hp_loss":0.0,"gold_gain":0.0,"event_name":"Liars Game","player_choice":"Ignored","floor":11.0,"gold_loss":0.0,"damage_taken":0.0},{"cards_removed":["Strike_B"],"damage_healed":0,"gold_gain":0,"player_choice":"Gave Gold","damage_taken":0,"max_hp_gain":0,"max_hp_loss":0,"event_name":"Beggar","floor":20,"gold_loss":75},{"damage_healed":0,"gold_gain":0,"player_choice":"Shed Blood","damage_taken":19,"max_hp_gain":5,"max_hp_loss":0,"event_name":"Forgotten Altar","floor":24,"gold_loss":0},{"damage_healed":0,"gold_gain":0,"player_choice":"Paid Gold","damage_taken":0,"relics_obtained":["War Paint"],"max_hp_gain":0,"max_hp_loss":0,"event_name":"WeMeetAgain","floor":29,"gold_loss":91},{"damage_healed":0,"gold_gain":0,"player_choice":"Fight","damage_taken":0,"max_hp_gain":0,"max_hp_loss":0,"event_name":"MindBloom","floor":37,"gold_loss":0},{"damage_healed":0,"gold_gain":0,"player_choice":"Memory 1","damage_taken":0,"max_hp_gain":0,"max_hp_loss":0,"event_name":"SensoryStone","floor":38,"gold_loss":0},{"cards_removed":["Coolheaded"],"damage_healed":0,"gold_gain":0,"player_choice":"Removed Skill","damage_taken":0,"max_hp_gain":0,"max_hp_loss":0,"event_name":"Falling","floor":39,"gold_loss":0}],"is_beta":false,"boss_relics":[{"not_picked":["Black Star","Coffee Dripper"],"picked":"Velvet Choker"},{"not_picked":["Empty Cage","Snecko Eye"],"picked":"FrozenCore"}],"items_purged_floors":[],"is_endless":false,"potions_floor_spawned":[3,7,13,16,18,19,31,35,36],"killed_by":"Giant Head","ascension_level":5}