{"gold_per_floor":[109,109,124,141,155,155,155,155,229,262,262,242,261,211,211,310,310,320,44,44,44,62,90,107,107,107,140,153,153,35,45,45,140,140,150,150,17,17,17,30,30,42,88,88,104,79,79,79,79,79],"floor_reached":50,"playtime":7215,"items_purged":[],"score":608,"play_id":"b3b8a650-a9fb-4af8-a306-6612ca6e1bfc","local_time":"20190305160052","is_ascension_mode":true,"campfire_choices":[{"data":"Shockwave","floor":6.0,"key":"SMITH"},{"data":"Bash","floor":8.0,"key":"SMITH"},{"data":"Heavy Blade","floor":15.0,"key":"SMITH"},{"data":"Inflame","floor":25,"key":"SMITH"},{"data":"Feed","floor":29,"key":"SMITH"},{"data":"Metallicize","floor":32,"key":"SMITH"},{"data":"Rupture","floor":41,"key":"PURGE"},{"floor":44,"key":"REST"},{"floor":49,"key":"REST"}],"neow_cost":"NONE","seed_source_timestamp":0,"circlet_count":0,"master_deck":["Strike_R+1","Strike_R+1","Strike_R+1","Defend_R+1","Defend_R+1","Defend_R+1","Bash+1","Twin Strike+1","Warcry","Shockwave+1","Headbutt","Juggernaut","Heavy Blade+1","Feed+1","Inflame+1","Anger","Cleave","Corruption","Ghostly Armor","Spot Weakness","Metallicize+1","Heavy Blade","Fiend Fire","True Grit+1","Inflame+1","Iron Wave","Heavy Blade","Uppercut","Iron Wave","Flash of Steel"],"special_seed":0,"relics":["Burning Blood","Bottled Lightning","Orichalcum","Mark of Pain","Brimstone","Ornamental Fan","Peace Pipe","Art of War","Fusion Hammer","Bronze Scales","Strawberry"],"potions_floor_usage":[33,33,50,50],"damage_taken":[{"damage":6.0,"enemies":"Jaw Worm","floor":1.0,"turns":5.0},{"damage":1.0,"enemies":"Cultist","floor":3.0,"turns":3.0},{"damage":0.0,"enemies":"2 Louse","floor":4.0,"turns":3.0},{"damage":8.0,"enemies":"Blue Slaver","floor":5.0,"turns":3.0},{"damage":16.0,"enemies":"Gremlin Nob","floor":10.0,"turns":4.0},{"damage":4.0,"enemies":"Exordium Thugs","floor":12.0,"turns":4.0},{"damage":6.0,"enemies":"Red Slaver","floor":13.0,"turns":3.0},{"damage":28.0,"enemies":"The Guardian","floor":16.0,"turns":10.0},{"damage":2,"enemies":"Chosen","floor":18,"turns":4},{"damage":13,"enemies":"2 Thieves","floor":22,"turns":3},{"damage":16,"enemies":"Book of Stabbing","floor":23,"turns":3},{"damage":9,"enemies":"Snecko","floor":24,"turns":3},{"damage":0,"enemies":"Gremlin Leader","floor":27,"turns":4},{"damage":9,"enemies":"Cultist and Chosen","floor":28,"turns":4},{"damage":12,"enemies":"Snake Plant","floor":31,"turns":2},{"damage":40,"enemies":"Automaton","floor":33,"turns":5},{"damage":12,"enemies":"3 Darklings","floor":35,"turns":3},{"damage":3,"enemies":"3 Shapes","floor":40,"turns":2},{"damage":33,"enemies":"Sphere and 2 Shapes","floor":42,"turns":3},{"damage":15,"enemies":"4 Shapes","floor":45,"turns":3},{"damage":120,"enemies":"Awakened One","floor":50,"turns":8}],"seed_played":"-7569881671612343754","potions_obtained":[{"floor":3.0,"key":"PowerPotion"},{"floor":5.0,"key":"SteroidPotion"},{"floor":23,"key":"Weak Potion"},{"floor":24,"key":"SpeedPotion"},{"floor":31,"key":"SkillPotion"},{"floor":33,"key":"GamblersBrew"},{"floor":39,"key":"SmokeBomb"}],"is_trial":false,"path_per_floor":["?","M","?","?","?","?","?","M","?","T","?","M","?","?"],"character_chosen":"IRONCLAD","items_purchased":["Inflame","Brimstone","Metallicize","Heavy Blade","EssenceOfSteel","Iron Wave","Iron Wave"],"campfire_rested":2,"item_purchase_floors":[19,19,30,30,37,37,46],"current_hp_per_floor":[88,88,88,88,86,86,86,86,86,76,69,71,71,71,71,49,88,88,88,88,88,84,77,74,74,74,80,80,80,80,74,74,40,97,95,95,95,95,95,98,98,71,78,108,99,99,99,99,108,0],"gold":79,"neow_bonus":"TEN_PERCENT_HP_BONUS","is_prod":false,"is_daily":false,"chose_seed":false,"campfire_upgraded":6,"win_rate":0,"timestamp":1551801652,"path_taken":["M","?","?","M","M","R","?","R","T","E","?","M","M","?","R","BOSS","M","$","?","?","M","E","M","R","T","E","?","R","$","M","R","BOSS","M","?","$","?","?","M","R","?","T","R","M","$","?","?","R","BOSS"],"build_version":"2019-01-23","purchased_purges":0,"victory":false,"max_hp_per_floor":[88,88,88,88,88,88,88,88,88,88,88,88,88,88,88,88,88,88,88,88,88,91,94,94,94,94,94,97,97,97,97,97,97,97,101,101,101,101,101,101,101,101,108,108,108,108,108,108,108,108],"card_choices":[{"not_picked":["Headbutt","Anger"],"picked":"Twin Strike","floor":1.0},{"not_picked":["Thunderclap","Intimidate"],"picked":"Warcry","floor":3.0},{"not_picked":["Second Wind","Burning Pact"],"picked":"Shockwave","floor":4.0},{"not_picked":["Entrench","Evolve"],"picked":"Headbutt","floor":5.0},{"not_picked":["Headbutt","Perfected Strike"],"picked":"Juggernaut","floor":10.0},{"not_picked":["Clothesline","Wild Strike"],"picked":"Heavy Blade","floor":12.0},{"not_picked":["Thunderclap","Blood for Blood"],"picked":"Rupture","floor":13.0},{"not_picked":["Demon Form","Barricade"],"picked":"Feed","floor":16.0},{"not_picked":["Battle Trance+1","Searing Blow","Evolve"],"picked":"SKIP","floor":18},{"not_picked":["Body Slam","Burning Pact"],"picked":"Anger","floor":22},{"not_picked":["Anger+1","Uppercut"],"picked":"Cleave","floor":23},{"not_picked":["Anger","Iron Wave"],"picked":"Corruption","floor":24},{"not_picked":["Iron Wave","Body Slam+1"],"picked":"Ghostly Armor","floor":27},{"not_picked":["True Grit","Juggernaut"],"picked":"Spot Weakness","floor":28},{"not_picked":["Body Slam+1","Searing Blow"],"picked":"Clash","floor":31},{"not_picked":["Reaper","Berserk"],"picked":"Fiend Fire","floor":33},{"not_picked":["Headbutt+1","Corruption"],"picked":"True Grit+1","floor":35},{"not_picked":["Wild Strike+1","Carnage+1"],"picked":"Heavy Blade","floor":40},{"not_picked":["Perfected Strike","Reckless Charge+1"],"picked":"Uppercut","floor":42},{"not_picked":["Wild Strike+1","Warcry+1","Perfected Strike"],"picked":"SKIP","floor":45},{"not_picked":["Jack Of All Trades","Swift Strike"],"picked":"Flash of Steel","floor":48}],"player_experience":107961,"relics_obtained":[{"floor":9.0,"key":"Bottled Lightning"},{"floor":10.0,"key":"Orichalcum"},{"floor":23,"key":"Ornamental Fan"},{"floor":26,"key":"Peace Pipe"},{"floor":27,"key":"Art of War"},{"floor":38,"key":"Bronze Scales"},{"floor":43,"key":"Strawberry"}],"event_choices":[{"damage_healed":0.0,"max_hp_gain":0.0,"max_hp_loss":0.0,"gold_gain":0.0,"event_name":"Upgrade Shrine","player_choice":"Upgraded","floor":2.0,"gold_loss":0.0,"damage_taken":0.0,"cards_upgraded":["Twin Strike"]},{"cards_removed":["Defend_R"],"damage_healed":0.0,"max_hp_gain":0.0,"max_hp_loss":0.0,"gold_gain":0.0,"event_name":"Living Wall","player_choice":"Forget","floor":7.0,"gold_loss":0.0,"damage_taken":0.0},{"cards_removed":["Strike_R"],"damage_healed":0.0,"max_hp_gain":0.0,"max_hp_loss":0.0,"gold_gain":0.0,"event_name":"Golden Wing","player_choice":"Card Removal","floor":11.0,"gold_loss":0.0,"damage_taken":7.0},{"cards_removed":["Strike_R"],"damage_healed":0.0,"max_hp_gain":0.0,"max_hp_loss":0.0,"gold_gain":0.0,"event_name":"The Cleric","player_choice":"Card Removal","floor":14.0,"gold_loss":50.0,"damage_taken":0.0},{"damage_healed":0,"gold_gain":0,"player_choice":"Simplicity","damage_taken":0,"max_hp_gain":0,"max_hp_loss":0,"event_name":"Back to Basics","floor":20,"gold_loss":0,"cards_upgraded":["Strike_R","Strike_R","Strike_R","Defend_R","Defend_R","Defend_R"]},{"damage_healed":0,"gold_gain":0,"player_choice":"Ignored","damage_taken":0,"max_hp_gain":0,"max_hp_loss":0,"event_name":"Beggar","floor":21,"gold_loss":0},{"damage_healed":0,"gold_gain":0,"player_choice":"Copied","damage_taken":0,"max_hp_gain":0,"max_hp_loss":0,"event_name":"Duplicator","floor":36,"gold_loss":0,"cards_obtained":["Inflame"]},{"damage_healed":0,"gold_gain":0,"player_choice":"Got Potions","damage_taken":0,"max_hp_gain":0,"max_hp_loss":0,"event_name":"Lab","floor":39,"gold_loss":0},{"cards_removed":["Clash"],"damage_healed":0,"gold_gain":0,"player_choice":"Removed Attack","damage_taken":0,"max_hp_gain":0,"max_hp_loss":0,"event_name":"Falling","floor":47,"gold_loss":0},{"damage_healed":0,"gold_gain":0,"player_choice":"Memory 1","damage_taken":0,"max_hp_gain":0,"max_hp_loss":0,"event_name":"SensoryStone","floor":48,"gold_loss":0}],"is_beta":false,"boss_relics":[{"not_picked":["Pandora\u0027s Box","Black Star"],"picked":"Mark of Pain"},{"not_picked":["Lizard Tail","Runic Pyramid"],"picked":"Fusion Hammer"}],"items_purged_floors":[],"is_endless":false,"potions_floor_spawned":[3,5,23,24,31,33],"killed_by":"Awakened One","ascension_level":2}