{"gold_per_floor":[109,74,86,86,101,128,128,138,184,201,201,201,201,215,215,316,316,335,348,366,366,466,493,493,508,508,527,539,554,554,567,567,668,668,681,22,39,57,57,57,57,57,132,132,58,58,75,91,91,91],"floor_reached":51,"playtime":5133,"items_purged":[],"score":623,"play_id":"69ecd75c-9841-439c-ab45-1f7451a570a4","local_time":"20181128023034","is_ascension_mode":false,"campfire_choices":[{"floor":7,"key":"REST"},{"floor":12,"key":"REST"},{"floor":15,"key":"REST"},{"floor":24,"key":"REST"},{"floor":30,"key":"REST"},{"floor":32,"key":"REST"},{"floor":40,"key":"REST"},{"floor":49,"key":"REST"}],"neow_cost":"NONE","seed_source_timestamp":733843405902528,"circlet_count":0,"master_deck":["Defend_G+1","Defend_G+1","Defend_G+1","Defend_G+1","Defend_G+1","Strike_G+1","Strike_G+1","Strike_G+1","Strike_G+1","Strike_G+1","Survivor+1","Neutralize+1","Blade Dance+1","Caltrops+1","Dagger Throw+1","Infinite Blades+1","Blur+1","Noxious Fumes+1","Blade Dance+1","After Image+1","Well Laid Plans+1","Footwork+1","Flying Knee+1","Endless Agony+1","Escape Plan+1","PiercingWail+1","Night Terror+1","Distraction+1","Deflect+1","Deadly Poison+1","Footwork+1","PiercingWail+1"],"relics":["Ring of the Snake","Centennial Puzzle","Frozen Egg 2","Oddly Smooth Stone","Fusion Hammer","Nilry\u0027s Codex","Lantern","Toxic Egg 2","Busted Crown","Pen Nib","HandDrill","FossilizedHelix","Boot","Mark of the Bloom","Kunai","Meat on the Bone"],"potions_floor_usage":[6,6,16,16,23,23,23,29,29,50],"damage_taken":[{"damage":2,"enemies":"2 Louse","floor":1,"turns":3},{"damage":1,"enemies":"Small Slimes","floor":3,"turns":4},{"damage":0,"enemies":"Cultist","floor":5,"turns":4},{"damage":27,"enemies":"3 Sentries","floor":6,"turns":6},{"damage":15,"enemies":"Exordium Wildlife","floor":8,"turns":6},{"damage":13,"enemies":"Lots of Slimes","floor":10,"turns":5},{"damage":7,"enemies":"Red Slaver","floor":14,"turns":5},{"damage":42,"enemies":"The Guardian","floor":16,"turns":10},{"damage":2,"enemies":"3 Byrds","floor":18,"turns":3},{"damage":1,"enemies":"Chosen","floor":19,"turns":6},{"damage":4,"enemies":"3 Cultists","floor":20,"turns":6},{"damage":26,"enemies":"Gremlin Leader","floor":23,"turns":7},{"damage":4,"enemies":"Cultist and Chosen","floor":25,"turns":7},{"damage":0,"enemies":"Chosen and Byrds","floor":27,"turns":6},{"damage":6,"enemies":"Snake Plant","floor":28,"turns":5},{"damage":3,"enemies":"Cultist and Chosen","floor":29,"turns":8},{"damage":10,"enemies":"Chosen and Byrds","floor":31,"turns":6},{"damage":30,"enemies":"Champ","floor":33,"turns":14},{"damage":9,"enemies":"Orb Walker","floor":35,"turns":5},{"damage":0,"enemies":"3 Shapes","floor":37,"turns":5},{"damage":13,"enemies":"Jaw Worm Horde","floor":38,"turns":5},{"damage":0,"enemies":"Maw","floor":47,"turns":7},{"damage":0,"enemies":"3 Darklings","floor":48,"turns":6},{"damage":19,"enemies":"Donu and Deca","floor":50,"turns":11}],"seed_played":"2128652985265521704","potions_obtained":[{"floor":3,"key":"Fire Potion"},{"floor":5,"key":"Swift Potion"},{"floor":13,"key":"Dexterity Potion"},{"floor":13,"key":"EssenceOfSteel"},{"floor":13,"key":"Fire Potion"},{"floor":14,"key":"Poison Potion"},{"floor":19,"key":"EntropicBrew"},{"floor":23,"key":"GhostInAJar"},{"floor":33,"key":"Swift Potion"},{"floor":37,"key":"Swift Potion"},{"floor":38,"key":"Dexterity Potion"}],"is_trial":false,"path_per_floor":["M","$","M","?","M","E","R","M","T","M","?","R","?","M","R","B",null,"M","M","M","?","?","E","R","M","T","M","M","M","R","M","R","B",null,"M","$","M","M","T","R","?","$","T","?","$","T","M","M","R","B",null],"character_chosen":"THE_SILENT","items_purchased":["Caltrops","Pen Nib","HandDrill","FossilizedHelix","Footwork+1"],"campfire_rested":8,"item_purchase_floors":[2,36,36,36,45],"current_hp_per_floor":[68,68,67,64,64,37,58,43,43,30,30,51,51,44,65,23,70,68,67,63,47,47,21,42,38,38,38,32,29,50,40,61,31,70,61,61,61,48,48,69,69,69,69,66,66,66,66,66,66,47],"gold":91,"neow_bonus":"RANDOM_COMMON_RELIC","is_prod":false,"is_daily":false,"chose_seed":false,"campfire_upgraded":0,"win_rate":0.0,"timestamp":1543390234,"path_taken":["M","$","M","?","M","E","R","M","T","M","?","R","?","?","R","BOSS","M","M","M","?","?","E","R","M","T","M","?","M","R","M","R","BOSS","M","$","M","M","?","R","?","$","T","?","?","?","M","M","R","BOSS"],"build_version":"2018-11-15","purchased_purges":0,"victory":true,"max_hp_per_floor":[70,70,70,70,70,70,70,70,70,70,70,70,70,70,70,70,70,70,70,70,70,70,70,70,70,70,70,70,70,70,70,70,70,70,70,70,70,70,70,70,70,70,70,66,66,66,66,66,66,66],"card_choices":[{"not_picked":["Slice","Dodge and Roll"],"picked":"Blade Dance","floor":1},{"not_picked":["Tactician","Sucker Punch"],"picked":"Dagger Throw","floor":3},{"not_picked":["Backflip","Sucker Punch"],"picked":"Infinite Blades","floor":5},{"not_picked":["PiercingWail","Blade Dance"],"picked":"Blur","floor":6},{"not_picked":["Blur","Outmaneuver","Bane"],"picked":"SKIP","floor":8},{"not_picked":["Bane","Poisoned Stab"],"picked":"Noxious Fumes+1","floor":10},{"not_picked":["Adrenaline","Flying Knee"],"picked":"Blade Dance","floor":14},{"not_picked":["Wraith Form v2+1","Phantasmal Killer"],"picked":"After Image+1","floor":16},{"not_picked":["Underhanded Strike","Slice+1"],"picked":"Well Laid Plans+1","floor":18},{"not_picked":["Calculated Gamble","Deadly Poison+1"],"picked":"Footwork+1","floor":19},{"not_picked":["Dagger Spray","Well Laid Plans+1"],"picked":"Flying Knee","floor":20},{"not_picked":["Dagger Throw","Dodge and Roll","Heel Hook"],"picked":"SKIP","floor":23},{"not_picked":["Backstab","Blur"],"picked":"Endless Agony","floor":25},{"not_picked":["Dagger Throw","Expertise+1"],"picked":"Escape Plan+1","floor":27},{"not_picked":["Dagger Throw","Calculated Gamble+1"],"picked":"PiercingWail+1","floor":28},{"not_picked":["Sucker Punch","Choke"],"picked":"Night Terror+1","floor":29},{"not_picked":["Bane+1","Blade Dance+1"],"picked":"Distraction+1","floor":31},{"not_picked":[],"picked":"Deflect+1","floor":35},{"not_picked":[],"picked":"Deadly Poison+1","floor":37},{"not_picked":["Sucker Punch+1"],"picked":"SKIP","floor":38},{"not_picked":["Dagger Spray"],"picked":"SKIP","floor":47},{"not_picked":[],"picked":"PiercingWail+1","floor":48}],"player_experience":18216,"relics_obtained":[{"floor":6,"key":"Frozen Egg 2"},{"floor":9,"key":"Oddly Smooth Stone"},{"floor":21,"key":"Nilry\u0027s Codex"},{"floor":23,"key":"Lantern"},{"floor":26,"key":"Toxic Egg 2"},{"floor":39,"key":"Boot"},{"floor":43,"key":"Kunai"},{"floor":46,"key":"Meat on the Bone"}],"event_choices":[{"damage_healed":0,"gold_gain":0,"player_choice":"Fled","damage_taken":3,"max_hp_gain":0,"max_hp_loss":0,"event_name":"Scrap Ooze","floor":4,"gold_loss":0},{"damage_healed":0,"gold_gain":0,"player_choice":"Ignored","damage_taken":0,"max_hp_gain":0,"max_hp_loss":0,"event_name":"Liars Game","floor":11,"gold_loss":0},{"damage_healed":0,"gold_gain":0,"player_choice":"Got Potions","damage_taken":0,"max_hp_gain":0,"max_hp_loss":0,"event_name":"Lab","floor":13,"gold_loss":0},{"damage_healed":0,"gold_gain":0,"player_choice":"Obtained Book","damage_taken":16,"max_hp_gain":0,"max_hp_loss":0,"event_name":"Cursed Tome","floor":21,"gold_loss":0},{"damage_healed":0,"gold_gain":100,"player_choice":"Pray","damage_taken":0,"max_hp_gain":0,"max_hp_loss":0,"event_name":"Golden Shrine","floor":22,"gold_loss":0},{"damage_healed":0,"gold_gain":0,"player_choice":"Upgrade","damage_taken":0,"relics_obtained":["Mark of the Bloom"],"max_hp_gain":0,"max_hp_loss":0,"event_name":"MindBloom","floor":41,"gold_loss":0,"cards_upgraded":["Defend_G","Defend_G","Defend_G","Defend_G","Defend_G","Strike_G","Strike_G","Strike_G","Strike_G","Strike_G","Survivor","Neutralize","Blade Dance","Caltrops","Dagger Throw","Infinite Blades","Blur","Blade Dance","Flying Knee","Endless Agony"]},{"damage_healed":0,"gold_gain":0,"player_choice":"Max HP","damage_taken":0,"max_hp_gain":0,"max_hp_loss":4,"event_name":"Winding Halls","floor":44,"gold_loss":0}],"is_beta":false,"boss_relics":[{"not_picked":["Ring of the Serpent","HoveringKite"],"picked":"Fusion Hammer"},{"not_picked":["Sozu","Runic Pyramid"],"picked":"Busted Crown"}],"items_purged_floors":[],"is_endless":false,"potions_floor_spawned":[3,5,14,19,23,27,33,37,38,47],"ascension_level":0}