{"path_per_floor":["M","M","M","M","M","R","M","M","T","M","$","R","?","M","R","B",null,"M","M"],"character_chosen":"DEFECT","items_purchased":[],"gold_per_floor":[15,30,46,56,67,67,87,107,131,144,69,69,169,179,179,278,278,218,232,232],"floor_reached":20,"campfire_rested":2,"playtime":946,"current_hp_per_floor":[70,70,60,58,58,58,58,58,58,15,15,37,37,32,54,31,75,70,24,0],"items_purged":["Strike_B"],"gold":232,"score":170,"play_id":"fe40aee0-dea5-46ec-8051-20b096151671","local_time":"20180501214342","is_prod":false,"is_daily":false,"chose_seed":false,"is_ascension_mode":false,"campfire_upgraded":1,"timestamp":1525225422,"path_taken":["M","M","M","M","M","R","M","M","T","M","$","R","?","?","R","BOSS","M","M","M"],"build_version":"2018-05-01","seed_source_timestamp":211406726227032,"purchased_purges":1,"victory":false,"master_deck":["Strike_B","Strike_B","Strike_B","Defend_B","Defend_B","Defend_B","Defend_B","Zap","Dualcast","Auto Shields+1","Ball Lightning","Axe Kick","Creative AI","Consume","Doom and Gloom","Nova","Ball Lightning"],"max_hp_per_floor":[75,75,75,75,75,75,75,75,75,75,75,75,75,75,75,75,75,75,75,75],"relics":["Cracked Core","Gambling Chip","Vajra","Black Star"],"card_choices":[{"not_picked":["Go for the Eyes","Coolheaded"],"picked":"Auto Shields","floor":1},{"not_picked":["Beam Cell","Capacitor"],"picked":"Ball Lightning","floor":3},{"not_picked":["Sweeping Beam","Impulse"],"picked":"Axe Kick","floor":5},{"not_picked":["Rebound","Cold Snap"],"picked":"Creative AI","floor":7},{"not_picked":["FTL","Sweeping Beam"],"picked":"Consume","floor":8},{"not_picked":["Chill","Impulse"],"picked":"Doom and Gloom","floor":10},{"not_picked":["Redo","Rainbow"],"picked":"Nova","floor":16},{"not_picked":["Tempest","Streamline"],"picked":"Ball Lightning","floor":19}],"player_experience":185139,"potions_floor_usage":[8,16,16],"damage_taken":[{"damage":5,"enemies":"2 Louse","floor":1,"turns":3},{"damage":0,"enemies":"Cultist","floor":2,"turns":2},{"damage":10,"enemies":"Small Slimes","floor":3,"turns":3},{"damage":2,"enemies":"2 Fungi Beasts","floor":4,"turns":4},{"damage":0,"enemies":"Looter","floor":5,"turns":3},{"damage":0,"enemies":"Red Slaver","floor":7,"turns":3},{"damage":0,"enemies":"Exordium Wildlife","floor":8,"turns":5},{"damage":43,"enemies":"Exordium Thugs","floor":10,"turns":7},{"damage":5,"enemies":"Looter","floor":14,"turns":3},{"damage":23,"enemies":"Hexaghost","floor":16,"turns":9},{"damage":5,"enemies":"2 Thieves","floor":18,"turns":4},{"damage":46,"enemies":"Spheric Guardian","floor":19,"turns":7},{"damage":25,"enemies":"Snake Plant","floor":20,"turns":2}],"event_choices":[{"event_name":"Golden Shrine","player_choice":"Pray","floor":13,"damage_taken":0}],"boss_relics":[{"not_picked":["Cursed Key","Eternal Feather"],"picked":"Black Star"}],"potions_floor_spawned":[1,5,7,14,16],"seed_played":"-8455243518503186647","killed_by":"Snake Plant","ascension_level":0,"is_trial":false}