{"gold_per_floor":[113,113,133,133,147,147,147,147,174,507,507,539,539,558,558,635,635,654,2,13,13,26,54,54,54,81,81,31,31,31,31,31,31],"floor_reached":33,"playtime":1850,"items_purged":["Strike_R","Strike_R"],"score":553,"play_id":"b86f108e-972c-4cbd-b0f1-4e9bb80b582f","local_time":"20190422012333","is_ascension_mode":true,"campfire_choices":[{"data":"Spot Weakness","floor":6,"key":"SMITH"},{"data":"Twin Strike","floor":8,"key":"SMITH"},{"floor":11,"key":"REST"},{"floor":15,"key":"REST"},{"floor":32,"key":"REST"}],"neow_cost":"NONE","seed_source_timestamp":355781804578356,"circlet_count":0,"master_deck":["AscendersBane","Strike_R+1","Strike_R+1","Strike_R","Defend_R+1","Defend_R","Defend_R","Defend_R","Bash","Twin Strike+1","Metallicize","Spot Weakness+1","Sword Boomerang","Warcry","Anger","Fiend Fire","Headbutt","Shrug It Off+1","Corruption","Inflame","Double Tap","Shrug It Off+1","Decay","Spot Weakness+1"],"relics":["Burning Blood","Juzu Bracelet","Anchor","Smiling Mask","Old Coin","Torii","Velvet Choker","Mango","War Paint","CultistMask","Centennial Puzzle","Red Skull"],"potions_floor_usage":[7,16,23,25,33],"damage_taken":[{"damage":9,"enemies":"Jaw Worm","floor":1,"turns":5},{"damage":1,"enemies":"2 Louse","floor":3,"turns":2},{"damage":1,"enemies":"Cultist","floor":5,"turns":3},{"damage":5,"enemies":"Gremlin Nob","floor":7,"turns":3},{"damage":33,"enemies":"Lagavulin","floor":10,"turns":6},{"damage":30,"enemies":"Gremlin Nob","floor":12,"turns":4},{"damage":1,"enemies":"Large Slime","floor":14,"turns":5},{"damage":28,"enemies":"The Guardian","floor":16,"turns":14},{"damage":22,"enemies":"Chosen","floor":18,"turns":5},{"damage":10,"enemies":"Spheric Guardian","floor":20,"turns":5},{"damage":35,"enemies":"Cultist and Chosen","floor":22,"turns":8},{"damage":22,"enemies":"Book of Stabbing","floor":23,"turns":4},{"damage":0,"enemies":"Gremlin Leader","floor":25,"turns":2},{"damage":61,"enemies":"Automaton","floor":33,"turns":6}],"seed_played":"-1940006115119372336","potions_obtained":[{"floor":1,"key":"SmokeBomb"},{"floor":3,"key":"LiquidBronze"},{"floor":10,"key":"Dexterity Potion"},{"floor":18,"key":"Strength Potion"},{"floor":23,"key":"SmokeBomb"}],"is_trial":false,"path_per_floor":["?","?","?","?","?","?","?","?","?"],"character_chosen":"IRONCLAD","items_purchased":["Shrug It Off","Corruption","Mango","War Paint"],"campfire_rested":3,"item_purchase_floors":[19,19,19,19],"current_hp_per_floor":[65,42,47,36,41,41,42,42,42,15,37,13,13,18,40,18,61,45,59,55,55,26,10,10,16,16,16,16,16,16,16,42,0],"gold":31,"neow_bonus":"RANDOM_COMMON_RELIC","is_prod":false,"is_daily":false,"chose_seed":false,"campfire_upgraded":2,"win_rate":0,"timestamp":1555892613,"path_taken":["M","?","M","?","M","R","E","R","T","E","R","E","?","M","R","BOSS","M","$","M","?","M","E","?","E","T","?","$","?","?","?","R","BOSS"],"build_version":"2019-01-23","purchased_purges":2,"victory":false,"max_hp_per_floor":[75,75,75,75,75,75,75,75,75,75,75,75,75,75,75,75,75,75,89,89,89,89,89,89,89,89,89,89,89,89,89,89,89],"card_choices":[{"not_picked":["Blood for Blood","Evolve"],"picked":"Twin Strike","floor":1},{"not_picked":["Anger","Clash"],"picked":"Metallicize","floor":3},{"not_picked":["Pommel Strike","Twin Strike"],"picked":"Spot Weakness","floor":5},{"not_picked":["Seeing Red","Feel No Pain"],"picked":"Sword Boomerang","floor":10},{"not_picked":["Wild Strike","Havoc"],"picked":"Warcry","floor":12},{"not_picked":["Metallicize","Clash"],"picked":"Anger","floor":14},{"not_picked":["Dark Embrace","Barricade"],"picked":"Fiend Fire","floor":16},{"not_picked":["Flex","Armaments"],"picked":"Headbutt","floor":18},{"not_picked":["Clothesline+1","Clash"],"picked":"Inflame","floor":20},{"not_picked":["Wild Strike","Clothesline"],"picked":"Double Tap","floor":22},{"not_picked":["Spot Weakness","Combust"],"picked":"Shrug It Off+1","floor":23}],"player_experience":697418,"relics_obtained":[{"floor":9,"key":"Smiling Mask"},{"floor":10,"key":"Old Coin"},{"floor":12,"key":"Torii"},{"floor":23,"key":"Centennial Puzzle"},{"floor":26,"key":"Red Skull"}],"event_choices":[{"damage_healed":0,"gold_gain":0,"player_choice":"Entered Light","damage_taken":23,"max_hp_gain":0,"max_hp_loss":0,"event_name":"Shining Light","floor":2,"gold_loss":0,"cards_upgraded":["Strike_R","Strike_R"]},{"damage_healed":0,"gold_gain":0,"player_choice":"Success","damage_taken":11,"relics_obtained":["Anchor"],"max_hp_gain":0,"max_hp_loss":0,"event_name":"Scrap Ooze","floor":4,"gold_loss":0},{"damage_healed":0,"gold_gain":0,"player_choice":"Searched \u00271\u0027 times","damage_taken":0,"max_hp_gain":0,"max_hp_loss":0,"event_name":"Dead Adventurer","floor":13,"gold_loss":0},{"damage_healed":0,"gold_gain":0,"player_choice":"Trade","damage_taken":0,"relics_obtained":["CultistMask"],"max_hp_gain":0,"max_hp_loss":0,"event_name":"FaceTrader","floor":21,"gold_loss":0},{"damage_healed":0,"gold_gain":0,"player_choice":"Smashed Altar","damage_taken":0,"max_hp_gain":0,"max_hp_loss":0,"event_name":"Forgotten Altar","floor":24,"gold_loss":0,"cards_obtained":["Decay"]},{"damage_healed":0,"gold_gain":0,"player_choice":"Ignored","damage_taken":0,"max_hp_gain":0,"max_hp_loss":0,"event_name":"Cursed Tome","floor":27,"gold_loss":0},{"damage_healed":0,"gold_gain":0,"player_choice":"Copied","damage_taken":0,"max_hp_gain":0,"max_hp_loss":0,"event_name":"Duplicator","floor":29,"gold_loss":0,"cards_obtained":["Spot Weakness"]},{"damage_healed":0,"gold_gain":0,"player_choice":"Ignored","damage_taken":0,"max_hp_gain":0,"max_hp_loss":0,"event_name":"The Mausoleum","floor":30,"gold_loss":0}],"is_beta":false,"boss_relics":[{"not_picked":["White Beast Statue","Black Blood"],"picked":"Velvet Choker"}],"items_purged_floors":[19,28],"is_endless":false,"potions_floor_spawned":[1,3,10,18,23],"killed_by":"Automaton","ascension_level":17}