{"gold_per_floor":[114,131,142,156,156,183,183,208,235,251,280,6,6,39,39,143,143,155,173,173,30,30,30,62,126,126,157,82,132,132,152,152,248,248,260,274,26,76,94,94,121,186,186,186,0,0,50,64,64,64],"floor_reached":51,"playtime":4752,"items_purged":["Strike_R"],"score":1040,"play_id":"b0f2e43c-c5e0-4619-b67d-2c95c1957589","local_time":"20190330025705","is_ascension_mode":true,"campfire_choices":[{"data":"Uppercut","floor":7,"key":"SMITH"},{"data":"Demon Form","floor":13,"key":"SMITH"},{"data":"Metallicize","floor":15,"key":"SMITH"},{"floor":23,"key":"REST"},{"floor":30,"key":"REST"},{"floor":32,"key":"REST"},{"floor":40,"key":"REST"},{"data":"Shockwave","floor":44,"key":"SMITH"},{"data":"Reaper","floor":46,"key":"SMITH"},{"data":"Whirlwind","floor":49,"key":"SMITH"}],"neow_cost":"NONE","seed_source_timestamp":40612903556147,"circlet_count":0,"master_deck":["Strike_R+1","Strike_R","Strike_R","Strike_R","Defend_R+1","Defend_R","Defend_R","Bash+1","Cleave+1","Anger","Uppercut+1","Shrug It Off","Clothesline","Anger","Demon Form+1","Metallicize+1","Reckless Charge","Limit Break+1","Pommel Strike","Inflame+1","Shockwave+1","Whirlwind+1","Armaments","True Grit","Reckless Charge+1","Heavy Blade+1","Reaper+1","Disarm+1","Havoc+1","Feel No Pain","Ghostly Armor+1","Warcry+1","Rage+1"],"relics":["Burning Blood","Whetstone","Centennial Puzzle","Regal Pillow","Bronze Scales","Lee\u0027s Waffle","Question Card","Mark of Pain","SsserpentHead","Turnip","Omamori","War Paint","Snecko Eye","Orichalcum","Red Skull","Prayer Wheel","Red Mask"],"potions_floor_usage":[6,11,27,29,33,35,39,50,50,50],"damage_taken":[{"damage":1,"enemies":"Cultist","floor":1,"turns":4},{"damage":5,"enemies":"2 Louse","floor":2,"turns":3},{"damage":2,"enemies":"Jaw Worm","floor":3,"turns":3},{"damage":17,"enemies":"Blue Slaver","floor":4,"turns":3},{"damage":28,"enemies":"Gremlin Nob","floor":6,"turns":4},{"damage":12,"enemies":"Lagavulin","floor":8,"turns":5},{"damage":0,"enemies":"Exordium Thugs","floor":10,"turns":4},{"damage":0,"enemies":"Gremlin Nob","floor":11,"turns":2},{"damage":21,"enemies":"Lagavulin","floor":14,"turns":5},{"damage":33,"enemies":"The Guardian","floor":16,"turns":7},{"damage":11,"enemies":"Shell Parasite","floor":18,"turns":5},{"damage":6,"enemies":"Spheric Guardian","floor":19,"turns":3},{"damage":23,"enemies":"Gremlin Leader","floor":24,"turns":6},{"damage":14,"enemies":"3 Cultists","floor":25,"turns":5},{"damage":28,"enemies":"Slavers","floor":27,"turns":4},{"damage":28,"enemies":"Colosseum Slavers","floor":29,"turns":5},{"damage":29,"enemies":"Shelled Parasite and Fungi","floor":31,"turns":6},{"damage":59,"enemies":"Collector","floor":33,"turns":7},{"damage":9,"enemies":"3 Darklings","floor":35,"turns":3},{"damage":22,"enemies":"Orb Walker","floor":36,"turns":4},{"damage":14,"enemies":"Transient","floor":39,"turns":5},{"damage":34,"enemies":"Reptomancer","floor":41,"turns":5},{"damage":7,"enemies":"Writhing Mass","floor":42,"turns":5},{"damage":3,"enemies":"4 Shapes","floor":48,"turns":2},{"damage":79,"enemies":"Awakened One","floor":50,"turns":9}],"seed_played":"-6702817824332107035","potions_obtained":[{"floor":2,"key":"Strength Potion"},{"floor":4,"key":"Fire Potion"},{"floor":8,"key":"AttackPotion"},{"floor":11,"key":"FearPotion"},{"floor":25,"key":"LiquidBronze"},{"floor":27,"key":"EssenceOfSteel"},{"floor":31,"key":"SteroidPotion"},{"floor":41,"key":"Energy Potion"},{"floor":42,"key":"SteroidPotion"}],"is_trial":false,"path_per_floor":["M","?","?","?","M","?","?","M","?","?"],"character_chosen":"IRONCLAD","items_purchased":["Metallicize","Lee\u0027s Waffle","Shockwave","Whirlwind","Orichalcum","Explosive Potion","Dexterity Potion"],"campfire_rested":4,"item_purchase_floors":[12,12,21,21,37,37,37],"current_hp_per_floor":[77,78,80,69,69,47,47,41,41,47,53,87,87,72,72,45,77,72,72,55,55,55,92,75,67,67,45,45,23,65,42,84,31,77,74,58,58,58,54,92,64,80,80,80,80,80,80,92,92,39],"gold":64,"neow_bonus":"UPGRADE_CARD","is_prod":false,"is_daily":false,"chose_seed":false,"campfire_upgraded":6,"win_rate":0,"timestamp":1553914625,"path_taken":["M","?","M","M","?","E","R","E","T","M","E","$","R","E","R","BOSS","M","M","?","$","?","R","E","?","T","E","$","?","R","M","R","BOSS","M","M","$","?","M","R","E","?","T","R","?","R","?","M","R","BOSS"],"build_version":"2019-01-23","purchased_purges":1,"victory":true,"max_hp_per_floor":[80,80,80,80,80,80,80,80,80,80,80,87,87,87,87,87,87,87,87,92,92,92,92,92,92,92,92,92,92,92,92,92,92,92,92,92,92,92,92,92,92,92,92,92,92,92,92,92,92,92],"card_choices":[{"not_picked":["Body Slam","Pummel"],"picked":"Cleave","floor":1},{"not_picked":["Sentinel","Heavy Blade"],"picked":"Anger","floor":2},{"not_picked":["Combust","Havoc"],"picked":"Uppercut","floor":3},{"not_picked":["Thunderclap","Dropkick"],"picked":"Shrug It Off","floor":4},{"not_picked":["Ghostly Armor","Hemokinesis"],"picked":"Clothesline","floor":6},{"not_picked":["Havoc","Sentinel","Heavy Blade"],"picked":"SKIP","floor":8},{"not_picked":["Fire Breathing","Combust"],"picked":"Anger","floor":10},{"not_picked":["Sword Boomerang","Offering"],"picked":"Demon Form","floor":11},{"not_picked":["Anger","Shrug It Off"],"picked":"Reckless Charge","floor":14},{"not_picked":["Double Tap","Immolate","Berserk"],"picked":"Limit Break","floor":16},{"not_picked":["Twin Strike","Warcry","Sentinel"],"picked":"Pommel Strike","floor":18},{"not_picked":["Twin Strike","Havoc","Uppercut"],"picked":"Inflame+1","floor":19},{"not_picked":["Body Slam","Barricade","Perfected Strike+1"],"picked":"Armaments","floor":24},{"not_picked":["Inflame","Dual Wield","Twin Strike"],"picked":"True Grit","floor":25},{"not_picked":["Havoc","Anger+1","Seeing Red"],"picked":"Reckless Charge+1","floor":27},{"not_picked":["Blood for Blood","Searing Blow","Twin Strike+1"],"picked":"Heavy Blade+1","floor":31},{"not_picked":["Demon Form","Exhume","Fiend Fire"],"picked":"Reaper","floor":33},{"not_picked":["Perfected Strike+1","True Grit","Body Slam+1"],"picked":"Disarm+1","floor":35},{"not_picked":["Flex+1","Perfected Strike","Whirlwind"],"picked":"Havoc+1","floor":36},{"not_picked":["Iron Wave+1","Havoc+1","Headbutt+1"],"picked":"Feel No Pain","floor":39},{"not_picked":["Twin Strike","Armaments","Clash"],"picked":"Ghostly Armor+1","floor":41},{"not_picked":["Pommel Strike","Berserk","Hemokinesis"],"picked":"Warcry+1","floor":42},{"not_picked":["True Grit","Cleave","Body Slam+1"],"picked":"Rage+1","floor":48},{"not_picked":["Reckless Charge","Searing Blow","Warcry+1","Anger"],"picked":"SKIP","floor":48}],"player_experience":387679,"relics_obtained":[{"floor":6,"key":"Whetstone"},{"floor":8,"key":"Centennial Puzzle"},{"floor":9,"key":"Regal Pillow"},{"floor":11,"key":"Bronze Scales"},{"floor":14,"key":"Question Card"},{"floor":24,"key":"Turnip"},{"floor":26,"key":"Omamori"},{"floor":27,"key":"War Paint"},{"floor":41,"key":"Red Skull"},{"floor":43,"key":"Prayer Wheel"}],"event_choices":[{"damage_healed":0,"gold_gain":0,"player_choice":"Leave","damage_taken":0,"max_hp_gain":0,"max_hp_loss":0,"event_name":"The Cleric","floor":5,"gold_loss":0},{"damage_healed":0,"gold_gain":0,"player_choice":"Shed Blood","damage_taken":22,"max_hp_gain":5,"max_hp_loss":0,"event_name":"Forgotten Altar","floor":20,"gold_loss":0},{"damage_healed":0,"gold_gain":0,"player_choice":"Trade","damage_taken":0,"relics_obtained":["SsserpentHead"],"max_hp_gain":0,"max_hp_loss":0,"event_name":"FaceTrader","floor":22,"gold_loss":0},{"damage_healed":0,"gold_gain":0,"player_choice":"Fight","damage_taken":0,"max_hp_gain":0,"max_hp_loss":0,"event_name":"Colosseum","floor":29,"gold_loss":0},{"damage_healed":0,"gold_gain":0,"player_choice":"Fled From Nobs","damage_taken":0,"max_hp_gain":0,"max_hp_loss":0,"event_name":"Colosseum","floor":29,"gold_loss":0},{"damage_healed":0,"gold_gain":0,"player_choice":"Ignored","damage_taken":0,"max_hp_gain":0,"max_hp_loss":0,"event_name":"SecretPortal","floor":38,"gold_loss":0},{"damage_healed":0,"gold_gain":0,"player_choice":"Paid","damage_taken":0,"relics_obtained":["Red Mask"],"max_hp_gain":0,"max_hp_loss":0,"event_name":"Tomb of Lord Red Mask","floor":45,"gold_loss":236},{"cards_removed":["Defend_R"],"damage_healed":0,"gold_gain":0,"player_choice":"Removed Skill","damage_taken":0,"max_hp_gain":0,"max_hp_loss":0,"event_name":"Falling","floor":47,"gold_loss":0}],"is_beta":false,"boss_relics":[{"not_picked":["Ectoplasm","Busted Crown"],"picked":"Mark of Pain"},{"not_picked":["Sozu","Pandora\u0027s Box"],"picked":"Snecko Eye"}],"items_purged_floors":[28],"is_endless":false,"potions_floor_spawned":[2,4,8,11,25,27,29,31,39,41,42],"ascension_level":8}