{"path_per_floor":["M","M","M","M","M","R","M","M","T","M","?","M","$","M","R","B",null,"M","M","M","M"],"character_chosen":"DEFECT","items_purchased":["Orichalcum"],"gold_per_floor":[118,134,147,161,173,173,188,205,205,218,218,238,63,82,82,205,205,229,243,266,280,280],"floor_reached":22,"campfire_rested":1,"playtime":1376,"current_hp_per_floor":[75,61,61,61,60,60,58,53,53,36,36,12,12,12,34,27,75,70,59,24,12,0],"items_purged":["Injury"],"gold":280,"score":188,"play_id":"44bfd8aa-3f1a-4c0b-8bb3-d8cb9fa1b3f2","local_time":"20180502191515","is_prod":false,"is_daily":false,"chose_seed":false,"is_ascension_mode":false,"campfire_upgraded":1,"timestamp":1525302915,"path_taken":["M","M","M","M","M","R","M","M","T","M","?","M","$","M","R","BOSS","M","M","M","M","M"],"build_version":"2018-05-01v2","seed_source_timestamp":288475007176590,"purchased_purges":1,"victory":false,"master_deck":["Strike_B","Strike_B","Strike_B","Strike_B","Defend_B","Defend_B","Defend_B","Defend_B","Zap","Dualcast","Ball Lightning","Chaos","Hyperbeam+1","Beam Cell","Turbo","Rip and Tear","Genetic Algorithm","Rip and Tear","Biased Cognition","Conserve Battery+1","Leap"],"max_hp_per_floor":[75,75,75,75,75,75,75,75,75,75,75,75,75,75,75,75,75,75,75,75,75,75],"relics":["Cracked Core","The Courier","Golden Idol","Orichalcum","Snecko Eye"],"card_choices":[{"not_picked":["Axe Kick","Tempest"],"picked":"Ball Lightning","floor":0},{"not_picked":["Beam Cell","Skim"],"picked":"Chaos","floor":1},{"not_picked":["Reinforced Body","Hologram"],"picked":"Hyperbeam","floor":3},{"not_picked":["Gash","Capacitor"],"picked":"Beam Cell","floor":4},{"not_picked":["Coolheaded","Stack"],"picked":"Turbo","floor":5},{"not_picked":["Blaster","Scrape"],"picked":"Rip and Tear","floor":7},{"not_picked":["Chill","Ball Lightning"],"picked":"Genetic Algorithm","floor":8},{"not_picked":["Streamline","Axe Kick"],"picked":"Rip and Tear","floor":10},{"not_picked":["Fusion","Nova"],"picked":"Biased Cognition","floor":16},{"not_picked":["Impulse","Sweeping Beam"],"picked":"Conserve Battery","floor":19},{"not_picked":["Static Discharge","Cold Snap"],"picked":"Leap","floor":21}],"player_experience":190329,"potions_floor_usage":[16,21],"damage_taken":[{"damage":0,"enemies":"Cultist","floor":1,"turns":3},{"damage":14,"enemies":"2 Louse","floor":2,"turns":2},{"damage":0,"enemies":"Small Slimes","floor":3,"turns":2},{"damage":0,"enemies":"Gremlin Gang","floor":4,"turns":1},{"damage":1,"enemies":"Exordium Thugs","floor":5,"turns":3},{"damage":2,"enemies":"Blue Slaver","floor":7,"turns":2},{"damage":5,"enemies":"Looter","floor":8,"turns":2},{"damage":17,"enemies":"Gremlin Gang","floor":10,"turns":3},{"damage":24,"enemies":"Exordium Thugs","floor":12,"turns":4},{"damage":0,"enemies":"Looter","floor":14,"turns":2},{"damage":7,"enemies":"Slime Boss","floor":16,"turns":8},{"damage":5,"enemies":"Spheric Guardian","floor":18,"turns":3},{"damage":11,"enemies":"Shell Parasite","floor":19,"turns":4},{"damage":35,"enemies":"Snake Plant","floor":20,"turns":5},{"damage":12,"enemies":"Chosen and Byrds","floor":21,"turns":5},{"damage":16,"enemies":"Centurion and Healer","floor":22,"turns":5}],"event_choices":[{"event_name":"Golden Idol","player_choice":"Take Wound","floor":11,"damage_taken":0}],"boss_relics":[{"not_picked":["Calling Bell","Eternal Feather"],"picked":"Snecko Eye"}],"potions_floor_spawned":[1,5,7,8,14,19],"seed_played":"-150366436925090898","killed_by":"Centurion and Healer","ascension_level":0,"is_trial":false}