{"gold_per_floor":[112,73,91,106,120,120,195,206,206,206,131,131,146,161,161,161],"floor_reached":16,"playtime":391,"items_purged":["Strike_R"],"score":94,"play_id":"e1dcf85c-9aa4-4248-9aa4-55e4239f406a","local_time":"20190208004635","is_ascension_mode":false,"campfire_choices":[{"data":"Searing Blow","floor":6,"key":"SMITH"},{"floor":15,"key":"REST"}],"neow_cost":"NONE","seed_source_timestamp":53888839909300,"circlet_count":0,"master_deck":["Strike_R","Strike_R","Strike_R","Defend_R","Defend_R","Defend_R","Defend_R","Bash","Searing Blow+1"],"special_seed":0,"relics":["Burning Blood","Nunchaku"],"potions_floor_usage":[8,13],"damage_taken":[{"damage":7.0,"enemies":"2 Louse","floor":1.0,"turns":5.0},{"damage":11,"enemies":"Jaw Worm","floor":3,"turns":2},{"damage":5,"enemies":"Small Slimes","floor":4,"turns":4},{"damage":21,"enemies":"Red Slaver","floor":5,"turns":4},{"damage":27,"enemies":"Exordium Thugs","floor":8,"turns":3},{"damage":21,"enemies":"Lots of Slimes","floor":13,"turns":5},{"damage":16,"enemies":"3 Louse","floor":14,"turns":4},{"damage":56,"enemies":"Hexaghost","floor":16,"turns":9}],"seed_played":"-5471079883432399151","potions_obtained":[{"floor":1.0,"key":"Dexterity Potion"},{"floor":3,"key":"Fire Potion"},{"floor":4,"key":"Ancient Potion"}],"is_trial":false,"path_per_floor":["M","$","M","M","M","R","?","M","T","?","$","?","M","M","R","B"],"character_chosen":"IRONCLAD","items_purchased":["Searing Blow"],"campfire_rested":1,"item_purchase_floors":[2],"current_hp_per_floor":[79,79,74,75,60,60,49,28,28,54,54,54,39,29,53,0],"gold":161,"neow_bonus":"REMOVE_CARD","is_prod":false,"is_daily":false,"chose_seed":false,"campfire_upgraded":1,"win_rate":0,"timestamp":1549604795,"path_taken":["M","$","M","M","M","R","?","M","T","?","$","?","M","M","R","BOSS"],"build_version":"2019-01-23","purchased_purges":1,"victory":false,"max_hp_per_floor":[80,80,80,80,80,80,80,80,80,80,80,80,80,80,80,80],"card_choices":[{"not_picked":["Burning Pact","Anger","Armaments"],"picked":"SKIP","floor":1.0},{"not_picked":["Blood for Blood","Iron Wave","Havoc"],"picked":"SKIP","floor":3},{"not_picked":["Clash","True Grit","Pommel Strike"],"picked":"SKIP","floor":4},{"not_picked":["Armaments","Twin Strike","Clash"],"picked":"SKIP","floor":5},{"not_picked":["Thunderclap","Clash","Limit Break"],"picked":"SKIP","floor":8},{"not_picked":["Burning Pact","Whirlwind","Warcry"],"picked":"SKIP","floor":13},{"not_picked":["Clash","Wild Strike","Pommel Strike"],"picked":"SKIP","floor":14}],"player_experience":416564,"relics_obtained":[{"floor":9,"key":"Nunchaku"}],"event_choices":[{"damage_healed":0,"gold_gain":75,"player_choice":"Gather Gold","damage_taken":11,"max_hp_gain":0,"max_hp_loss":0,"event_name":"World of Goop","floor":7,"gold_loss":0},{"damage_healed":26,"gold_gain":0,"player_choice":"Banana","damage_taken":0,"max_hp_gain":0,"max_hp_loss":0,"event_name":"Big Fish","floor":10,"gold_loss":0},{"damage_healed":0,"gold_gain":0,"player_choice":"Ignored","damage_taken":0,"max_hp_gain":0,"max_hp_loss":0,"event_name":"Liars Game","floor":12,"gold_loss":0}],"is_beta":false,"boss_relics":[],"items_purged_floors":[11],"is_endless":false,"potions_floor_spawned":[1,3,4],"killed_by":"Hexaghost","ascension_level":0}