{"path_per_floor":["M","M","?","M","M","R","M","?","T","?","M","R","M","M","R","B",null,"M","?","$","M","M","R","E","R","T","M","R","?","M","M","R"],"character_chosen":"THE_SILENT","items_purchased":["Lee\u0027s Waffle","Deadly Poison"],"gold_per_floor":[114,127,127,143,162,162,177,177,202,202,218,218,231,244,244,343,343,343,343,121,46,46,46,46,46,46,46,46,46,46,46,46,46],"floor_reached":33,"campfire_rested":4,"playtime":1372,"item_purchase_floors":[20,20],"current_hp_per_floor":[70,70,63,63,61,61,61,47,47,47,44,44,34,31,52,52,70,57,57,77,64,64,64,14,37,37,34,57,57,19,13,36,0],"items_purged":[],"gold":46,"score":313,"play_id":"f8df5d27-c43e-4e45-9fcb-47972754352b","local_time":"20180607164837","is_prod":false,"is_daily":false,"chose_seed":false,"is_ascension_mode":false,"campfire_upgraded":3,"win_rate":0.0,"timestamp":1528404517,"campfire_choices":[{"data":"Dash","floor":6,"key":"SMITH"},{"data":"Caltrops","floor":12,"key":"SMITH"},{"floor":15,"key":"REST"},{"data":"Envenom","floor":23,"key":"SMITH"},{"floor":25,"key":"REST"},{"floor":28,"key":"REST"},{"floor":32,"key":"REST"}],"path_taken":["M","M","?","M","M","R","M","?","T","?","M","R","M","M","R","BOSS","M","?","$","?","M","R","E","R","T","M","R","?","M","M","R","BOSS"],"build_version":"2018-06-07","seed_source_timestamp":18816470335806,"purchased_purges":0,"victory":false,"master_deck":["Defend_G","Defend_G","Defend_G","Defend_G","Defend_G","Strike_G","Strike_G+1","Strike_G+1","Strike_G","Survivor","Neutralize+1","Predator","Blur","Dash+1","Malaise","Deadly Poison","Caltrops+1","Deadly Poison","Envenom+1","Slice+1","Deadly Poison","Well Laid Plans","Dagger Spray+1","Noxious Fumes","Caltrops","Crippling Poison"],"max_hp_per_floor":[70,70,70,70,70,70,70,70,70,70,70,70,70,70,70,70,70,70,70,77,77,77,77,77,77,77,77,77,77,77,77,77,77],"relics":["Ring of the Snake","Oddly Smooth Stone","Ectoplasm","Lee\u0027s Waffle","Dream Catcher","Molten Egg 2"],"card_choices":[{"not_picked":["Riddle With Holes","Underhanded Strike"],"picked":"Predator","floor":1},{"not_picked":["Dagger Spray","Prepared"],"picked":"Blur","floor":2},{"not_picked":["Dagger Spray","Acrobatics"],"picked":"Dash","floor":4},{"not_picked":["Dodge and Roll","Dagger Throw"],"picked":"Malaise","floor":5},{"not_picked":["PiercingWail","Cloak And Dagger"],"picked":"Deadly Poison","floor":7},{"not_picked":["Flying Knee","Acrobatics"],"picked":"Caltrops","floor":11},{"not_picked":["Concentrate","Prepared","Leg Sweep"],"picked":"SKIP","floor":13},{"not_picked":["Dodge and Roll","Bane"],"picked":"Deadly Poison","floor":14},{"not_picked":["Adrenaline","Glass Knife"],"picked":"Envenom","floor":16},{"not_picked":["Skewer","Sucker Punch"],"picked":"Slice+1","floor":18},{"not_picked":["Reflex+1","Outmaneuver"],"picked":"Well Laid Plans","floor":21},{"not_picked":["Concentrate","Slice"],"picked":"Dagger Spray+1","floor":22},{"not_picked":["Flechettes","Flying Knee"],"picked":"Noxious Fumes","floor":24},{"not_picked":["Setup","Slice+1"],"picked":"Caltrops","floor":27},{"not_picked":["Slice+1","Deflect","Grand Finale+1"],"picked":"SKIP","floor":30},{"not_picked":["Slice+1","Prepared"],"picked":"Crippling Poison","floor":31}],"player_experience":218651,"potions_floor_usage":[16,24,24,24,33],"damage_taken":[{"damage":0,"enemies":"Small Slimes","floor":1,"turns":5},{"damage":0,"enemies":"2 Louse","floor":2,"turns":2},{"damage":0,"enemies":"Cultist","floor":4,"turns":4},{"damage":2,"enemies":"Looter","floor":5,"turns":3},{"damage":0,"enemies":"2 Fungi Beasts","floor":7,"turns":4},{"damage":3,"enemies":"Blue Slaver","floor":11,"turns":4},{"damage":10,"enemies":"3 Louse","floor":13,"turns":2},{"damage":3,"enemies":"Lots of Slimes","floor":14,"turns":5},{"damage":0,"enemies":"Hexaghost","floor":16,"turns":9},{"damage":13,"enemies":"Chosen","floor":18,"turns":6},{"damage":13,"enemies":"2 Thieves","floor":21,"turns":5},{"damage":0,"enemies":"Snake Plant","floor":22,"turns":4},{"damage":50,"enemies":"Gremlin Leader","floor":24,"turns":5},{"damage":3,"enemies":"Snecko","floor":27,"turns":8},{"damage":38,"enemies":"Slaver and Parasite","floor":30,"turns":5},{"damage":6,"enemies":"Snake Plant","floor":31,"turns":6},{"damage":43,"enemies":"Automaton","floor":33,"turns":6}],"relics_obtained":[{"floor":9,"key":"Oddly Smooth Stone"},{"floor":24,"key":"Dream Catcher"},{"floor":26,"key":"Molten Egg 2"}],"event_choices":[{"event_name":"Golden Wing","player_choice":"Card Removal","floor":3,"damage_taken":0},{"event_name":"Shining Light","player_choice":"Entered Light","floor":8,"damage_taken":0},{"event_name":"Liars Game","player_choice":"disagreed","floor":10,"damage_taken":0},{"event_name":"The Woman in Blue","player_choice":"Bought 0 Potions","floor":19,"damage_taken":0},{"event_name":"Ghosts","player_choice":"Ignored","floor":29,"damage_taken":0}],"boss_relics":[{"not_picked":["White Beast Statue","Busted Crown"],"picked":"Ectoplasm"}],"items_purged_floors":[],"potions_floor_spawned":[1,5,7,14,16,18,22,31],"seed_played":"-6667373672549070262","killed_by":"Automaton","ascension_level":0,"potions_obtained":[{"floor":1,"key":"SpeedPotion"},{"floor":5,"key":"Strength Potion"},{"floor":7,"key":"EssenceOfSteel"},{"floor":16,"key":"Dexterity Potion"},{"floor":22,"key":"LiquidBronze"},{"floor":31,"key":"FearPotion"}],"is_trial":false}