{"gold_per_floor":[112,129,27,44,44,75,75,103,128,128,145,174,184,198,198,303,303,322,322,341,9,9,39,39,66,89,100,111,125,125,125,125,221,221,238,238,248,248,265,265,277,277],"floor_reached":42,"playtime":5436,"items_purged":["Strike_G"],"score":692,"play_id":"9daf50d0-4bea-49ea-9877-4eebbda8a7dd","local_time":"20190330181230","is_ascension_mode":true,"campfire_choices":[{"floor":7,"key":"REST"},{"floor":10,"key":"REST"},{"data":"Noxious Fumes","floor":15,"key":"SMITH"},{"floor":24,"key":"REST"},{"floor":30,"key":"REST"},{"data":"Dash","floor":32,"key":"SMITH"},{"floor":40,"key":"REST"}],"neow_cost":"NONE","seed_source_timestamp":94867381234334,"circlet_count":0,"master_deck":["Defend_G","Defend_G","Defend_G","Defend_G","Defend_G","Strike_G","Strike_G","Strike_G","Survivor","Neutralize","Slice","Noxious Fumes+1","Dagger Throw","Poisoned Stab","PiercingWail","Sucker Punch","Dash+1","Dagger Spray","Caltrops","Catalyst","Well Laid Plans","Predator","Burst","Dodge and Roll+1","PiercingWail","Flechettes","Choke","Backflip","Skewer+1","Dodge and Roll","Backflip+1","Noxious Fumes+1","Bullet Time","Shame","Shame","Calculated Gamble+1","Prepared+1","Sucker Punch+1","Backflip+1","Noxious Fumes+1"],"relics":["Ring of the Snake","Happy Flower","Pen Nib","Vajra","Omamori","Velvet Choker","Ornamental Fan","Necronomicon","Bottled Lightning","Prayer Wheel","Bag of Preparation","Calling Bell","Anchor","Darkstone Periapt","Nunchaku","GremlinMask"],"potions_floor_usage":[6,12,16,18,23,25,33,33,41,42],"damage_taken":[{"damage":0,"enemies":"2 Louse","floor":1,"turns":3},{"damage":0,"enemies":"Cultist","floor":2,"turns":5},{"damage":1,"enemies":"Small Slimes","floor":4,"turns":4},{"damage":30,"enemies":"Gremlin Nob","floor":6,"turns":4},{"damage":22,"enemies":"Lagavulin","floor":8,"turns":7},{"damage":0,"enemies":"2 Fungi Beasts","floor":11,"turns":2},{"damage":5,"enemies":"3 Sentries","floor":12,"turns":5},{"damage":0,"enemies":"Red Slaver","floor":13,"turns":3},{"damage":2,"enemies":"Blue Slaver","floor":14,"turns":3},{"damage":2,"enemies":"Slime Boss","floor":16,"turns":10},{"damage":20,"enemies":"2 Thieves","floor":18,"turns":4},{"damage":6,"enemies":"3 Byrds","floor":20,"turns":4},{"damage":1,"enemies":"Gremlin Leader","floor":23,"turns":8},{"damage":2,"enemies":"Slavers","floor":25,"turns":7},{"damage":4,"enemies":"Snake Plant","floor":27,"turns":3},{"damage":0,"enemies":"Cultist and Chosen","floor":28,"turns":3},{"damage":2,"enemies":"Shelled Parasite and Fungi","floor":29,"turns":4},{"damage":46,"enemies":"Collector","floor":33,"turns":8},{"damage":6,"enemies":"3 Shapes","floor":35,"turns":6},{"damage":19,"enemies":"Orb Walker","floor":37,"turns":4},{"damage":18,"enemies":"Jaw Worm Horde","floor":39,"turns":4},{"damage":17,"enemies":"Transient","floor":41,"turns":5},{"damage":22,"enemies":"Giant Head","floor":42,"turns":5}],"seed_played":"2545415815505860663","potions_obtained":[{"floor":1,"key":"SpeedPotion"},{"floor":4,"key":"PowerPotion"},{"floor":8,"key":"Energy Potion"},{"floor":14,"key":"GamblersBrew"},{"floor":16,"key":"SpeedPotion"},{"floor":20,"key":"Weak Potion"},{"floor":23,"key":"SpeedPotion"},{"floor":27,"key":"SteroidPotion"},{"floor":29,"key":"SneckoOil"},{"floor":37,"key":"Weak Potion"},{"floor":41,"key":"Fire Potion"}],"is_trial":false,"path_per_floor":["?","M","?","M","?","?","?","?"],"character_chosen":"THE_SILENT","items_purchased":["Poisoned Stab","PiercingWail","Ornamental Fan"],"campfire_rested":5,"item_purchase_floors":[3,3,21],"current_hp_per_floor":[63,63,63,62,62,32,53,31,31,52,52,47,47,45,45,43,63,43,43,37,37,21,20,41,39,39,35,35,33,54,54,54,8,55,49,49,30,30,12,33,16,0],"gold":277,"neow_bonus":"THREE_CARDS","is_prod":false,"is_daily":false,"chose_seed":false,"campfire_upgraded":2,"win_rate":0,"timestamp":1553969550,"path_taken":["M","M","$","M","?","E","R","E","T","R","M","E","?","M","R","BOSS","M","?","?","$","?","E","R","E","T","M","M","M","R","?","R","BOSS","M","?","M","?","M","R","M","E"],"build_version":"2019-01-23","purchased_purges":1,"victory":false,"max_hp_per_floor":[70,70,70,70,70,70,70,70,70,70,70,70,70,70,70,70,70,70,70,70,70,70,70,70,70,70,70,70,70,70,70,70,70,70,70,70,70,70,70,70,70,70],"card_choices":[{"not_picked":["Blade Dance","Dodge and Roll"],"picked":"Slice","floor":0},{"not_picked":["Dodge and Roll","Dagger Spray"],"picked":"Noxious Fumes","floor":1},{"not_picked":["Dodge and Roll","Bane"],"picked":"Dagger Throw","floor":2},{"not_picked":["Bane","Heel Hook"],"picked":"Sucker Punch","floor":4},{"not_picked":["Dagger Spray","Bane"],"picked":"Dash","floor":6},{"not_picked":["Envenom","Heel Hook"],"picked":"Dagger Spray","floor":8},{"not_picked":["Outmaneuver","Calculated Gamble"],"picked":"Caltrops","floor":11},{"not_picked":["Escape Plan","Outmaneuver"],"picked":"Catalyst","floor":12},{"not_picked":["Slice","Tactician"],"picked":"Well Laid Plans","floor":13},{"not_picked":["Underhanded Strike","Deflect"],"picked":"Predator","floor":14},{"not_picked":["Die Die Die","Glass Knife"],"picked":"Burst","floor":16},{"not_picked":["Endless Agony+1","Deadly Poison"],"picked":"Dodge and Roll+1","floor":18},{"not_picked":["Eviscerate","Deflect"],"picked":"PiercingWail","floor":20},{"not_picked":["Masterful Stab","Slice"],"picked":"Flechettes","floor":23},{"not_picked":["Escape Plan","Flechettes+1"],"picked":"Choke","floor":25},{"not_picked":["Prepared+1","Underhanded Strike"],"picked":"Backflip","floor":27},{"not_picked":["PiercingWail","Tactician","Poisoned Stab"],"picked":"SKIP","floor":27},{"not_picked":["Underhanded Strike","Deflect"],"picked":"Skewer+1","floor":28},{"not_picked":["Well Laid Plans","Dagger Spray","Flying Knee"],"picked":"SKIP","floor":28},{"not_picked":["Well Laid Plans","Outmaneuver"],"picked":"Dodge and Roll","floor":29},{"not_picked":["Cloak And Dagger","Dagger Throw"],"picked":"Backflip+1","floor":29},{"not_picked":["Burst","Doppelganger"],"picked":"Bullet Time","floor":33},{"not_picked":["Finisher","Acrobatics"],"picked":"Calculated Gamble+1","floor":35},{"not_picked":["Underhanded Strike+1","Deadly Poison+1"],"picked":"Prepared+1","floor":35},{"not_picked":["Quick Slash+1","Catalyst"],"picked":"Sucker Punch+1","floor":37},{"not_picked":["Eviscerate","Dagger Spray","Poisoned Stab+1"],"picked":"SKIP","floor":37},{"not_picked":["Dagger Spray+1","PiercingWail"],"picked":"Backflip+1","floor":39},{"not_picked":["Dagger Spray","Masterful Stab","Dagger Throw+1"],"picked":"SKIP","floor":39},{"not_picked":["Dagger Spray","Calculated Gamble"],"picked":"Noxious Fumes+1","floor":41},{"not_picked":["Glass Knife","Flechettes","Accuracy"],"picked":"SKIP","floor":41}],"player_experience":392431,"relics_obtained":[{"floor":6,"key":"Happy Flower"},{"floor":8,"key":"Pen Nib"},{"floor":9,"key":"Vajra"},{"floor":12,"key":"Omamori"},{"floor":22,"key":"Necronomicon"},{"floor":23,"key":"Bottled Lightning"},{"floor":25,"key":"Prayer Wheel"},{"floor":26,"key":"Bag of Preparation"},{"floor":34,"key":"Anchor"},{"floor":34,"key":"Darkstone Periapt"},{"floor":34,"key":"Nunchaku"}],"event_choices":[{"cards_removed":["Strike_G"],"damage_healed":0,"gold_gain":0,"player_choice":"Offered Basic","damage_taken":0,"max_hp_gain":0,"max_hp_loss":0,"event_name":"Bonfire Elementals","floor":5,"gold_loss":0},{"damage_healed":0,"gold_gain":0,"player_choice":"Ignored","damage_taken":0,"max_hp_gain":0,"max_hp_loss":0,"event_name":"N\u0027loth","floor":19,"gold_loss":0},{"damage_healed":0,"gold_gain":0,"player_choice":"Obtained Book","damage_taken":16,"max_hp_gain":0,"max_hp_loss":0,"event_name":"Cursed Tome","floor":22,"gold_loss":0},{"damage_healed":0,"gold_gain":0,"player_choice":"Copied","damage_taken":0,"max_hp_gain":0,"max_hp_loss":0,"event_name":"Duplicator","floor":31,"gold_loss":0,"cards_obtained":["Noxious Fumes"]},{"damage_healed":0,"gold_gain":0,"player_choice":"Ignored","damage_taken":0,"max_hp_gain":0,"max_hp_loss":0,"event_name":"Tomb of Lord Red Mask","floor":36,"gold_loss":0},{"damage_healed":0,"gold_gain":0,"player_choice":"Trade","damage_taken":0,"relics_obtained":["GremlinMask"],"max_hp_gain":0,"max_hp_loss":0,"event_name":"FaceTrader","floor":38,"gold_loss":0}],"is_beta":false,"boss_relics":[{"not_picked":["Fusion Hammer","Eternal Feather"],"picked":"Velvet Choker"},{"not_picked":["WristBlade","Tiny House"],"picked":"Calling Bell"}],"items_purged_floors":[21],"is_endless":false,"potions_floor_spawned":[1,4,8,14,16,20,23,27,29,37,41],"killed_by":"Giant Head","ascension_level":9}