{"gold_per_floor":[116,126,143,20,38,38,73,84,84,102,102,102,129,54,54,150,150,162,177,192,43,59,59,79,107,182,182,18,36,36,36,36,36],"floor_reached":33,"playtime":3088,"items_purged":["Strike_B"],"score":335,"play_id":"15848475-fbf5-4718-9698-3105dd1e8d62","local_time":"20190330002438","is_ascension_mode":true,"campfire_choices":[{"data":"Zap","floor":6,"key":"SMITH"},{"floor":15,"key":"REST"},{"floor":23,"key":"REST"},{"floor":27,"key":"REST"},{"floor":32,"key":"REST"}],"neow_cost":"NONE","seed_source_timestamp":33143916702733,"circlet_count":0,"master_deck":["Strike_B","Defend_B","Defend_B","Defend_B","Defend_B","Zap+1","Dualcast+1","Rebound","Streamline","White Noise","Coolheaded","Doom and Gloom","Capacitor","Storm","Ball Lightning","Loop","Echo Form","Leap","Go for the Eyes+1","Conserve Battery","Sweeping Beam","Coolheaded","Amplify","Defragment","Go for the Eyes","Steam","Sunder","Hologram"],"relics":["Cracked Core","Bottled Flame","Lantern","Vajra","Velvet Choker","Happy Flower","Darkstone Periapt","Matryoshka"],"potions_floor_usage":[16,25,33,33],"damage_taken":[{"damage":0,"enemies":"Small Slimes","floor":1,"turns":2},{"damage":7,"enemies":"Jaw Worm","floor":2,"turns":3},{"damage":0,"enemies":"Cultist","floor":3,"turns":3},{"damage":2,"enemies":"Blue Slaver","floor":5,"turns":3},{"damage":13,"enemies":"Lagavulin","floor":7,"turns":5},{"damage":23,"enemies":"3 Louse","floor":8,"turns":2},{"damage":6,"enemies":"Lots of Slimes","floor":10,"turns":2},{"damage":25,"enemies":"Gremlin Nob","floor":13,"turns":4},{"damage":7,"enemies":"The Guardian","floor":16,"turns":8},{"damage":6,"enemies":"Spheric Guardian","floor":18,"turns":3},{"damage":21,"enemies":"Shell Parasite","floor":19,"turns":4},{"damage":18,"enemies":"Centurion and Healer","floor":20,"turns":5},{"damage":17,"enemies":"Snake Plant","floor":22,"turns":4},{"damage":9,"enemies":"3 Cultists","floor":24,"turns":4},{"damage":22,"enemies":"Gremlin Leader","floor":25,"turns":6},{"damage":8,"enemies":"Chosen and Byrds","floor":29,"turns":5},{"damage":66,"enemies":"Collector","floor":33,"turns":5}],"seed_played":"-2086371497072413795","potions_obtained":[{"floor":2,"key":"Energy Potion"},{"floor":7,"key":"SteroidPotion"},{"floor":18,"key":"Swift Potion"},{"floor":25,"key":"FearPotion"},{"floor":29,"key":"EssenceOfSteel"}],"is_trial":false,"path_per_floor":["?","?","$","M","?","?"],"character_chosen":"DEFECT","items_purchased":["Coolheaded","Regen Potion","Loop","Happy Flower","Defragment","Go for the Eyes"],"campfire_rested":4,"item_purchase_floors":[4,4,14,21,28,28],"current_hp_per_floor":[82,75,75,75,73,73,60,37,37,31,31,31,6,6,30,38,82,76,55,37,37,20,44,35,13,13,37,37,29,29,34,58,0],"gold":36,"neow_bonus":"TEN_PERCENT_HP_BONUS","is_prod":false,"is_daily":false,"chose_seed":false,"campfire_upgraded":1,"win_rate":0,"timestamp":1553905478,"path_taken":["M","M","M","$","M","R","E","M","T","M","?","?","E","?","R","BOSS","M","?","M","$","M","R","M","E","T","R","$","M","?","?","R","BOSS"],"build_version":"2019-01-23","purchased_purges":1,"victory":false,"max_hp_per_floor":[82,82,82,82,82,82,82,82,82,82,82,82,82,82,82,82,82,82,82,82,82,82,82,82,82,82,82,82,82,82,82,82,82],"card_choices":[{"not_picked":["Steam","Hologram"],"picked":"Rebound","floor":1},{"not_picked":["Rebound","Turbo"],"picked":"Streamline","floor":2},{"not_picked":["Streamline","Redo"],"picked":"White Noise","floor":3},{"not_picked":["Compile Driver","Aggregate"],"picked":"Doom and Gloom","floor":5},{"not_picked":["Beam Cell","Rebound"],"picked":"Capacitor","floor":7},{"not_picked":["White Noise","Multi-Cast"],"picked":"Storm","floor":8},{"not_picked":["Redo","Stack"],"picked":"Ball Lightning","floor":10},{"not_picked":["Coolheaded","Leap"],"picked":"Ball Lightning","floor":13},{"not_picked":["Meteor Strike","Multi-Cast"],"picked":"Echo Form","floor":16},{"not_picked":["Chaos+1","Doom and Gloom"],"picked":"Leap","floor":18},{"not_picked":["Static Discharge","Redo"],"picked":"Go for the Eyes+1","floor":19},{"not_picked":["Force Field","Hologram"],"picked":"Conserve Battery","floor":20},{"not_picked":["Steam","Beam Cell"],"picked":"Sweeping Beam","floor":22},{"not_picked":["Aggregate","Reinforced Body"],"picked":"Coolheaded","floor":24},{"not_picked":["Gash","Reprogram+1"],"picked":"Amplify","floor":25},{"not_picked":["Scrape+1","Sweeping Beam"],"picked":"Steam","floor":29}],"player_experience":380583,"relics_obtained":[{"floor":7,"key":"Bottled Flame"},{"floor":9,"key":"Lantern"},{"floor":13,"key":"Vajra"},{"floor":25,"key":"Darkstone Periapt"},{"floor":26,"key":"Matryoshka"}],"event_choices":[{"damage_healed":0,"gold_gain":0,"player_choice":"Grow","damage_taken":0,"max_hp_gain":0,"max_hp_loss":0,"event_name":"Living Wall","floor":11,"gold_loss":0,"cards_upgraded":["Dualcast"]},{"damage_healed":0,"gold_gain":0,"player_choice":"Ignored","damage_taken":0,"max_hp_gain":0,"max_hp_loss":0,"event_name":"Shining Light","floor":12,"gold_loss":0},{"damage_healed":0,"gold_gain":0,"cards_transformed":["Strike_B","Strike_B"],"player_choice":"Became Test Subject","damage_taken":0,"max_hp_gain":0,"max_hp_loss":0,"event_name":"Drug Dealer","floor":30,"gold_loss":0,"cards_obtained":["Sunder","Hologram"]},{"cards_removed":["Ball Lightning"],"damage_healed":5,"gold_gain":0,"player_choice":"Offered Common","damage_taken":0,"max_hp_gain":0,"max_hp_loss":0,"event_name":"Bonfire Elementals","floor":31,"gold_loss":0},{"cards_removed":["Ball Lightning"],"damage_healed":5,"gold_gain":0,"player_choice":"Offered Special","damage_taken":0,"max_hp_gain":0,"max_hp_loss":0,"event_name":"Bonfire Elementals","floor":31,"gold_loss":0}],"is_beta":false,"boss_relics":[{"not_picked":["Empty Cage","Ectoplasm"],"picked":"Velvet Choker"}],"items_purged_floors":[28],"is_endless":false,"potions_floor_spawned":[2,7,13,18,25,29],"killed_by":"Collector","ascension_level":4}