{"gold_per_floor":[119,119,135,154,59,59,94,94,94,128,3,3,3,16,16,114,114,133,20,20,40,56,85,95,107,161,193,193,45,77,97,97,202,202,220,23,33,53,53,83,95,95,95,110,145,0,0,0,0,0],"floor_reached":51,"playtime":6348,"items_purged":["Strike_B","Writhe","Defend_B"],"score":1088,"play_id":"7de5641a-fe9c-46de-a627-230e7e89f664","local_time":"20190419203212","is_ascension_mode":true,"campfire_choices":[{"data":"Zap","floor":6,"key":"SMITH"},{"data":"Defragment","floor":12,"key":"SMITH"},{"floor":15,"key":"REST"},{"floor":32,"key":"REST"},{"floor":42,"key":"RECALL"},{"floor":47,"key":"REST"},{"floor":49,"key":"REST"}],"neow_cost":"NONE","seed_source_timestamp":160993811548787,"circlet_count":0,"master_deck":["AscendersBane","Strike_B+1","Defend_B","Defend_B","Defend_B+1","Zap+1","Dualcast","Conserve Battery","Ball Lightning","Cold Snap","Self Repair","Cold Snap","Defragment+1","Leap","Meteor Strike","Recycle","Echo Form","Steam","Chill","Darkness","Reprogram","Sweeping Beam","Electrodynamics","Coolheaded","Rebound","Skim","Rainbow","Glacier+1","Defragment","Reboot","Seek"],"relics":["Cracked Core","Kunai","DataDisk","Du-Vu Doll","Runic Pyramid","PreservedInsect","Anchor","Potion Belt","Strawberry","Torii","Fusion Hammer","Bronze Scales","Darkstone Periapt","Boot","Red Mask"],"potions_floor_usage":[10,16,16,21,22,27,30,50,50,50],"damage_taken":[{"damage":3,"enemies":"2 Louse","floor":1,"turns":2},{"damage":0,"enemies":"Jaw Worm","floor":3,"turns":4},{"damage":0,"enemies":"Cultist","floor":4,"turns":3},{"damage":31,"enemies":"Gremlin Nob","floor":7,"turns":4},{"damage":5,"enemies":"Lagavulin","floor":10,"turns":6},{"damage":15,"enemies":"Gremlin Gang","floor":14,"turns":4},{"damage":18,"enemies":"The Guardian","floor":16,"turns":14},{"damage":0,"enemies":"Chosen","floor":18,"turns":6},{"damage":36,"enemies":"3 Byrds","floor":21,"turns":4},{"damage":3,"enemies":"3 Cultists","floor":22,"turns":7},{"damage":22,"enemies":"Gremlin Leader","floor":23,"turns":9},{"damage":10,"enemies":"Centurion and Healer","floor":24,"turns":6},{"damage":13,"enemies":"Shelled Parasite and Fungi","floor":25,"turns":6},{"damage":24,"enemies":"Slavers","floor":27,"turns":4},{"damage":4,"enemies":"Gremlin Leader","floor":30,"turns":7},{"damage":2,"enemies":"Snecko","floor":31,"turns":6},{"damage":27,"enemies":"Collector","floor":33,"turns":11},{"damage":0,"enemies":"3 Shapes","floor":35,"turns":3},{"damage":14,"enemies":"Orb Walker","floor":37,"turns":5},{"damage":20,"enemies":"Transient","floor":38,"turns":5},{"damage":14,"enemies":"Nemesis","floor":40,"turns":9},{"damage":0,"enemies":"4 Shapes","floor":41,"turns":4},{"damage":9,"enemies":"Spire Growth","floor":44,"turns":8},{"damage":23,"enemies":"Reptomancer","floor":45,"turns":5},{"damage":29,"enemies":"Donu and Deca","floor":50,"turns":10}],"seed_played":"-1512969837698996118","potions_obtained":[{"floor":7,"key":"Weak Potion"},{"floor":10,"key":"Weak Potion"},{"floor":23,"key":"FocusPotion"},{"floor":25,"key":"Regen Potion"},{"floor":27,"key":"AttackPotion"},{"floor":31,"key":"LiquidBronze"},{"floor":38,"key":"SkillPotion"},{"floor":40,"key":"SpeedPotion"}],"is_trial":false,"path_per_floor":["?","?","$","?","?","M","?","?","?","?"],"character_chosen":"DEFECT","items_purchased":["Self Repair","Cold Snap","Block Potion","Chill","Darkness","Dexterity Potion","Defragment"],"campfire_rested":4,"item_purchase_floors":[5,5,11,19,19,29,36],"current_hp_per_floor":[72,56,56,56,56,56,32,25,25,27,27,27,27,19,43,32,70,82,82,58,36,47,39,43,44,44,32,39,39,49,61,87,67,84,89,89,89,76,76,76,83,83,83,85,76,76,85,85,85,63],"gold":0,"neow_bonus":"TEN_PERCENT_HP_BONUS","is_prod":false,"is_daily":false,"chose_seed":false,"campfire_upgraded":2,"win_rate":0,"timestamp":1555702332,"path_taken":["M","?","M","M","$","R","E","?","T","E","?","R","?","M","R","BOSS","M","$","?","M","?","E","M","M","T","E","?","$","E","M","R","BOSS","M","$","M","M","?","E","M","R","T","M","E","?","R","?","R","BOSS"],"build_version":"2019-01-23","purchased_purges":3,"victory":true,"max_hp_per_floor":[82,82,82,82,82,82,82,82,82,82,82,82,82,82,82,82,82,82,82,82,82,82,82,82,82,82,82,89,89,89,89,89,89,89,89,89,89,89,85,85,85,85,85,85,85,85,85,85,85,85],"card_choices":[{"not_picked":["Hologram","Hello World"],"picked":"Conserve Battery","floor":1},{"not_picked":["Hologram","Leap"],"picked":"Ball Lightning","floor":3},{"not_picked":["Skim","Steam Power"],"picked":"Cold Snap","floor":4},{"not_picked":["Core Surge","Coolheaded"],"picked":"Defragment","floor":7},{"not_picked":["Streamline","Barrage"],"picked":"Leap","floor":10},{"not_picked":["Stack","Barrage"],"picked":"Recycle","floor":14},{"not_picked":["All For One","Biased Cognition"],"picked":"Echo Form","floor":16},{"not_picked":["Undo","Recycle"],"picked":"Steam","floor":18},{"not_picked":["Lockon","Heatsinks"],"picked":"Reprogram","floor":21},{"not_picked":["Leap","Rebound"],"picked":"Sweeping Beam","floor":22},{"not_picked":["Rip and Tear","Hologram+1"],"picked":"Electrodynamics","floor":23},{"not_picked":["Gash+1","Leap"],"picked":"Coolheaded","floor":24},{"not_picked":["Compile Driver","Ball Lightning+1"],"picked":"Rebound","floor":25},{"not_picked":["Hello World","Barrage","Gash+1"],"picked":"SKIP","floor":27},{"not_picked":["Rebound+1","Electrodynamics"],"picked":"Skim","floor":30},{"not_picked":["Ball Lightning","Scrape","Leap"],"picked":"SKIP","floor":31},{"not_picked":["Multi-Cast","Thunder Strike"],"picked":"Rainbow","floor":33},{"not_picked":["FTL+1","Compile Driver"],"picked":"Glacier+1","floor":35},{"not_picked":["Melter","Genetic Algorithm+1","Redo"],"picked":"SKIP","floor":37},{"not_picked":["Streamline+1","Storm+1","Doom and Gloom"],"picked":"SKIP","floor":38},{"not_picked":["Thunder Strike","Melter+1"],"picked":"Reboot","floor":40},{"not_picked":["Sweeping Beam+1","Scrape","Hello World+1"],"picked":"SKIP","floor":41},{"not_picked":["Hologram","Go for the Eyes","Recycle"],"picked":"SKIP","floor":44},{"not_picked":["Ball Lightning+1","All For One"],"picked":"Seek","floor":45}],"player_experience":647463,"relics_obtained":[{"floor":7,"key":"Kunai"},{"floor":9,"key":"DataDisk"},{"floor":10,"key":"Du-Vu Doll"},{"floor":23,"key":"PreservedInsect"},{"floor":26,"key":"Anchor"},{"floor":27,"key":"Potion Belt"},{"floor":30,"key":"Torii"},{"floor":40,"key":"Bronze Scales"},{"floor":43,"key":"Darkstone Periapt"},{"floor":45,"key":"Boot"}],"event_choices":[{"damage_healed":0,"gold_gain":0,"player_choice":"Entered Light","damage_taken":16,"max_hp_gain":0,"max_hp_loss":0,"event_name":"Shining Light","floor":2,"gold_loss":0,"cards_upgraded":["Strike_B","Defend_B"]},{"cards_removed":["Strike_B"],"damage_healed":0,"gold_gain":0,"player_choice":"Card Removal","damage_taken":7,"max_hp_gain":0,"max_hp_loss":0,"event_name":"Golden Wing","floor":8,"gold_loss":0},{"damage_healed":0,"gold_gain":0,"cards_transformed":["Strike_B"],"player_choice":"Transformed","damage_taken":0,"max_hp_gain":0,"max_hp_loss":0,"event_name":"Transmorgrifier","floor":13,"gold_loss":0,"cards_obtained":["Meteor Strike"]},{"damage_healed":0,"gold_gain":0,"player_choice":"POTION POTION ","damage_taken":24,"max_hp_gain":0,"max_hp_loss":0,"event_name":"Knowing Skull","floor":20,"potions_obtained":["FocusPotion","SpeedPotion"],"gold_loss":0,"cards_obtained":[]},{"damage_healed":0,"gold_gain":0,"player_choice":"Opened","damage_taken":0,"relics_obtained":["Strawberry"],"max_hp_gain":0,"max_hp_loss":0,"event_name":"The Mausoleum","floor":28,"gold_loss":0,"cards_obtained":["Writhe"]},{"damage_healed":0,"gold_gain":0,"player_choice":"Max HP","damage_taken":0,"max_hp_gain":0,"max_hp_loss":4,"event_name":"Winding Halls","floor":39,"gold_loss":0},{"damage_healed":0,"gold_gain":0,"player_choice":"Paid","damage_taken":0,"relics_obtained":["Red Mask"],"max_hp_gain":0,"max_hp_loss":0,"event_name":"Tomb of Lord Red Mask","floor":46,"gold_loss":145},{"damage_healed":0,"gold_gain":0,"player_choice":"Ignored","damage_taken":0,"max_hp_gain":0,"max_hp_loss":0,"event_name":"Mysterious Sphere","floor":48,"gold_loss":0}],"is_beta":false,"boss_relics":[{"not_picked":["Astrolabe","Sozu"],"picked":"Runic Pyramid"},{"not_picked":["White Beast Statue","Nuclear Battery"],"picked":"Fusion Hammer"}],"items_purged_floors":[11,29,36],"is_endless":false,"potions_floor_spawned":[7,10,23,25,27,31,38,40,44],"ascension_level":10}