{"path_per_floor":["M","M","M","?","M","R","?","M","T","R","$","M","M","M","R","B",null,"M","?","?","M","?","R","M","M","T","M"],"character_chosen":"DEFECT","items_purchased":["Turnip"],"gold_per_floor":[109,125,145,245,263,263,263,282,305,305,5,17,31,47,47,148,148,162,162,162,179,208,208,219,238,319,333,333],"floor_reached":28,"campfire_rested":0,"playtime":1396,"current_hp_per_floor":[74,74,74,74,55,55,55,55,55,55,55,55,53,53,53,39,75,68,52,52,52,28,28,37,49,49,19,0],"items_purged":[],"gold":333,"score":241,"play_id":"c4a56aec-0226-4c2b-920d-fa0ff944ac81","local_time":"20180508130332","is_prod":false,"is_daily":false,"chose_seed":false,"is_ascension_mode":false,"campfire_upgraded":4,"timestamp":1525799012,"path_taken":["M","M","M","?","M","R","?","M","T","R","?","M","M","?","R","BOSS","M","?","?","?","?","R","?","M","T","M","M"],"build_version":"2018-05-07","seed_source_timestamp":99877114794130,"purchased_purges":0,"victory":false,"master_deck":["Defend_B","Defend_B","Defend_B","Defend_B","Zap","Dualcast","Leap","Genetic Algorithm+1","Cold Snap","Ball Lightning","Glacier","Stack+1","Streamline","Chill+1","Capacitor","Amplify","Streamline+1","Bite","Bite","Bite","Bite","Bite","Impulse+1","Multi-Cast+1","Stack","Melter"],"max_hp_per_floor":[75,75,75,75,75,75,75,75,75,75,75,75,75,75,75,75,75,75,52,52,52,52,52,52,52,52,52,52],"relics":["Cracked Core","Bag of Preparation","DataDisk","Turnip","Lizard Tail","Red Mask","Symbiotic Virus"],"card_choices":[{"not_picked":["Sweeping Beam","Undo"],"picked":"Leap","floor":1},{"not_picked":["Stack","Leap"],"picked":"Genetic Algorithm","floor":2},{"not_picked":["Turbo","Consume"],"picked":"Cold Snap","floor":3},{"not_picked":["Doom and Gloom","Turbo"],"picked":"Ball Lightning","floor":5},{"not_picked":["Recycle","Go for the Eyes"],"picked":"Stack","floor":8},{"not_picked":["Stack","Go for the Eyes"],"picked":"Streamline","floor":12},{"not_picked":["Impulse","All For One"],"picked":"Chill","floor":13},{"not_picked":["Cold Snap","Glacier"],"picked":"Capacitor","floor":14},{"not_picked":["Biased Cognition","Thunder Strike"],"picked":"Amplify","floor":16},{"not_picked":["Beam Cell","Heatsinks"],"picked":"Streamline","floor":18},{"not_picked":["Rebound","Streamline"],"picked":"Impulse","floor":21},{"not_picked":["Lockon","Cold Snap"],"picked":"Multi-Cast","floor":22},{"not_picked":["Heatsinks","Go for the Eyes"],"picked":"Stack","floor":24},{"not_picked":["BootSequence","Darkness"],"picked":"Melter","floor":27}],"player_experience":209860,"potions_floor_usage":[22,28],"damage_taken":[{"damage":1,"enemies":"Jaw Worm","floor":1,"turns":3},{"damage":0,"enemies":"Cultist","floor":2,"turns":4},{"damage":0,"enemies":"2 Louse","floor":3,"turns":2},{"damage":19,"enemies":"Lots of Slimes","floor":5,"turns":5},{"damage":0,"enemies":"Blue Slaver","floor":8,"turns":4},{"damage":0,"enemies":"2 Fungi Beasts","floor":12,"turns":3},{"damage":2,"enemies":"Lots of Slimes","floor":13,"turns":4},{"damage":0,"enemies":"Exordium Wildlife","floor":14,"turns":2},{"damage":14,"enemies":"Hexaghost","floor":16,"turns":12},{"damage":7,"enemies":"Shell Parasite","floor":18,"turns":10},{"damage":0,"enemies":"Chosen","floor":21,"turns":5},{"damage":34,"enemies":"Masked Bandits","floor":22,"turns":7},{"damage":5,"enemies":"Snecko","floor":24,"turns":6},{"damage":6,"enemies":"Centurion and Healer","floor":25,"turns":10},{"damage":39,"enemies":"Chosen and Byrds","floor":27,"turns":9},{"damage":58,"enemies":"3 Cultists","floor":28,"turns":8}],"event_choices":[{"event_name":"Golden Shrine","player_choice":"Pray","floor":4,"damage_taken":0},{"event_name":"Transmorgrifier","player_choice":"Transform","floor":7,"damage_taken":0},{"event_name":"Vampires","player_choice":"Became a vampire","floor":19,"damage_taken":0},{"event_name":"Ghosts","player_choice":"Ignored","floor":20,"damage_taken":0},{"event_name":"Masked Bandits","player_choice":"Fought over 179 gold","floor":22,"damage_taken":0}],"boss_relics":[{"not_picked":["Eternal Feather","Philosopher\u0027s Stone"],"picked":"Lizard Tail"}],"potions_floor_spawned":[8,12,16,18,22,24,25],"seed_played":"-5174442071981445288","killed_by":"3 Cultists","ascension_level":0,"is_trial":false}