{"gold_per_floor":[118,118,193,205,205,205,235,235,235,235,263,263,277,290,290,392,392,377,377,377,388,402,402,432,432,482,482,482,25,38,38,38,38],"floor_reached":33,"playtime":1226,"items_purged":["Regret"],"score":377,"play_id":"a3670e1f-c980-4eb1-8ba5-b32dde26c6d6","local_time":"20190206192745","is_ascension_mode":true,"campfire_choices":[{"data":"Zap","floor":6,"key":"SMITH"},{"floor":8,"key":"REST"},{"floor":10,"key":"REST"},{"data":"Rebound","floor":15,"key":"SMITH"},{"floor":23,"key":"REST"},{"floor":25,"key":"REST"},{"floor":27,"key":"REST"},{"floor":32,"key":"REST"}],"neow_cost":"NONE","seed_source_timestamp":31502223742800,"circlet_count":0,"master_deck":["Strike_B","Strike_B","Strike_B","Defend_B","Defend_B","Defend_B","Defend_B","Zap+1","Dualcast","Gash","Hello World+1","Sunder","Auto Shields","Go for the Eyes","Rebound+1","Echo Form","Conserve Battery","Thunder Strike","Writhe","Defragment+1","Bandage Up"],"relics":["Cracked Core","Question Card","Singing Bowl","Blood Vial","Mango","Lizard Tail","Bronze Scales","Juzu Bracelet","Dodecahedron","Frozen Egg 2","Nilry\u0027s Codex"],"potions_floor_usage":[7,16,16,16,24,24,33],"damage_taken":[{"damage":2,"enemies":"Jaw Worm","floor":1,"turns":4},{"damage":6,"enemies":"2 Louse","floor":4,"turns":3},{"damage":44,"enemies":"Gremlin Nob","floor":7,"turns":4},{"damage":13,"enemies":"3 Sentries","floor":11,"turns":6},{"damage":0,"enemies":"Small Slimes","floor":13,"turns":2},{"damage":2,"enemies":"3 Louse","floor":14,"turns":3},{"damage":42,"enemies":"The Guardian","floor":16,"turns":11},{"damage":29,"enemies":"2 Thieves","floor":18,"turns":4},{"damage":40,"enemies":"3 Byrds","floor":21,"turns":5},{"damage":32,"enemies":"Snecko","floor":22,"turns":4},{"damage":52,"enemies":"Gremlin Leader","floor":24,"turns":11},{"damage":32,"enemies":"Chosen and Byrds","floor":30,"turns":6},{"damage":68,"enemies":"Automaton","floor":33,"turns":6}],"seed_played":"-189081878908492465","potions_obtained":[{"floor":1,"key":"Swift Potion"},{"floor":4,"key":"Strength Potion"},{"floor":11,"key":"SkillPotion"},{"floor":13,"key":"LiquidBronze"},{"floor":21,"key":"EssenceOfSteel"},{"floor":22,"key":"Weak Potion"},{"floor":30,"key":"Strength Potion"}],"is_trial":false,"path_per_floor":["M","?","?","M","?","R","E","R","T","R","E","?","M","M","R","B",null,"M","?","?","M","M","R","E","R","T","R","?","$","M","?","R","B"],"character_chosen":"DEFECT","items_purchased":["Frozen Egg 2","Defragment+1","Bandage Up"],"campfire_rested":6,"item_purchase_floors":[29,29,29],"current_hp_per_floor":[66,66,55,49,49,49,5,27,27,49,52,52,54,56,56,16,72,45,27,27,50,22,52,4,34,34,64,64,64,40,24,55,0],"gold":38,"neow_bonus":"THREE_CARDS","is_prod":false,"is_daily":false,"chose_seed":false,"campfire_upgraded":2,"win_rate":0,"timestamp":1549499265,"path_taken":["M","?","?","M","?","R","E","R","T","R","E","?","M","M","R","BOSS","M","?","?","M","?","R","E","R","T","R","?","$","M","?","R","BOSS"],"build_version":"2019-01-23","purchased_purges":1,"victory":false,"max_hp_per_floor":[75,75,75,75,75,75,75,75,75,75,89,89,89,91,91,91,91,91,96,96,98,100,100,102,102,102,102,102,102,104,104,104,104],"card_choices":[{"not_picked":["Beam Cell","Redo"],"picked":"Gash","floor":0},{"not_picked":["Consume","Turbo"],"picked":"Hello World","floor":1},{"not_picked":["Redo","Auto Shields"],"picked":"Sunder","floor":4},{"not_picked":["Cold Snap","Aggregate","Static Discharge"],"picked":"Auto Shields","floor":7},{"not_picked":["Turbo","Stack","Auto Shields"],"picked":"Go for the Eyes","floor":11},{"not_picked":["Reprogram","Leap","Ball Lightning"],"picked":"Rebound","floor":13},{"not_picked":["Chaos","Fusion","Coolheaded","Self Repair"],"picked":"Singing Bowl","floor":14},{"not_picked":["Core Surge","Buffer","Biased Cognition"],"picked":"Echo Form","floor":16},{"not_picked":["Rebound+1","Hello World+1","Steam"],"picked":"Conserve Battery","floor":18},{"not_picked":["Hologram","Streamline","Static Discharge+1","Undo+1"],"picked":"Singing Bowl","floor":21},{"not_picked":["Reprogram","Undo+1","Beam Cell","Recycle"],"picked":"Singing Bowl","floor":22},{"not_picked":["Thunder Strike","Beam Cell+1","Barrage","Cold Snap"],"picked":"Singing Bowl","floor":24},{"not_picked":["Leap","Steam+1","Genetic Algorithm","Gash"],"picked":"Singing Bowl","floor":30}],"player_experience":390849,"relics_obtained":[{"floor":7,"key":"Singing Bowl"},{"floor":9,"key":"Blood Vial"},{"floor":11,"key":"Mango"},{"floor":24,"key":"Bronze Scales"},{"floor":26,"key":"Juzu Bracelet"},{"floor":31,"key":"Nilry\u0027s Codex"}],"event_choices":[{"damage_healed":0,"gold_gain":0,"player_choice":"Leave","damage_taken":0,"max_hp_gain":0,"max_hp_loss":0,"event_name":"The Cleric","floor":2,"gold_loss":0},{"damage_healed":0,"gold_gain":75,"player_choice":"Gather Gold","damage_taken":11,"max_hp_gain":0,"max_hp_loss":0,"event_name":"World of Goop","floor":3,"gold_loss":0},{"damage_healed":0,"gold_gain":0,"player_choice":"Box","damage_taken":0,"relics_obtained":["Question Card"],"max_hp_gain":0,"max_hp_loss":0,"event_name":"Big Fish","floor":5,"gold_loss":0,"cards_obtained":["Regret"]},{"damage_healed":0,"gold_gain":0,"player_choice":"Grow","damage_taken":0,"max_hp_gain":0,"max_hp_loss":0,"event_name":"Living Wall","floor":12,"gold_loss":0,"cards_upgraded":["Hello World"]},{"damage_healed":0,"gold_gain":0,"player_choice":"Shed Blood","damage_taken":23,"max_hp_gain":5,"max_hp_loss":0,"event_name":"Forgotten Altar","floor":19,"gold_loss":0},{"damage_healed":0,"gold_gain":0,"cards_transformed":["Strike_B"],"player_choice":"Transformed","damage_taken":0,"max_hp_gain":0,"max_hp_loss":0,"event_name":"Transmorgrifier","floor":20,"gold_loss":0,"cards_obtained":["Thunder Strike"]},{"damage_healed":0,"gold_gain":0,"player_choice":"Opened","damage_taken":0,"relics_obtained":["Dodecahedron"],"max_hp_gain":0,"max_hp_loss":0,"event_name":"The Mausoleum","floor":28,"gold_loss":0,"cards_obtained":["Writhe"]},{"damage_healed":0,"gold_gain":0,"player_choice":"Obtained Book","damage_taken":16,"max_hp_gain":0,"max_hp_loss":0,"event_name":"Cursed Tome","floor":31,"gold_loss":0}],"is_beta":false,"boss_relics":[{"not_picked":["Runic Dome","Velvet Choker"],"picked":"Lizard Tail"}],"items_purged_floors":[29],"is_endless":false,"potions_floor_spawned":[1,4,11,13,21,22,30],"killed_by":"Automaton","ascension_level":6}