{"gold_per_floor":[116,66,66,82,93,93,119,119,176,196,196,196,196,225,225,330,330,342,356,456,469,469],"floor_reached":22,"playtime":1705,"items_purged":[],"score":263,"play_id":"d752cae4-5545-4ebc-9c6e-61604bdda500","local_time":"20190211215532","is_ascension_mode":true,"campfire_choices":[{"data":"Leg Sweep","floor":6.0,"key":"SMITH"},{"data":"Dash","floor":8.0,"key":"SMITH"},{"floor":11,"key":"REST"},{"floor":15,"key":"REST"}],"neow_cost":"PERCENT_DAMAGE","seed_source_timestamp":3195684513500,"circlet_count":0,"master_deck":["Survivor","Neutralize","Leg Sweep+1","Backstab","Dash+1","Acrobatics","Backflip","Blur","Grand Finale","Outmaneuver","Skewer","Tactician","All Out Attack","Backflip","Corpse Explosion","Expertise","Corpse Explosion","Envenom","Bouncing Flask","Flechettes","Catalyst"],"special_seed":0,"relics":["Ring of the Snake","Peace Pipe","Regal Pillow","Tiny Chest","Ancient Tea Set","Dodecahedron","Happy Flower","Pandora\u0027s Box","Torii","Pear"],"potions_floor_usage":[14,16,20,20],"damage_taken":[{"damage":1.0,"enemies":"Small Slimes","floor":1.0,"turns":4.0},{"damage":1.0,"enemies":"Jaw Worm","floor":4.0,"turns":7.0},{"damage":0.0,"enemies":"2 Louse","floor":5.0,"turns":3.0},{"damage":8.0,"enemies":"Gremlin Nob","floor":7.0,"turns":4.0},{"damage":11,"enemies":"2 Fungi Beasts","floor":10,"turns":3},{"damage":21,"enemies":"Lagavulin","floor":14,"turns":13},{"damage":12,"enemies":"The Guardian","floor":16,"turns":26},{"damage":4,"enemies":"Chosen","floor":18,"turns":6},{"damage":10,"enemies":"Spheric Guardian","floor":19,"turns":5},{"damage":10,"enemies":"Colosseum Slavers","floor":20,"turns":3},{"damage":31,"enemies":"Colosseum Nobs","floor":20,"turns":4},{"damage":21,"enemies":"Centurion and Healer","floor":21,"turns":6}],"seed_played":"4417258502965126955","potions_obtained":[{"floor":1.0,"key":"AttackPotion"},{"floor":4.0,"key":"Swift Potion"},{"floor":10,"key":"Block Potion"},{"floor":16,"key":"FairyPotion"},{"floor":18,"key":"FearPotion"},{"floor":19,"key":"Strength Potion"}],"is_trial":false,"path_per_floor":["M","?","?","M","M","R","E","R","T","M","R","?","?","E","R","B",null,"M","M","?","M","?"],"character_chosen":"THE_SILENT","items_purchased":[],"campfire_rested":2,"item_purchase_floors":[],"current_hp_per_floor":[48,48,48,47,47,47,39,39,39,28,64,64,61,40,70,58,70,66,56,25,4,0],"gold":469,"neow_bonus":"ONE_RARE_RELIC","is_prod":false,"is_daily":false,"chose_seed":false,"campfire_upgraded":2,"win_rate":0,"timestamp":1549940132,"path_taken":["M","?","?","M","M","R","E","R","T","M","R","?","?","E","R","BOSS","M","M","?","M","?"],"build_version":"2019-01-23","purchased_purges":0,"victory":false,"max_hp_per_floor":[70,70,70,70,70,70,70,70,70,70,70,70,70,70,70,70,70,70,70,80,80,80],"card_choices":[{"not_picked":["Heel Hook","Tactician"],"picked":"Leg Sweep","floor":1.0},{"not_picked":["Outmaneuver","Tactician"],"picked":"Backstab","floor":4.0},{"not_picked":["PiercingWail","Well Laid Plans"],"picked":"Dash","floor":5.0},{"not_picked":["Flying Knee","Predator"],"picked":"Acrobatics","floor":7.0},{"not_picked":["Acrobatics","Outmaneuver"],"picked":"Backflip","floor":10},{"not_picked":["Terror","Dagger Spray"],"picked":"Blur","floor":14},{"not_picked":["Tools of the Trade","Doppelganger"],"picked":"Grand Finale","floor":16},{"not_picked":["Dodge and Roll","Underhanded Strike+1"],"picked":"Bouncing Flask","floor":18},{"not_picked":["Dodge and Roll","Backstab"],"picked":"Flechettes","floor":19},{"not_picked":["Dodge and Roll","Deadly Poison+1"],"picked":"Catalyst","floor":20},{"not_picked":["Envenom","Dodge and Roll","Caltrops"],"picked":"SKIP","floor":21}],"player_experience":441208,"relics_obtained":[{"floor":7.0,"key":"Regal Pillow"},{"floor":9.0,"key":"Tiny Chest"},{"floor":14,"key":"Happy Flower"},{"floor":20,"key":"Torii"},{"floor":20,"key":"Pear"}],"event_choices":[{"cards_removed":["Strike_G"],"damage_healed":0.0,"max_hp_gain":0.0,"max_hp_loss":0.0,"gold_gain":0.0,"event_name":"The Cleric","player_choice":"Card Removal","floor":2.0,"gold_loss":50.0,"damage_taken":0.0},{"damage_healed":0.0,"max_hp_gain":0.0,"max_hp_loss":0.0,"gold_gain":0.0,"event_name":"Liars Game","player_choice":"Ignored","floor":3.0,"gold_loss":0.0,"damage_taken":0.0},{"damage_healed":0,"gold_gain":0,"player_choice":"Searched \u00271\u0027 times","damage_taken":0,"relics_obtained":["Ancient Tea Set"],"max_hp_gain":0,"max_hp_loss":0,"event_name":"Dead Adventurer","floor":12,"gold_loss":0},{"damage_healed":0,"gold_gain":0,"player_choice":"Success","damage_taken":3,"relics_obtained":["Dodecahedron"],"max_hp_gain":0,"max_hp_loss":0,"event_name":"Scrap Ooze","floor":13,"gold_loss":0},{"damage_healed":0,"gold_gain":0,"player_choice":"Fight","damage_taken":0,"max_hp_gain":0,"max_hp_loss":0,"event_name":"Colosseum","floor":20,"gold_loss":0},{"damage_healed":0,"gold_gain":0,"player_choice":"Fought Nobs","damage_taken":0,"max_hp_gain":0,"max_hp_loss":0,"event_name":"Colosseum","floor":20,"gold_loss":0}],"is_beta":false,"boss_relics":[{"not_picked":["Coffee Dripper","Velvet Choker"],"picked":"Pandora\u0027s Box"}],"items_purged_floors":[],"is_endless":false,"potions_floor_spawned":[1,4,10,16,18,19],"ascension_level":4}