{"gold_per_floor":[113,127,145,163,173,173,206,206,229,259,259,274,289,289,289,387,387,401,58,73,73],"floor_reached":21,"playtime":1505,"items_purged":[],"score":212,"play_id":"8c333791-1fba-4fd0-9f38-79ded2f6d0e5","local_time":"20190110175321","is_ascension_mode":true,"campfire_choices":[{"data":"Infinite Blades","floor":6,"key":"SMITH"},{"data":"Well Laid Plans","floor":8,"key":"SMITH"},{"data":"Setup","floor":11,"key":"SMITH"},{"floor":15,"key":"REST"}],"neow_cost":"NONE","seed_source_timestamp":10585642309100,"circlet_count":0,"master_deck":["Survivor","Neutralize","Acrobatics","Cloak And Dagger","Prepared","Heel Hook","Outmaneuver","Footwork","Heel Hook","Accuracy","Backstab","Dodge and Roll","Infinite Blades+1","Masterful Stab","Burst","Terror","Well Laid Plans+1","Setup+1","Cloak And Dagger","Distraction","Pain","Expertise","Night Terror","Finisher"],"relics":["Pandora\u0027s Box","Orichalcum","Dream Catcher","Happy Flower","WarpedTongs","Sozu","Bag of Marbles","Toolbox"],"potions_floor_usage":[5,7,7,13],"damage_taken":[{"damage":1,"enemies":"Jaw Worm","floor":1,"turns":3},{"damage":0,"enemies":"Cultist","floor":2,"turns":3},{"damage":0,"enemies":"2 Louse","floor":3,"turns":3},{"damage":24,"enemies":"Exordium Thugs","floor":4,"turns":4},{"damage":4,"enemies":"Large Slime","floor":5,"turns":7},{"damage":6,"enemies":"Gremlin Nob","floor":7,"turns":4},{"damage":18,"enemies":"3 Sentries","floor":10,"turns":11},{"damage":6,"enemies":"Looter","floor":12,"turns":3},{"damage":15,"enemies":"Gremlin Gang","floor":13,"turns":6},{"damage":18,"enemies":"The Guardian","floor":16,"turns":9},{"damage":17,"enemies":"Chosen","floor":18,"turns":6},{"damage":16,"enemies":"Spheric Guardian","floor":20,"turns":4},{"damage":37,"enemies":"Chosen and Byrds","floor":21,"turns":4}],"seed_played":"6322362396110378934","potions_obtained":[{"floor":3,"key":"Regen Potion"},{"floor":4,"key":"LiquidBronze"},{"floor":5,"key":"Regen Potion"},{"floor":12,"key":"EssenceOfSteel"}],"is_trial":false,"path_per_floor":["M","M","M","M","M","R","E","R","T","E","R","M","M","?","R","B",null,"M","$","M","M"],"character_chosen":"THE_SILENT","items_purchased":["Bag of Marbles","Toolbox"],"campfire_rested":1,"item_purchase_floors":[19,19],"current_hp_per_floor":[69,69,69,45,41,41,62,62,62,44,44,38,23,23,44,26,70,53,53,37,0],"gold":73,"neow_bonus":"BOSS_RELIC","is_prod":false,"is_daily":false,"chose_seed":false,"campfire_upgraded":3,"win_rate":0,"timestamp":1547160801,"path_taken":["M","M","M","M","M","R","E","R","T","E","R","M","M","?","R","BOSS","M","$","M","?"],"build_version":"2019-01-03v4","purchased_purges":0,"victory":false,"max_hp_per_floor":[70,70,70,70,70,70,70,70,70,70,70,70,70,70,70,70,70,70,70,70,70],"card_choices":[{"not_picked":["Poisoned Stab","Dodge and Roll"],"picked":"Infinite Blades","floor":1},{"not_picked":["Flying Knee","Deadly Poison"],"picked":"Masterful Stab","floor":2},{"not_picked":["Dodge and Roll","PiercingWail","Poisoned Stab"],"picked":"SKIP","floor":3},{"not_picked":["Flying Knee","Dodge and Roll"],"picked":"Burst","floor":4},{"not_picked":["Dash","PiercingWail"],"picked":"Terror","floor":5},{"not_picked":["Blur","Tactician"],"picked":"Well Laid Plans","floor":7},{"not_picked":["Poisoned Stab","Slice"],"picked":"Setup","floor":10},{"not_picked":["Predator","Deadly Poison"],"picked":"Cloak And Dagger","floor":12},{"not_picked":["Predator","Prepared"],"picked":"Distraction","floor":13},{"not_picked":["Acrobatics","Skewer"],"picked":"Expertise","floor":15},{"not_picked":["Malaise","Glass Knife"],"picked":"Night Terror","floor":16},{"not_picked":["Poisoned Stab","Acrobatics","Prepared"],"picked":"SKIP","floor":18},{"not_picked":["Deflect","Reflex"],"picked":"Finisher","floor":20}],"player_experience":334956,"relics_obtained":[{"floor":7,"key":"Orichalcum"},{"floor":9,"key":"Dream Catcher"},{"floor":10,"key":"Happy Flower"}],"event_choices":[{"damage_healed":0,"gold_gain":0,"player_choice":"Rummage","damage_taken":0,"relics_obtained":["WarpedTongs"],"max_hp_gain":0,"max_hp_loss":0,"event_name":"Accursed Blacksmith","floor":14,"gold_loss":0,"cards_obtained":["Pain"]}],"is_beta":false,"boss_relics":[{"not_picked":["Eternal Feather","Calling Bell"],"picked":"Sozu"}],"items_purged_floors":[],"is_endless":false,"potions_floor_spawned":[3,4,5,12,18],"killed_by":"Chosen and Byrds","ascension_level":2}