{"gold_per_floor":[112,132,151,164,164,164,202,202,252,232,245,220,255,280,280,401,401,416,434,85,85,85,129,154,197,251,290,314,87,47,71,71,71],"floor_reached":33,"playtime":4008,"items_purged":[],"score":463,"play_id":"56cfbf93-b3ac-48ad-a12c-a9e685ba8280","local_time":"20190330013141","is_ascension_mode":true,"campfire_choices":[{"data":"Neutralize","floor":6,"key":"SMITH"},{"floor":8,"key":"REST"},{"data":"After Image","floor":15,"key":"SMITH"},{"floor":32,"key":"REST"}],"neow_cost":"NONE","seed_source_timestamp":36246353484067,"circlet_count":0,"master_deck":["Defend_G+1","Defend_G+1","Defend_G+1","Defend_G+1","Defend_G+1","Strike_G+1","Strike_G+1","Strike_G+1","Strike_G+1","Strike_G+1","Survivor","Neutralize+1","Finisher","Bouncing Flask","Leg Sweep","Dodge and Roll","After Image+1","Quick Slash+1","Die Die Die+1","Sucker Punch+1","Crippling Poison","A Thousand Cuts","Choke+1","Caltrops+1","Caltrops","Dash+1","Finisher+1","Backflip","Dagger Spray+1","PiercingWail+1","Noxious Fumes","Adrenaline","Dodge and Roll"],"relics":["Ring of the Snake","Golden Idol","Molten Egg 2","Art of War","Oddly Smooth Stone","Snecko Eye","Lee\u0027s Waffle","Centennial Puzzle","Prayer Wheel","WingedGreaves","Dream Catcher","Thread and Needle"],"potions_floor_usage":[4,27,28,33,33],"damage_taken":[{"damage":0,"enemies":"Cultist","floor":1,"turns":5},{"damage":0,"enemies":"Small Slimes","floor":2,"turns":3},{"damage":0,"enemies":"Jaw Worm","floor":3,"turns":3},{"damage":6,"enemies":"3 Louse","floor":4,"turns":2},{"damage":35,"enemies":"3 Sentries","floor":7,"turns":14},{"damage":10,"enemies":"Large Slime","floor":11,"turns":12},{"damage":5,"enemies":"Exordium Thugs","floor":12,"turns":5},{"damage":4,"enemies":"Lagavulin","floor":13,"turns":7},{"damage":0,"enemies":"Looter","floor":14,"turns":2},{"damage":8,"enemies":"The Guardian","floor":16,"turns":14},{"damage":5,"enemies":"2 Thieves","floor":18,"turns":4},{"damage":0,"enemies":"Spheric Guardian","floor":19,"turns":3},{"damage":2,"enemies":"Book of Stabbing","floor":23,"turns":5},{"damage":21,"enemies":"Snake Plant","floor":24,"turns":4},{"damage":5,"enemies":"Gremlin Leader","floor":25,"turns":3},{"damage":36,"enemies":"Slavers","floor":27,"turns":7},{"damage":3,"enemies":"Cultist and Chosen","floor":28,"turns":5},{"damage":0,"enemies":"3 Cultists","floor":31,"turns":3},{"damage":49,"enemies":"Collector","floor":33,"turns":8}],"seed_played":"-494034640805078966","potions_obtained":[{"floor":3,"key":"Explosive Potion"},{"floor":7,"key":"Strength Potion"},{"floor":16,"key":"FearPotion"},{"floor":19,"key":"Explosive Potion"},{"floor":23,"key":"Block Potion"},{"floor":27,"key":"Block Potion"}],"is_trial":false,"path_per_floor":["M","?","?","?","?","?"],"character_chosen":"THE_SILENT","items_purchased":["Caltrops","Lee\u0027s Waffle","Dash+1","Noxious Fumes","Adrenaline","Regen Potion"],"campfire_rested":2,"item_purchase_floors":[20,20,20,29,29,29],"current_hp_per_floor":[70,70,70,64,64,64,29,50,50,50,40,35,31,31,31,23,59,54,54,78,78,78,76,55,50,50,14,11,11,11,11,34,0],"gold":71,"neow_bonus":"TEN_PERCENT_HP_BONUS","is_prod":false,"is_daily":false,"chose_seed":false,"campfire_upgraded":2,"win_rate":0,"timestamp":1553909501,"path_taken":["M","M","?","M","?","R","E","R","T","?","M","M","E","M","R","BOSS","M","M","$","?","?","E","M","E","T","E","M","$","?","M","R","BOSS"],"build_version":"2019-01-23","purchased_purges":0,"victory":false,"max_hp_per_floor":[77,77,77,77,71,71,71,71,71,71,71,71,71,71,71,71,71,71,71,78,78,78,78,78,78,78,78,78,78,78,78,78,78],"card_choices":[{"not_picked":["Blade Dance","Cloak And Dagger"],"picked":"Finisher","floor":1},{"not_picked":["Acrobatics","Underhanded Strike"],"picked":"Bouncing Flask","floor":2},{"not_picked":["Prepared","Acrobatics"],"picked":"Leg Sweep","floor":3},{"not_picked":["Adrenaline","Flying Knee"],"picked":"Dodge and Roll","floor":4},{"not_picked":["Deadly Poison","Infinite Blades"],"picked":"After Image","floor":7},{"not_picked":["Blur","Underhanded Strike+1"],"picked":"Quick Slash+1","floor":11},{"not_picked":["Flying Knee+1","Catalyst"],"picked":"Die Die Die+1","floor":12},{"not_picked":["Masterful Stab+1","Outmaneuver"],"picked":"Sucker Punch+1","floor":13},{"not_picked":["Blur","Slice+1"],"picked":"Crippling Poison","floor":14},{"not_picked":["Malaise","Storm of Steel"],"picked":"A Thousand Cuts","floor":16},{"not_picked":["Acrobatics","Cloak And Dagger"],"picked":"Choke+1","floor":18},{"not_picked":["Bane+1","Skewer+1"],"picked":"Caltrops","floor":19},{"not_picked":["Bane+1","A Thousand Cuts"],"picked":"Finisher+1","floor":23},{"not_picked":["Caltrops+1","Dagger Spray+1"],"picked":"Backflip","floor":24},{"not_picked":["Dodge and Roll","Riddle With Holes+1","Flying Knee+1"],"picked":"SKIP","floor":24},{"not_picked":["Flechettes+1","Backflip","Riddle With Holes+1"],"picked":"SKIP","floor":25},{"not_picked":["Bane+1","Dodge and Roll"],"picked":"Dagger Spray+1","floor":27},{"not_picked":["Cloak And Dagger","Dash+1"],"picked":"PiercingWail","floor":28},{"not_picked":["Deadly Poison","Bullet Time","Dagger Throw+1"],"picked":"SKIP","floor":28},{"not_picked":["Quick Slash+1","Caltrops"],"picked":"Dodge and Roll","floor":31},{"not_picked":["Bane+1","Dagger Spray+1","Terror"],"picked":"SKIP","floor":31}],"player_experience":383671,"relics_obtained":[{"floor":7,"key":"Molten Egg 2"},{"floor":9,"key":"Art of War"},{"floor":13,"key":"Oddly Smooth Stone"},{"floor":23,"key":"Prayer Wheel"},{"floor":25,"key":"WingedGreaves"},{"floor":26,"key":"Dream Catcher"},{"floor":27,"key":"Thread and Needle"}],"event_choices":[{"damage_healed":0,"gold_gain":0,"player_choice":"Lose Max HP","damage_taken":0,"relics_obtained":["Golden Idol"],"max_hp_gain":0,"max_hp_loss":6,"event_name":"Golden Idol","floor":5,"gold_loss":0},{"damage_healed":0,"gold_gain":0,"player_choice":"Left Gold","damage_taken":0,"max_hp_gain":0,"max_hp_loss":0,"event_name":"World of Goop","floor":10,"gold_loss":20},{"damage_healed":0,"gold_gain":0,"player_choice":"Simplicity","damage_taken":0,"max_hp_gain":0,"max_hp_loss":0,"event_name":"Back to Basics","floor":21,"gold_loss":0,"cards_upgraded":["Defend_G","Defend_G","Defend_G","Defend_G","Defend_G","Strike_G","Strike_G","Strike_G","Strike_G","Strike_G"]},{"damage_healed":0,"gold_gain":0,"player_choice":"Opened","damage_taken":0,"relics_obtained":["Centennial Puzzle"],"max_hp_gain":0,"max_hp_loss":0,"event_name":"The Mausoleum","floor":22,"gold_loss":0},{"damage_healed":0,"gold_gain":0,"player_choice":"Upgraded Two","damage_taken":0,"max_hp_gain":0,"max_hp_loss":0,"event_name":"Designer","floor":30,"gold_loss":40,"cards_upgraded":["Caltrops","PiercingWail"]}],"is_beta":false,"boss_relics":[{"not_picked":["Fusion Hammer","Velvet Choker"],"picked":"Snecko Eye"}],"items_purged_floors":[],"is_endless":false,"potions_floor_spawned":[3,7,16,19,23,24,27],"killed_by":"Collector","ascension_level":9}