{"gold_per_floor":[119,119,119,131,51,85,85,95,169,204,3,32,32,65,65,65],"floor_reached":16,"playtime":618,"items_purged":[],"score":302,"play_id":"ea93b4e1-85c9-4dc5-9c6e-597c8e8738c2","local_time":"20190422120734","is_ascension_mode":true,"campfire_choices":[{"data":"Noxious Fumes","floor":7,"key":"SMITH"},{"data":"Catalyst","floor":15,"key":"SMITH"}],"neow_cost":"NONE","seed_source_timestamp":347515271406626,"circlet_count":0,"master_deck":["AscendersBane","Defend_G+1","Defend_G","Defend_G+1","Defend_G","Defend_G","Strike_G","Strike_G","Strike_G","Strike_G","Strike_G","Survivor","Neutralize+1","Cloak And Dagger","Dagger Spray","Noxious Fumes+1","Crippling Poison","Calculated Gamble","After Image+1","Calculated Gamble","Catalyst+1","Cloak And Dagger"],"relics":["Ring of the Snake","NeowsBlessing","Strawberry","Frozen Egg 2","Gremlin Horn","Lantern","Golden Idol","Bag of Marbles"],"potions_floor_usage":[12,16],"damage_taken":[{"damage":0,"enemies":"2 Louse","floor":1,"turns":1},{"damage":0,"enemies":"Jaw Worm","floor":4,"turns":1},{"damage":0,"enemies":"Gremlin Nob","floor":6,"turns":1},{"damage":0,"enemies":"Cultist","floor":8,"turns":4},{"damage":7,"enemies":"3 Sentries","floor":10,"turns":6},{"damage":24,"enemies":"Gremlin Nob","floor":12,"turns":4},{"damage":6,"enemies":"Lagavulin","floor":14,"turns":6},{"damage":38,"enemies":"Slime Boss","floor":16,"turns":3}],"seed_played":"4638190521929852094","potions_obtained":[{"floor":4,"key":"AttackPotion"},{"floor":6,"key":"PowerPotion"}],"is_trial":false,"path_per_floor":["?","?","M","$","?"],"character_chosen":"THE_SILENT","items_purchased":["Noxious Fumes","Lantern","Calculated Gamble"],"campfire_rested":0,"item_purchase_floors":[5,11,11],"current_hp_per_floor":[59,39,39,39,39,46,46,46,46,39,39,15,15,9,9,0],"gold":65,"neow_bonus":"THREE_ENEMY_KILL","is_prod":false,"is_daily":false,"chose_seed":false,"campfire_upgraded":2,"win_rate":0,"timestamp":1555924054,"path_taken":["M","?","?","?","?","E","R","M","T","E","$","E","?","E","R","BOSS"],"build_version":"2019-01-23","purchased_purges":0,"victory":false,"max_hp_per_floor":[66,66,66,66,66,73,73,73,73,73,73,73,66,66,66,66],"card_choices":[{"not_picked":["Flying Knee","Deflect"],"picked":"Cloak And Dagger","floor":1},{"not_picked":["Deadly Poison","Prepared"],"picked":"Dagger Spray","floor":4},{"not_picked":["Dagger Spray","Finisher"],"picked":"Crippling Poison","floor":6},{"not_picked":["Quick Slash","Terror"],"picked":"Calculated Gamble","floor":8},{"not_picked":["Cloak And Dagger","Dagger Spray"],"picked":"After Image+1","floor":10},{"not_picked":["Corpse Explosion","Flying Knee"],"picked":"Catalyst","floor":12},{"not_picked":["Tactician","Flying Knee"],"picked":"Cloak And Dagger","floor":14}],"player_experience":1794084,"relics_obtained":[{"floor":6,"key":"Strawberry"},{"floor":9,"key":"Frozen Egg 2"},{"floor":10,"key":"Gremlin Horn"},{"floor":14,"key":"Bag of Marbles"}],"event_choices":[{"damage_healed":0,"gold_gain":0,"player_choice":"Entered Light","damage_taken":20,"max_hp_gain":0,"max_hp_loss":0,"event_name":"Shining Light","floor":2,"gold_loss":0,"cards_upgraded":["Defend_G","Defend_G"]},{"damage_healed":0,"gold_gain":0,"player_choice":"Grow","damage_taken":0,"max_hp_gain":0,"max_hp_loss":0,"event_name":"Living Wall","floor":3,"gold_loss":0,"cards_upgraded":["Neutralize"]},{"damage_healed":0,"gold_gain":0,"player_choice":"Lose Max HP","damage_taken":0,"relics_obtained":["Golden Idol"],"max_hp_gain":0,"max_hp_loss":7,"event_name":"Golden Idol","floor":13,"gold_loss":0}],"is_beta":false,"boss_relics":[],"items_purged_floors":[],"is_endless":false,"potions_floor_spawned":[4,6],"killed_by":"Slime Boss","ascension_level":20}