{"gold_per_floor":[113,113,127,147,147,209,209,219,219,237,265,339,32,59,59,155,155,172,172,203,143],"floor_reached":21,"playtime":1005,"items_purged":[],"score":309,"play_id":"7d978f41-95d0-46f8-b2aa-eabbf3efef40","local_time":"20190319202821","is_ascension_mode":true,"campfire_choices":[{"data":"Zap","floor":7,"key":"SMITH"},{"floor":15,"key":"REST"}],"neow_cost":"NONE","seed_source_timestamp":43847957084408,"circlet_count":0,"master_deck":["Strike_B","Strike_B","Strike_B","Defend_B","Defend_B","Defend_B","Defend_B","Zap+1","Dualcast","Conserve Battery","Streamline","Streamline","Gash","Ball Lightning","Fusion","Lockon","Coolheaded","Amplify","Capacitor","Gash","Capacitor"],"relics":["FrozenCore","Tiny Chest","Ornamental Fan","Ice Cream","Regal Pillow","Pen Nib","Mercury Hourglass","Red Mask"],"potions_floor_usage":[6,10,20],"damage_taken":[{"damage":4,"enemies":"Jaw Worm","floor":1,"turns":4},{"damage":1,"enemies":"Cultist","floor":3,"turns":3},{"damage":4,"enemies":"2 Louse","floor":4,"turns":2},{"damage":8,"enemies":"Gremlin Nob","floor":6,"turns":3},{"damage":0,"enemies":"Large Slime","floor":8,"turns":4},{"damage":7,"enemies":"Looter","floor":10,"turns":2},{"damage":18,"enemies":"3 Sentries","floor":11,"turns":6},{"damage":13,"enemies":"Lagavulin","floor":14,"turns":6},{"damage":0,"enemies":"Slime Boss","floor":16,"turns":7},{"damage":24,"enemies":"Shell Parasite","floor":18,"turns":5},{"damage":63,"enemies":"Masked Bandits","floor":20,"turns":6},{"damage":11,"enemies":"2 Thieves","floor":21,"turns":2}],"seed_played":"7724285293590925386","potions_obtained":[{"floor":1,"key":"SkillPotion"},{"floor":2,"key":"FearPotion"},{"floor":2,"key":"FearPotion"},{"floor":6,"key":"FairyPotion"},{"floor":10,"key":"FearPotion"},{"floor":18,"key":"Regen Potion"},{"floor":20,"key":"Poison Potion"}],"is_trial":false,"path_per_floor":["M","?","M","M","?","E","R","M","T","M","E","?","$","E","R","B",null,"M","?","?","M"],"character_chosen":"DEFECT","items_purchased":["Regal Pillow","Pen Nib"],"campfire_rested":1,"item_purchase_floors":[13,13],"current_hp_per_floor":[78,78,77,73,73,65,65,65,65,58,40,40,40,27,66,66,78,54,54,6,0],"gold":143,"neow_bonus":"TEN_PERCENT_HP_BONUS","is_prod":false,"is_daily":false,"chose_seed":false,"campfire_upgraded":1,"win_rate":0,"timestamp":1553041701,"path_taken":["M","?","?","M","?","E","R","M","T","M","E","?","$","E","R","BOSS","M","?","?","M"],"build_version":"2019-01-23","purchased_purges":0,"victory":false,"max_hp_per_floor":[82,82,82,82,82,82,82,82,82,82,82,82,82,82,82,82,82,82,82,82,82],"card_choices":[{"not_picked":["BootSequence","Rebound"],"picked":"Conserve Battery","floor":1},{"not_picked":["Blizzard","Rebound"],"picked":"Streamline","floor":3},{"not_picked":["Steam Power","Sweeping Beam"],"picked":"Streamline","floor":4},{"not_picked":["Streamline","Barrage"],"picked":"Ball Lightning","floor":6},{"not_picked":["Auto Shields","Streamline"],"picked":"Fusion","floor":8},{"not_picked":["Compile Driver","Sweeping Beam"],"picked":"Lockon","floor":10},{"not_picked":["Ball Lightning","Compile Driver"],"picked":"Coolheaded","floor":11},{"not_picked":["Compile Driver","BootSequence","Barrage"],"picked":"SKIP","floor":14},{"not_picked":["Biased Cognition","Fission"],"picked":"Amplify","floor":16},{"not_picked":["Heatsinks","Conserve Battery"],"picked":"Capacitor","floor":18},{"not_picked":["Lockon","Turbo"],"picked":"Capacitor","floor":20}],"player_experience":249257,"relics_obtained":[{"floor":6,"key":"Tiny Chest"},{"floor":9,"key":"Ornamental Fan"},{"floor":11,"key":"Ice Cream"},{"floor":14,"key":"Mercury Hourglass"},{"floor":20,"key":"Red Mask"}],"event_choices":[{"damage_healed":0,"gold_gain":0,"player_choice":"Got Potions","damage_taken":0,"max_hp_gain":0,"max_hp_loss":0,"event_name":"Lab","floor":2,"gold_loss":0},{"damage_healed":0,"gold_gain":0,"cards_transformed":["Strike_B"],"player_choice":"Change","damage_taken":0,"max_hp_gain":0,"max_hp_loss":0,"event_name":"Living Wall","floor":5,"gold_loss":0,"cards_obtained":["Gash"]},{"damage_healed":0,"gold_gain":74,"player_choice":"Gained Gold","damage_taken":0,"max_hp_gain":0,"max_hp_loss":0,"event_name":"Golden Wing","floor":12,"gold_loss":0},{"damage_healed":0,"gold_gain":0,"player_choice":"Read","damage_taken":0,"max_hp_gain":0,"max_hp_loss":0,"event_name":"The Library","floor":19,"gold_loss":0,"cards_obtained":["Gash"]},{"damage_healed":0,"gold_gain":0,"player_choice":"Fought Bandits","damage_taken":0,"max_hp_gain":0,"max_hp_loss":0,"event_name":"Masked Bandits","floor":20,"gold_loss":0}],"is_beta":false,"boss_relics":[{"not_picked":["Ectoplasm","Snecko Eye"],"picked":"FrozenCore"}],"items_purged_floors":[],"is_endless":false,"potions_floor_spawned":[1,4,6,10,18,20],"killed_by":"2 Thieves","ascension_level":5}