{"gold_per_floor":[109,28,41,41,41,41,57,92,92,123,123,141,141,153,153,249,249,249,249,249,249,249,249,249,249,249,249,249,249,35,35,35,35],"floor_reached":33,"playtime":1016,"items_purged":["Strike_R"],"score":360,"play_id":"9ec7d2e3-630d-424f-9eee-4743fa13e15d","local_time":"20190306234153","is_ascension_mode":true,"campfire_choices":[{"data":"Sword Boomerang","floor":6,"key":"SMITH"},{"floor":15,"key":"REST"},{"data":"Flame Barrier","floor":23,"key":"SMITH"},{"data":"Body Slam","floor":25,"key":"SMITH"},{"data":"Seeing Red","floor":27,"key":"SMITH"},{"floor":32,"key":"REST"}],"neow_cost":"NONE","seed_source_timestamp":11206124077600,"circlet_count":0,"master_deck":["Strike_R+1","Strike_R+1","Defend_R","Defend_R","Defend_R","Defend_R","Iron Wave","Uppercut+1","Sword Boomerang+1","Pommel Strike","Flame Barrier+1","Heavy Blade","Pain","Juggernaut+1","Seeing Red+1","Rage","Twin Strike","Body Slam+1","Juggernaut+1"],"relics":["Burning Blood","Frozen Egg 2","Whetstone","Vajra","Ornamental Fan","Bag of Preparation","WarpedTongs","Ectoplasm","The Courier","Nloth\u0027s Gift"],"potions_floor_usage":[18,33,33],"damage_taken":[{"damage":6,"enemies":"2 Louse","floor":1,"turns":3},{"damage":5,"enemies":"Small Slimes","floor":3,"turns":4},{"damage":4,"enemies":"Cultist","floor":7,"turns":3},{"damage":20,"enemies":"Lagavulin","floor":8,"turns":5},{"damage":13,"enemies":"3 Sentries","floor":10,"turns":7},{"damage":0,"enemies":"Exordium Wildlife","floor":12,"turns":2},{"damage":36,"enemies":"Gremlin Gang","floor":14,"turns":4},{"damage":28,"enemies":"Hexaghost","floor":16,"turns":10},{"damage":2,"enemies":"Shell Parasite","floor":18,"turns":3},{"damage":3,"enemies":"Chosen","floor":19,"turns":3},{"damage":15,"enemies":"3 Cultists","floor":22,"turns":4},{"damage":12,"enemies":"Centurion and Healer","floor":24,"turns":5},{"damage":5,"enemies":"Chosen and Byrds","floor":28,"turns":5},{"damage":15,"enemies":"3 Cultists","floor":29,"turns":4},{"damage":75,"enemies":"Automaton","floor":33,"turns":6}],"seed_played":"7162401895305172374","potions_obtained":[{"floor":3,"key":"Fire Potion"},{"floor":10,"key":"EntropicBrew"},{"floor":16,"key":"FearPotion"},{"floor":18,"key":"LiquidBronze"},{"floor":29,"key":"SkillPotion"}],"is_trial":false,"path_per_floor":["M","$","M","?","?","R","M","E","T","E","?","M","?","M","R","B",null,"M","M","?","?","M","R","M","R","T","R","M","M","$","?","R","B"],"character_chosen":"IRONCLAD","items_purchased":["Uppercut","DollysMirror"],"campfire_rested":2,"item_purchase_floors":[2,30],"current_hp_per_floor":[72,72,73,73,61,61,63,49,49,42,42,48,48,18,42,20,65,69,72,72,72,63,63,57,57,57,57,58,49,49,49,73,0],"gold":35,"neow_bonus":"UPGRADE_CARD","is_prod":false,"is_daily":false,"chose_seed":false,"campfire_upgraded":4,"win_rate":0,"timestamp":1551933713,"path_taken":["M","$","M","?","?","R","M","E","T","E","?","?","?","M","R","BOSS","M","?","?","?","M","R","M","R","T","R","M","M","$","?","R","BOSS"],"build_version":"2019-01-23","purchased_purges":1,"victory":false,"max_hp_per_floor":[80,80,80,80,80,80,80,80,80,80,80,80,80,80,80,80,80,80,80,80,80,80,80,80,80,80,80,80,80,80,80,80,80],"card_choices":[{"not_picked":["Perfected Strike","Pummel"],"picked":"Iron Wave","floor":1},{"not_picked":["Iron Wave","Twin Strike"],"picked":"Sword Boomerang","floor":3},{"not_picked":["Twin Strike","Clothesline"],"picked":"Pommel Strike","floor":7},{"not_picked":["Cleave","Pommel Strike"],"picked":"Flame Barrier","floor":8},{"not_picked":["Bludgeon","Fire Breathing+1","Anger"],"picked":"SKIP","floor":10},{"not_picked":["Twin Strike","True Grit"],"picked":"Heavy Blade","floor":12},{"not_picked":["Sentinel","Searing Blow","Heavy Blade"],"picked":"SKIP","floor":14},{"not_picked":["Berserk+1","Immolate"],"picked":"Juggernaut+1","floor":16},{"not_picked":["Armaments","Iron Wave"],"picked":"Seeing Red","floor":18},{"not_picked":["Perfected Strike","Warcry","Flex"],"picked":"SKIP","floor":19},{"not_picked":["Clash","Anger+1","Seeing Red"],"picked":"SKIP","floor":22},{"not_picked":["Armaments+1","Flame Barrier+1"],"picked":"Body Slam","floor":24},{"not_picked":["Flame Barrier","Seeing Red","Perfected Strike"],"picked":"SKIP","floor":28},{"not_picked":["Clothesline","Anger","Warcry"],"picked":"SKIP","floor":29}],"player_experience":524492,"relics_obtained":[{"floor":8,"key":"Whetstone"},{"floor":9,"key":"Vajra"},{"floor":10,"key":"Ornamental Fan"},{"floor":26,"key":"The Courier"}],"event_choices":[{"damage_healed":0,"gold_gain":0,"player_choice":"Grow","damage_taken":0,"max_hp_gain":0,"max_hp_loss":0,"event_name":"Living Wall","floor":4,"gold_loss":0,"cards_upgraded":["Uppercut"]},{"damage_healed":0,"gold_gain":0,"player_choice":"Success","damage_taken":12,"relics_obtained":["Frozen Egg 2"],"max_hp_gain":0,"max_hp_loss":0,"event_name":"Scrap Ooze","floor":5,"gold_loss":0},{"damage_healed":0,"gold_gain":0,"player_choice":"Gave Potion","damage_taken":0,"relics_obtained":["Bag of Preparation"],"max_hp_gain":0,"max_hp_loss":0,"event_name":"WeMeetAgain","floor":11,"gold_loss":0},{"damage_healed":0,"gold_gain":0,"player_choice":"Rummage","damage_taken":0,"relics_obtained":["WarpedTongs"],"max_hp_gain":0,"max_hp_loss":0,"event_name":"Accursed Blacksmith","floor":13,"gold_loss":0,"cards_obtained":["Pain"]},{"damage_healed":0,"gold_gain":0,"cards_transformed":["Strike_R","Strike_R"],"player_choice":"Became Test Subject","damage_taken":0,"max_hp_gain":0,"max_hp_loss":0,"event_name":"Drug Dealer","floor":20,"gold_loss":0,"cards_obtained":["Rage","Twin Strike"]},{"cards_removed":["Bash"],"damage_healed":0,"gold_gain":0,"player_choice":"Elegance","damage_taken":0,"max_hp_gain":0,"max_hp_loss":0,"event_name":"Back to Basics","floor":21,"gold_loss":0},{"damage_healed":0,"gold_gain":0,"player_choice":"Traded Relic","damage_taken":0,"relics_obtained":["Nloth\u0027s Gift"],"max_hp_gain":0,"max_hp_loss":0,"event_name":"N\u0027loth","floor":31,"relics_lost":["DollysMirror"],"gold_loss":0}],"is_beta":false,"boss_relics":[{"not_picked":["Lizard Tail","Busted Crown"],"picked":"Ectoplasm"}],"items_purged_floors":[30],"is_endless":false,"potions_floor_spawned":[3,10,16,18,29],"killed_by":"Automaton","ascension_level":8}