{"gold_per_floor":[119,134,134,148,38,38,55,70,70,83,115,115,143,160,160,259,259,272,23,23,23,40,74,74,94,94,105,105,119,119,154,154,252,252,270,270,290,302,11,39,55,72,72,98,114,133,133,10,10,10],"floor_reached":51,"playtime":3679,"items_purged":["Strike_R","Writhe","Strike_R"],"score":738,"play_id":"35710b24-23bc-4023-a82c-54e07f2ce67c","local_time":"20190425012023","is_ascension_mode":false,"campfire_choices":[{"data":"Uppercut","floor":6,"key":"SMITH"},{"data":"Inflame","floor":12,"key":"SMITH"},{"data":"Uppercut","floor":15,"key":"SMITH"},{"data":"Rage","floor":24,"key":"SMITH"},{"data":"Discovery","floor":28,"key":"SMITH"},{"data":"True Grit","floor":30,"key":"SMITH"},{"data":"Double Tap","floor":32,"key":"SMITH"},{"floor":47,"key":"RECALL"},{"data":"Dual Wield","floor":49,"key":"SMITH"}],"neow_cost":"NONE","seed_source_timestamp":1086303747743600,"circlet_count":0,"master_deck":["Strike_R","Strike_R","Strike_R","Defend_R","Defend_R","Defend_R","Defend_R","Bash+1","Intimidate","Headbutt","Headbutt","Uppercut+1","Inflame+1","Seeing Red","Shrug It Off","Twin Strike","Rampage","Uppercut+1","Rage+1","Double Tap+1","Anger+1","Battle Trance","Discovery+1","True Grit+1","Shrug It Off","True Grit","Shrug It Off","Reaper","Shockwave+1","Dual Wield+1","Parasite","Carnage+1","Mind Blast","Spot Weakness+1","Dual Wield+1","True Grit+1","Parasite","Warcry+1","Spot Weakness"],"relics":["Burning Blood","Dream Catcher","Happy Flower","Ornamental Fan","Coffee Dripper","Smiling Mask","Bottled Tornado","Pantograph","Oddly Smooth Stone","Snecko Eye","PreservedInsect","Self Forming Clay","Regal Pillow","Letter Opener"],"potions_floor_usage":[13,16,16,23,27,31,33,40,50,50,50],"damage_taken":[{"damage":1,"enemies":"Jaw Worm","floor":1,"turns":3},{"damage":1,"enemies":"Cultist","floor":2,"turns":3},{"damage":2,"enemies":"2 Louse","floor":4,"turns":3},{"damage":15,"enemies":"Exordium Wildlife","floor":7,"turns":5},{"damage":10,"enemies":"Looter","floor":8,"turns":2},{"damage":5,"enemies":"Lots of Slimes","floor":10,"turns":4},{"damage":13,"enemies":"Lagavulin","floor":11,"turns":6},{"damage":10,"enemies":"Gremlin Nob","floor":13,"turns":3},{"damage":1,"enemies":"3 Louse","floor":14,"turns":3},{"damage":27,"enemies":"Hexaghost","floor":16,"turns":7},{"damage":0,"enemies":"Shell Parasite","floor":18,"turns":4},{"damage":3,"enemies":"Chosen","floor":22,"turns":4},{"damage":10,"enemies":"Book of Stabbing","floor":23,"turns":4},{"damage":8,"enemies":"3 Cultists","floor":25,"turns":4},{"damage":7,"enemies":"Shelled Parasite and Fungi","floor":27,"turns":3},{"damage":4,"enemies":"Chosen and Byrds","floor":29,"turns":5},{"damage":9,"enemies":"Slavers","floor":31,"turns":3},{"damage":41,"enemies":"Automaton","floor":33,"turns":12},{"damage":3,"enemies":"3 Darklings","floor":35,"turns":8},{"damage":0,"enemies":"3 Shapes","floor":37,"turns":7},{"damage":34,"enemies":"Writhing Mass","floor":38,"turns":7},{"damage":12,"enemies":"Nemesis","floor":40,"turns":5},{"damage":17,"enemies":"Maw","floor":41,"turns":6},{"damage":19,"enemies":"Spire Growth","floor":42,"turns":4},{"damage":26,"enemies":"Giant Head","floor":44,"turns":7},{"damage":13,"enemies":"Writhing Mass","floor":45,"turns":7},{"damage":0,"enemies":"Transient","floor":46,"turns":5},{"damage":65,"enemies":"Donu and Deca","floor":50,"turns":8}],"seed_played":"3252206232448250452","potions_obtained":[{"floor":3,"key":"SneckoOil"},{"floor":3,"key":"Swift Potion"},{"floor":3,"key":"SmokeBomb"},{"floor":4,"key":"SpeedPotion"},{"floor":8,"key":"Energy Potion"},{"floor":10,"key":"Poison Potion"},{"floor":13,"key":"SkillPotion"},{"floor":14,"key":"PowerPotion"},{"floor":22,"key":"Explosive Potion"},{"floor":23,"key":"SkillPotion"},{"floor":27,"key":"PowerPotion"},{"floor":31,"key":"LiquidBronze"},{"floor":37,"key":"Strength Potion"},{"floor":40,"key":"PowerPotion"},{"floor":41,"key":"Poison Potion"}],"is_trial":false,"path_per_floor":["M","M","?","M","$","R","M","M","T","M","E","R","E","M","R","B",null,"M","$","?","?","M","E","R","M","T","M","R","M","R","E","R","B",null,"M","?","M","M","$","E","M","M","T","E","M","M","R","$","R","B",null],"character_chosen":"IRONCLAD","items_purchased":["Uppercut","Inflame","Battle Trance","Weak Potion","Discovery","PreservedInsect","Mind Blast","GamblersBrew"],"campfire_rested":0,"item_purchase_floors":[5,5,19,19,19,39,39,48],"current_hp_per_floor":[80,80,80,80,80,80,71,67,67,68,61,61,57,62,62,41,80,80,80,80,80,80,76,76,74,74,73,73,75,75,72,72,45,80,80,80,80,56,56,55,68,55,55,73,66,80,80,80,80,80],"gold":10,"neow_bonus":"UPGRADE_CARD","is_prod":false,"is_daily":false,"chose_seed":false,"campfire_upgraded":8,"win_rate":1,"timestamp":1556180423,"path_taken":["M","M","?","M","?","R","M","M","T","M","E","R","E","M","R","BOSS","M","$","?","?","M","E","R","M","T","M","R","M","R","E","R","BOSS","M","?","M","M","$","E","M","?","T","E","M","M","R","$","R","BOSS"],"build_version":"2019-01-23","purchased_purges":3,"victory":true,"max_hp_per_floor":[80,80,80,80,80,80,80,80,80,80,80,80,80,80,80,80,80,80,80,80,80,80,80,80,80,80,80,80,80,80,80,80,80,80,80,80,80,80,80,80,80,80,80,80,80,80,80,80,80,80],"card_choices":[{"not_picked":["Body Slam","Thunderclap"],"picked":"Intimidate","floor":1},{"not_picked":["Perfected Strike","Wild Strike"],"picked":"Headbutt","floor":2},{"not_picked":["Corruption","Fire Breathing"],"picked":"Headbutt","floor":4},{"not_picked":["Fire Breathing","Exhume"],"picked":"Seeing Red","floor":7},{"not_picked":["Flex","Body Slam"],"picked":"Shrug It Off","floor":8},{"not_picked":["Cleave","Headbutt"],"picked":"Twin Strike","floor":10},{"not_picked":["Rampage","Reckless Charge","Flex"],"picked":"SKIP","floor":11},{"not_picked":["Reckless Charge","Flex"],"picked":"Rampage","floor":11},{"not_picked":["Rupture","Brutality"],"picked":"Uppercut","floor":13},{"not_picked":["Sentinel","Anger"],"picked":"Rage","floor":14},{"not_picked":["Dark Embrace","Reaper"],"picked":"Double Tap","floor":16},{"not_picked":["Warcry","Searing Blow"],"picked":"Anger+1","floor":18},{"not_picked":["Clash","Bloodletting+1"],"picked":"True Grit","floor":22},{"not_picked":["Sword Boomerang","Clothesline+1"],"picked":"Shrug It Off","floor":23},{"not_picked":["Searing Blow","Thunderclap+1","Havoc"],"picked":"SKIP","floor":25},{"not_picked":["Body Slam","Sword Boomerang","Twin Strike"],"picked":"SKIP","floor":27},{"not_picked":["Perfected Strike","Thunderclap"],"picked":"True Grit","floor":29},{"not_picked":["Clothesline+1","Sentinel+1"],"picked":"Shrug It Off","floor":31},{"not_picked":["Juggernaut","Limit Break"],"picked":"Reaper","floor":33},{"not_picked":["Body Slam","Warcry+1"],"picked":"Shockwave+1","floor":35},{"not_picked":["Entrench","Havoc"],"picked":"Dual Wield","floor":37},{"not_picked":["Thunderclap","Uppercut"],"picked":"Carnage+1","floor":38},{"not_picked":["Armaments","Uppercut"],"picked":"Spot Weakness+1","floor":40},{"not_picked":["Dual Wield","Rampage+1","Wild Strike+1"],"picked":"SKIP","floor":41},{"not_picked":["Barricade","Second Wind+1"],"picked":"Dual Wield+1","floor":42},{"not_picked":["Warcry","Armaments"],"picked":"True Grit+1","floor":44},{"not_picked":["Sentinel+1","Thunderclap"],"picked":"Warcry+1","floor":45},{"not_picked":["Offering","Flex"],"picked":"Spot Weakness","floor":46}],"player_experience":571646,"relics_obtained":[{"floor":9,"key":"Dream Catcher"},{"floor":11,"key":"Happy Flower"},{"floor":13,"key":"Ornamental Fan"},{"floor":23,"key":"Bottled Tornado"},{"floor":26,"key":"Pantograph"},{"floor":31,"key":"Oddly Smooth Stone"},{"floor":40,"key":"Self Forming Clay"},{"floor":43,"key":"Regal Pillow"},{"floor":44,"key":"Letter Opener"}],"event_choices":[{"damage_healed":0,"gold_gain":0,"player_choice":"Got Potions","damage_taken":0,"max_hp_gain":0,"max_hp_loss":0,"event_name":"Lab","floor":3,"gold_loss":0},{"damage_healed":0,"gold_gain":0,"player_choice":"Opened","damage_taken":0,"relics_obtained":["Smiling Mask"],"max_hp_gain":0,"max_hp_loss":0,"event_name":"The Mausoleum","floor":20,"gold_loss":0,"cards_obtained":["Writhe"]},{"damage_healed":0,"gold_gain":0,"player_choice":"Ignored","damage_taken":0,"max_hp_gain":0,"max_hp_loss":0,"event_name":"Ghosts","floor":21,"gold_loss":0},{"damage_healed":0,"gold_gain":0,"player_choice":"Ignored","damage_taken":0,"max_hp_gain":0,"max_hp_loss":0,"event_name":"SecretPortal","floor":36,"gold_loss":0}],"is_beta":false,"boss_relics":[{"not_picked":["Orrery","Calling Bell"],"picked":"Coffee Dripper"},{"not_picked":["Astrolabe","Black Star"],"picked":"Snecko Eye"}],"items_purged_floors":[19,39,48],"is_endless":false,"potions_floor_spawned":[4,8,10,13,14,22,23,27,31,37,40,41,45],"ascension_level":0}