{"gold_per_floor":[218,228,228,178,198,198,47,80,106,106,125,125,135,151,151,250,300,315,330,27,27,27,27,37,37,61,73,85,124,61,90,102,114],"floor_reached":33,"playtime":1996,"items_purged":[],"score":245,"play_id":"30a0378b-4b78-4f5b-b758-b7bc6f7e8355","local_time":"20181128010427","is_ascension_mode":false,"campfire_choices":[{"data":"Endless Agony","floor":6,"key":"SMITH"},{"floor":12,"key":"REST"},{"data":"Blade Dance","floor":15,"key":"SMITH"},{"floor":23,"key":"REST"},{"floor":32,"key":"REST"}],"neow_cost":"NONE","seed_source_timestamp":731832508048310,"circlet_count":0,"master_deck":["Defend_G","Defend_G+1","Defend_G","Strike_G","Strike_G","Strike_G","Strike_G","Survivor","Neutralize","Endless Agony+1","Catalyst+1","Backstab","Well Laid Plans","Blade Dance+1","Deadly Poison","Dash","Prepared","A Thousand Cuts","Dagger Throw","Poisoned Stab+1","Phantasmal Killer+1","Endless Agony+1","Blade Dance+1","Infinite Blades","Infinite Blades","Endless Agony+1"],"relics":["Ring of the Snake","Happy Flower","Orichalcum","Pen Nib","Tiny House","Bronze Scales","Juzu Bracelet","War Paint","MawBank","Dream Catcher"],"potions_floor_usage":[8,16,16,18,24,24],"damage_taken":[{"damage":0,"enemies":"Small Slimes","floor":1,"turns":4},{"damage":1,"enemies":"2 Louse","floor":2,"turns":3},{"damage":1,"enemies":"Cultist","floor":5,"turns":3},{"damage":26,"enemies":"Gremlin Nob","floor":8,"turns":6},{"damage":11,"enemies":"Large Slime","floor":11,"turns":5},{"damage":0,"enemies":"2 Fungi Beasts","floor":13,"turns":3},{"damage":0,"enemies":"Looter","floor":14,"turns":3},{"damage":47,"enemies":"Slime Boss","floor":16,"turns":11},{"damage":29,"enemies":"Spheric Guardian","floor":18,"turns":6},{"damage":9,"enemies":"Shell Parasite","floor":19,"turns":4},{"damage":6,"enemies":"Snecko","floor":24,"turns":4},{"damage":18,"enemies":"Shelled Parasite and Fungi","floor":31,"turns":4},{"damage":58,"enemies":"Collector","floor":33,"turns":6}],"seed_played":"8463257005770926928","potions_obtained":[{"floor":2,"key":"GamblersBrew"},{"floor":5,"key":"Block Potion"},{"floor":8,"key":"SpeedPotion"},{"floor":11,"key":"Swift Potion"},{"floor":17,"key":"Fire Potion"},{"floor":18,"key":"Fire Potion"},{"floor":19,"key":"PowerPotion"}],"is_trial":false,"path_per_floor":["M","M","?","?","M","R","$","E","T","?","M","R","M","M","R","B",null,"M","M","$","?","?","R","M","?","T","?","?","T","?","M","R","B"],"character_chosen":"THE_SILENT","items_purchased":["Happy Flower","Bronze Scales","Juzu Bracelet"],"campfire_rested":3,"item_purchase_floors":[7,20,20],"current_hp_per_floor":[70,69,69,69,68,68,68,42,42,42,31,52,52,52,52,5,75,46,37,37,37,37,59,53,53,53,53,53,53,53,35,57,0],"gold":114,"neow_bonus":"HUNDRED_GOLD","is_prod":false,"is_daily":false,"chose_seed":false,"campfire_upgraded":2,"win_rate":0.0,"timestamp":1543385067,"path_taken":["M","M","?","?","M","R","$","E","T","?","M","R","M","M","R","BOSS","M","M","$","?","?","R","M","?","T","?","?","?","?","M","R","BOSS"],"build_version":"2018-11-15","purchased_purges":0,"victory":false,"max_hp_per_floor":[70,70,70,70,70,70,70,70,70,70,70,70,70,70,70,70,75,75,75,75,75,75,75,75,75,75,75,75,75,75,75,75,75],"card_choices":[{"not_picked":["Dagger Throw","Backflip"],"picked":"Endless Agony","floor":1},{"not_picked":["Backflip","Backstab"],"picked":"Catalyst","floor":2},{"not_picked":["Bouncing Flask","Masterful Stab"],"picked":"Well Laid Plans","floor":5},{"not_picked":["Expertise","Underhanded Strike"],"picked":"Blade Dance","floor":8},{"not_picked":["Flying Knee","Deflect"],"picked":"Deadly Poison","floor":11},{"not_picked":["Acrobatics","Bane"],"picked":"Dash","floor":13},{"not_picked":["Distraction","Dagger Spray"],"picked":"Prepared","floor":14},{"not_picked":["After Image","Bullet Time"],"picked":"A Thousand Cuts","floor":16},{"not_picked":["Prepared","Backflip"],"picked":"Dagger Throw","floor":17},{"not_picked":["Dodge and Roll","Reflex"],"picked":"Poisoned Stab+1","floor":18},{"not_picked":["Crippling Poison","Slice"],"picked":"Phantasmal Killer","floor":19},{"not_picked":["Acrobatics","Outmaneuver"],"picked":"Blade Dance+1","floor":24},{"not_picked":["Deflect","Poisoned Stab"],"picked":"Infinite Blades","floor":31},{"not_picked":["Acrobatics+1","Deflect"],"picked":"Endless Agony+1","floor":32}],"player_experience":16220,"relics_obtained":[{"floor":8,"key":"Orichalcum"},{"floor":9,"key":"Pen Nib"},{"floor":26,"key":"MawBank"},{"floor":29,"key":"Dream Catcher"}],"event_choices":[{"damage_healed":0,"gold_gain":0,"cards_transformed":["Defend_G"],"player_choice":"Change","damage_taken":0,"max_hp_gain":0,"max_hp_loss":0,"event_name":"Living Wall","floor":3,"gold_loss":0,"cards_obtained":["Backstab"]},{"cards_removed":["Strike_G"],"damage_healed":0,"gold_gain":0,"player_choice":"Card Removal","damage_taken":0,"max_hp_gain":0,"max_hp_loss":0,"event_name":"The Cleric","floor":4,"gold_loss":50},{"damage_healed":0,"gold_gain":0,"player_choice":"Ignored","damage_taken":0,"max_hp_gain":0,"max_hp_loss":0,"event_name":"Liars Game","floor":10,"gold_loss":0},{"damage_healed":0,"gold_gain":0,"player_choice":"Copied","damage_taken":0,"max_hp_gain":0,"max_hp_loss":0,"event_name":"Duplicator","floor":21,"gold_loss":0,"cards_obtained":["Endless Agony"]},{"damage_healed":0,"gold_gain":0,"player_choice":"Ignored","damage_taken":0,"max_hp_gain":0,"max_hp_loss":0,"event_name":"Vampires","floor":22,"gold_loss":0},{"damage_healed":0,"gold_gain":0,"player_choice":"Opened","damage_taken":0,"relics_obtained":["War Paint"],"max_hp_gain":0,"max_hp_loss":0,"event_name":"The Mausoleum","floor":25,"gold_loss":0},{"damage_healed":0,"gold_gain":0,"player_choice":"Read","damage_taken":0,"max_hp_gain":0,"max_hp_loss":0,"event_name":"The Library","floor":28,"gold_loss":0,"cards_obtained":["Infinite Blades"]},{"cards_removed":["Defend_G"],"damage_healed":0,"gold_gain":0,"player_choice":"Gave Gold","damage_taken":0,"max_hp_gain":0,"max_hp_loss":0,"event_name":"Beggar","floor":30,"gold_loss":75}],"is_beta":false,"boss_relics":[{"not_picked":["Ectoplasm","Empty Cage"],"picked":"Tiny House"}],"items_purged_floors":[],"is_endless":false,"potions_floor_spawned":[2,5,8,11,18,19],"killed_by":"Collector","ascension_level":0}