{"path_per_floor":["M","M","M","M","M","R","?","R","T","$","M","M","M","M","R","B",null,"M","M"],"character_chosen":"DEFECT","items_purchased":["Regal Pillow","Bandage Up"],"gold_per_floor":[116,132,148,163,181,181,356,356,382,141,110,128,147,157,157,254,254,266,276,276],"floor_reached":20,"campfire_rested":2,"playtime":1069,"current_hp_per_floor":[75,75,75,56,33,55,55,55,55,55,34,28,27,20,57,11,75,41,23,0],"items_purged":[],"gold":276,"score":172,"play_id":"f04aef81-c42d-4705-95c2-058a5adb6f86","local_time":"20180501212643","is_prod":false,"is_daily":false,"chose_seed":false,"is_ascension_mode":false,"campfire_upgraded":1,"timestamp":1525224403,"path_taken":["M","M","M","M","M","R","?","R","T","?","M","?","M","M","R","BOSS","M","M","?"],"build_version":"2018-05-01","seed_source_timestamp":210262517407291,"purchased_purges":0,"victory":false,"master_deck":["Strike_B","Strike_B","Strike_B","Strike_B","Defend_B","Defend_B","Defend_B","Defend_B","Zap","Dualcast","Leap","Reprieve","Cold Snap","Thunder Strike+1","Doubt","Bandage Up","Reprieve","Seek","Hologram","White Noise"],"max_hp_per_floor":[75,75,75,75,75,75,75,75,75,75,75,75,75,75,75,75,75,75,75,75],"relics":["Cracked Core","Vajra","Regal Pillow","Velvet Choker"],"card_choices":[{"not_picked":["Hologram","Axe Kick"],"picked":"Leap","floor":1},{"not_picked":["Turbo","Impulse"],"picked":"Reprieve","floor":2},{"not_picked":["Skim","Coolheaded"],"picked":"Cold Snap","floor":3},{"not_picked":["Cold Snap","Hologram"],"picked":"Thunder Strike","floor":5},{"not_picked":["Hologram","Turbo"],"picked":"Reprieve","floor":14},{"not_picked":["Nova","Reboot"],"picked":"Seek","floor":16},{"not_picked":["Streamline","Go for the Eyes"],"picked":"Hologram","floor":18},{"not_picked":["Hello World","Doom and Gloom"],"picked":"White Noise","floor":19}],"player_experience":184070,"potions_floor_usage":[16,16,16],"damage_taken":[{"damage":0,"enemies":"2 Louse","floor":1,"turns":2},{"damage":0,"enemies":"Small Slimes","floor":2,"turns":3},{"damage":0,"enemies":"Jaw Worm","floor":3,"turns":3},{"damage":19,"enemies":"Lots of Slimes","floor":4,"turns":4},{"damage":23,"enemies":"Gremlin Gang","floor":5,"turns":5},{"damage":25,"enemies":"Exordium Thugs","floor":11,"turns":6},{"damage":10,"enemies":"Looter","floor":12,"turns":3},{"damage":5,"enemies":"Lots of Slimes","floor":13,"turns":6},{"damage":11,"enemies":"3 Louse","floor":14,"turns":4},{"damage":50,"enemies":"The Guardian","floor":16,"turns":17},{"damage":36,"enemies":"Shell Parasite","floor":18,"turns":12},{"damage":22,"enemies":"Spheric Guardian","floor":19,"turns":6},{"damage":32,"enemies":"3 Cultists","floor":20,"turns":4}],"event_choices":[{"event_name":"Liars Game","player_choice":"agreed","floor":7,"damage_taken":0}],"boss_relics":[{"not_picked":["Pandora\u0027s Box","Runic Pyramid"],"picked":"Velvet Choker"}],"potions_floor_spawned":[4,5,11,13,16,19],"seed_played":"-6119834506466442596","killed_by":"3 Cultists","ascension_level":0,"is_trial":false}