{"gold_per_floor":[110,128,148,160,177,177,188,203,203,50,50,65,85,103,103,103],"floor_reached":16,"playtime":1976,"items_purged":[],"score":105,"play_id":"569d3d6f-8033-477e-9b97-d6fdce8fdeac","local_time":"20181023223826","is_ascension_mode":true,"campfire_choices":[{"floor":6,"key":"REST"},{"floor":15,"key":"REST"}],"neow_cost":"NONE","seed_source_timestamp":15074885924900,"circlet_count":0,"master_deck":["Strike_B","Strike_B","Strike_B","Strike_B","Defend_B","Defend_B","Defend_B","Defend_B","Zap","Dualcast","Machine Learning","Heatsinks","Genetic Algorithm","Leap","Storm","Storm"],"relics":["Cracked Core","Mummified Hand","DataDisk"],"potions_floor_usage":[4,13,13,14,16],"damage_taken":[{"damage":7,"enemies":"Jaw Worm","floor":1,"turns":3},{"damage":4,"enemies":"2 Louse","floor":2,"turns":3},{"damage":10,"enemies":"Small Slimes","floor":3,"turns":4},{"damage":7,"enemies":"3 Louse","floor":4,"turns":6},{"damage":48,"enemies":"Gremlin Gang","floor":5,"turns":7},{"damage":7,"enemies":"Blue Slaver","floor":7,"turns":6},{"damage":9,"enemies":"Exordium Wildlife","floor":8,"turns":5},{"damage":1,"enemies":"2 Fungi Beasts","floor":12,"turns":5},{"damage":0,"enemies":"Red Slaver","floor":13,"turns":2},{"damage":2,"enemies":"Gremlin Gang","floor":14,"turns":4},{"damage":37,"enemies":"Hexaghost","floor":16,"turns":12}],"seed_played":"8921730122030190082","potions_obtained":[{"floor":3,"key":"Fruit Juice"},{"floor":4,"key":"SteroidPotion"},{"floor":7,"key":"EssenceOfSteel"},{"floor":12,"key":"AttackPotion"},{"floor":13,"key":"Poison Potion"},{"floor":14,"key":"GamblersBrew"}],"is_trial":false,"path_per_floor":["M","M","M","M","M","R","M","M","T","$","?","M","M","M","R"],"character_chosen":"DEFECT","items_purchased":["DataDisk"],"campfire_rested":2,"item_purchase_floors":[10],"current_hp_per_floor":[68,64,54,52,4,28,21,12,12,12,12,11,11,9,33,0],"gold":103,"neow_bonus":"ONE_RANDOM_RARE_CARD","is_prod":false,"is_daily":false,"chose_seed":false,"campfire_upgraded":0,"win_rate":0,"timestamp":1540348706,"path_taken":["M","M","M","M","M","R","M","M","T","$","?","M","M","M","R","BOSS"],"build_version":"2018-10-22","purchased_purges":0,"victory":false,"max_hp_per_floor":[75,75,75,80,80,80,80,80,80,80,80,80,80,80,80,80],"card_choices":[{"not_picked":["Barrage","Sweeping Beam"],"picked":"Heatsinks","floor":1},{"not_picked":["Redo","Rip and Tear"],"picked":"Genetic Algorithm","floor":2},{"not_picked":["Streamline","Beam Cell","Turbo"],"picked":"SKIP","floor":3},{"not_picked":["Chaos","Gash","Doom and Gloom"],"picked":"SKIP","floor":4},{"not_picked":["Steam Power","Ball Lightning"],"picked":"Leap","floor":5},{"not_picked":["Scrape","Coolheaded"],"picked":"Storm","floor":7},{"not_picked":["Aggregate","Chill","Sweeping Beam"],"picked":"SKIP","floor":8},{"not_picked":["Hologram","Streamline"],"picked":"Storm","floor":12},{"not_picked":["Cold Snap","Ball Lightning","Stack"],"picked":"SKIP","floor":13},{"not_picked":["Redo","Ball Lightning","Chaos"],"picked":"SKIP","floor":14}],"player_experience":241915,"relics_obtained":[{"floor":9,"key":"Mummified Hand"}],"event_choices":[{"damage_healed":0,"gold_gain":0,"player_choice":"Ignored","damage_taken":0,"max_hp_gain":0,"max_hp_loss":0,"event_name":"Shining Light","floor":11,"gold_loss":0}],"is_beta":true,"boss_relics":[],"items_purged_floors":[],"is_endless":false,"potions_floor_spawned":[3,4,7,12,13,14],"killed_by":"Hexaghost","ascension_level":1}