{"gold_per_floor":[118,138,155,166,166,166,183,183,183,201,132,146,158,176,176,176],"floor_reached":16,"playtime":794,"items_purged":[],"score":108,"play_id":"1b94b37d-07e7-403a-9e10-261ccce1a9ac","local_time":"20181222192248","is_ascension_mode":true,"campfire_choices":[{"data":"Backflip","floor":6,"key":"SMITH"},{"data":"Distraction","floor":15,"key":"SMITH"}],"neow_cost":"NONE","seed_source_timestamp":11632580388100,"circlet_count":0,"master_deck":["Defend_G","Defend_G","Defend_G","Defend_G","Defend_G","Strike_G","Strike_G","Strike_G","Strike_G","Strike_G","Survivor","Neutralize","Backflip+1","Dagger Throw","Flying Knee","Prepared","Underhanded Strike","Distraction+1","Deadly Poison","PiercingWail"],"relics":["Ring of the Snake","NeowsBlessing","Orichalcum"],"potions_floor_usage":[16,16,16],"damage_taken":[{"damage":0,"enemies":"Small Slimes","floor":1,"turns":1},{"damage":0,"enemies":"Cultist","floor":2,"turns":1},{"damage":0,"enemies":"2 Louse","floor":3,"turns":1},{"damage":15,"enemies":"Exordium Thugs","floor":4,"turns":7},{"damage":6,"enemies":"Looter","floor":7,"turns":3},{"damage":24,"enemies":"Gremlin Gang","floor":10,"turns":6},{"damage":0,"enemies":"Exordium Thugs","floor":12,"turns":5},{"damage":0,"enemies":"Looter","floor":13,"turns":2},{"damage":2,"enemies":"2 Fungi Beasts","floor":14,"turns":4},{"damage":48,"enemies":"Hexaghost","floor":16,"turns":16}],"seed_played":"-9196167373135225990","potions_obtained":[{"floor":7,"key":"Weak Potion"},{"floor":12,"key":"SteroidPotion"},{"floor":14,"key":"Swift Potion"}],"is_trial":false,"path_per_floor":["M","M","M","M","?","R","M","?","T","M","$","M","M","M","R","B"],"character_chosen":"THE_SILENT","items_purchased":["Distraction"],"campfire_rested":0,"item_purchase_floors":[11],"current_hp_per_floor":[70,70,70,55,55,55,49,70,70,46,46,46,46,44,44,0],"gold":176,"neow_bonus":"THREE_ENEMY_KILL","is_prod":false,"is_daily":false,"chose_seed":false,"campfire_upgraded":2,"win_rate":0,"timestamp":1545524568,"path_taken":["M","M","M","M","?","R","?","?","T","M","$","?","M","M","R","BOSS"],"build_version":"2018-12-20","purchased_purges":0,"victory":false,"max_hp_per_floor":[70,70,70,70,70,70,70,70,70,70,70,70,70,70,70,70],"card_choices":[{"not_picked":["Poisoned Stab","Acrobatics"],"picked":"Backflip","floor":1},{"not_picked":["Slice","Predator"],"picked":"Dagger Throw","floor":2},{"not_picked":["Prepared","Deflect"],"picked":"Flying Knee","floor":3},{"not_picked":["Outmaneuver","Finisher"],"picked":"Prepared","floor":4},{"not_picked":["Dodge and Roll","Outmaneuver"],"picked":"Predator","floor":7},{"not_picked":["Quick Slash","Flying Knee"],"picked":"Underhanded Strike","floor":10},{"not_picked":["Flechettes","Choke"],"picked":"Deadly Poison","floor":12},{"not_picked":["After Image","Acrobatics","Poisoned Stab"],"picked":"SKIP","floor":13},{"not_picked":["Bane","Acrobatics"],"picked":"PiercingWail","floor":14}],"player_experience":319410,"relics_obtained":[{"floor":9,"key":"Orichalcum"}],"event_choices":[{"damage_healed":0,"gold_gain":0,"player_choice":"Bought 0 Potions","damage_taken":0,"max_hp_gain":0,"max_hp_loss":0,"event_name":"The Woman in Blue","floor":5,"gold_loss":0},{"cards_removed":["Predator"],"damage_healed":21,"gold_gain":0,"player_choice":"Offered Uncommon","damage_taken":0,"max_hp_gain":0,"max_hp_loss":0,"event_name":"Bonfire Elementals","floor":8,"gold_loss":0}],"is_beta":false,"boss_relics":[],"items_purged_floors":[],"is_endless":false,"potions_floor_spawned":[7,12,14],"killed_by":"Hexaghost","ascension_level":2}