{"path_per_floor":["M","M","M","?","M","R","E","M","T","M","M","M","?","M","R","B",null,"M","?","$","?","M","R","M","R","T","M","M","R","M","M","R","B",null,"M","$","M","?","$","R","E","R","T","M","M","M","?","M","R","B"],"character_chosen":"DEFECT","items_purchased":["Apotheosis","DataDisk","Double Energy","Defragment"],"gold_per_floor":[111,125,143,93,105,105,134,144,216,227,247,257,257,273,273,377,377,391,391,31,31,44,44,55,55,55,67,82,82,100,113,113,216,216,233,114,128,128,44,44,76,76,102,121,131,141,141,153,153,153],"floor_reached":51,"campfire_rested":5,"playtime":4846,"current_hp_per_floor":[74,74,69,69,66,66,56,56,56,52,56,56,74,73,73,33,75,55,55,55,39,35,35,21,43,43,41,43,66,50,46,70,76,83,69,69,52,73,73,82,55,82,82,66,46,41,43,20,57,37],"items_purged":["Parasite","Writhe"],"gold":153,"score":664,"play_id":"da10dff8-b521-4811-b855-5e63ad6da11b","local_time":"20180503212448","is_prod":false,"is_daily":false,"chose_seed":false,"is_ascension_mode":false,"campfire_upgraded":4,"timestamp":1525397088,"path_taken":["M","M","M","?","M","R","E","M","T","M","M","?","?","M","R","BOSS","M","?","$","?","M","R","M","R","T","M","M","R","M","M","R","BOSS","M","$","M","?","$","R","E","R","T","?","M","?","?","M","R","BOSS"],"build_version":"2018-05-02","seed_source_timestamp":12089864097612,"purchased_purges":2,"victory":true,"master_deck":["Strike_B+1","Strike_B+1","Strike_B+1","Defend_B+1","Defend_B+1","Defend_B+1","Defend_B+1","Zap","Dualcast","Streamline","Coolheaded","Glacier","White Noise+1","Loop","Melter","Sunder","White Noise+1","Leap","Thunder Strike","Defragment","Apotheosis+1","Ball Lightning","Capacitor","Seek","Double Energy","Echo Form+1","Defragment","Go for the Eyes+1"],"max_hp_per_floor":[75,75,75,75,75,75,75,75,75,75,75,75,75,75,75,75,75,75,75,75,75,75,75,75,75,75,77,79,79,81,83,83,83,83,85,82,82,82,82,82,82,82,82,84,86,88,90,92,92,92],"relics":["Cracked Core","Lantern","Smiling Mask","Snecko Eye","DataDisk","Nilry\u0027s Codex","Singing Bowl","Eternal Feather","Calipers","Vajra"],"card_choices":[{"not_picked":["Leap","FTL"],"picked":"Streamline","floor":0},{"not_picked":["Hologram","Turbo"],"picked":"Coolheaded","floor":1},{"not_picked":["FTL","Auto Shields"],"picked":"Glacier","floor":2},{"not_picked":["Impulse","Force Field"],"picked":"White Noise","floor":5},{"not_picked":["Force Field","Doom and Gloom"],"picked":"Loop","floor":7},{"not_picked":["Turbo","Rebound"],"picked":"Melter","floor":8},{"not_picked":["Leap","Beam Cell"],"picked":"Sunder","floor":10},{"not_picked":["Melter","Axe Kick"],"picked":"White Noise","floor":11},{"not_picked":["Impulse","Hello World"],"picked":"Leap","floor":14},{"not_picked":["Amplify","Hyperbeam"],"picked":"Thunder Strike","floor":16},{"not_picked":["Leap","Capacitor"],"picked":"Defragment","floor":18},{"not_picked":["Stack","Doom and Gloom"],"picked":"Ball Lightning","floor":22},{"not_picked":["Ball Lightning","Blizzard"],"picked":"Capacitor","floor":24},{"not_picked":["Thunder Strike","Redo"],"picked":"Seek","floor":33},{"not_picked":["Hologram","Capacitor"],"picked":"Echo Form","floor":37},{"not_picked":["Undo","Skim"],"picked":"Go for the Eyes","floor":41}],"player_experience":197677,"potions_floor_usage":[10,16,22,22,24,31,31,31,41,41,50,50,50],"damage_taken":[{"damage":1,"enemies":"Jaw Worm","floor":1,"turns":3},{"damage":0,"enemies":"Cultist","floor":2,"turns":2},{"damage":5,"enemies":"Small Slimes","floor":3,"turns":3},{"damage":3,"enemies":"Looter","floor":5,"turns":4},{"damage":17,"enemies":"Lagavulin","floor":7,"turns":13},{"damage":0,"enemies":"Large Slime","floor":8,"turns":4},{"damage":4,"enemies":"2 Fungi Beasts","floor":10,"turns":2},{"damage":3,"enemies":"Exordium Wildlife","floor":11,"turns":2},{"damage":0,"enemies":"Red Slaver","floor":12,"turns":3},{"damage":1,"enemies":"2 Fungi Beasts","floor":14,"turns":6},{"damage":40,"enemies":"Hexaghost","floor":16,"turns":10},{"damage":20,"enemies":"Spheric Guardian","floor":18,"turns":4},{"damage":4,"enemies":"2 Thieves","floor":22,"turns":4},{"damage":14,"enemies":"Centurion and Healer","floor":24,"turns":5},{"damage":4,"enemies":"Snecko","floor":27,"turns":5},{"damage":0,"enemies":"Sentry and Sphere","floor":28,"turns":2},{"damage":18,"enemies":"Centurion and Healer","floor":30,"turns":5},{"damage":22,"enemies":"Snecko","floor":31,"turns":5},{"damage":1,"enemies":"Champ","floor":33,"turns":14},{"damage":16,"enemies":"Orb Walker","floor":35,"turns":4},{"damage":17,"enemies":"3 Darklings","floor":37,"turns":5},{"damage":39,"enemies":"Giant Head","floor":41,"turns":10},{"damage":25,"enemies":"Maw","floor":44,"turns":10},{"damage":22,"enemies":"Flame Bruiser 2 Orb","floor":45,"turns":7},{"damage":21,"enemies":"4 Shapes","floor":46,"turns":6},{"damage":25,"enemies":"Spire Growth","floor":48,"turns":5},{"damage":35,"enemies":"Time Eater","floor":50,"turns":13}],"event_choices":[{"event_name":"The Cleric","player_choice":"Card Removal","floor":4,"damage_taken":0},{"event_name":"Mushrooms","player_choice":"Healed and dodged fight","floor":13,"damage_taken":0},{"event_name":"Back to Basics","player_choice":"Simplicity","floor":19,"damage_taken":0},{"event_name":"Cursed Tome","player_choice":"Obtained Book","floor":21,"damage_taken":0},{"event_name":"Winding Halls","player_choice":"Writhe","floor":38,"damage_taken":0},{"event_name":"SensoryStone","player_choice":"Memory 1","floor":47,"damage_taken":0}],"boss_relics":[{"not_picked":["Tiny House","Runic Dome"],"picked":"Snecko Eye"},{"not_picked":["Pandora\u0027s Box","Astrolabe"],"picked":"Eternal Feather"}],"potions_floor_spawned":[2,3,5,10,14,18,22,27,30,33,37,45,46,48],"seed_played":"62619919635396794","ascension_level":0,"is_trial":false}