{"gold_per_floor":[110,35,49,49,67,67,99,99,99,109,134,153,186,202,202,279,279,230,96,96,106,6,37,37,47,121,121,147,147],"floor_reached":29,"playtime":1484,"items_purged":["Strike_G","Strike_G"],"score":526,"play_id":"91b8fb52-88c5-42e9-a68b-a2b3c9f0ea10","local_time":"20190421104538","is_ascension_mode":true,"campfire_choices":[{"data":"Noxious Fumes","floor":6,"key":"SMITH"},{"floor":8,"key":"REST"},{"floor":15,"key":"REST"},{"floor":24,"key":"REST"},{"floor":27,"key":"REST"}],"neow_cost":"NONE","seed_source_timestamp":255328810325840,"circlet_count":0,"master_deck":["AscendersBane","Defend_G+1","Defend_G","Defend_G","Defend_G","Defend_G+1","Strike_G","Strike_G","Strike_G","Survivor","Neutralize+1","Noxious Fumes+1","Malaise","Quick Slash","Backflip","A Thousand Cuts+1","Footwork+1","Dodge and Roll","After Image+1","PiercingWail","Wraith Form v2+1","Backflip","Blur","PiercingWail"],"relics":["Ring of the Snake","Frozen Egg 2","War Paint","Du-Vu Doll","FossilizedHelix","Velvet Choker","Singing Bowl","Bag of Preparation"],"potions_floor_usage":[7,11,13,13,29,29],"damage_taken":[{"damage":0,"enemies":"Cultist","floor":1,"turns":5},{"damage":0,"enemies":"Jaw Worm","floor":3,"turns":4},{"damage":0,"enemies":"2 Louse","floor":5,"turns":5},{"damage":46,"enemies":"Gremlin Nob","floor":7,"turns":5},{"damage":0,"enemies":"2 Fungi Beasts","floor":10,"turns":4},{"damage":17,"enemies":"3 Sentries","floor":11,"turns":8},{"damage":0,"enemies":"Blue Slaver","floor":12,"turns":6},{"damage":8,"enemies":"Gremlin Nob","floor":13,"turns":4},{"damage":5,"enemies":"Large Slime","floor":14,"turns":5},{"damage":14,"enemies":"Hexaghost","floor":16,"turns":13},{"damage":0,"enemies":"2 Thieves","floor":18,"turns":5},{"damage":1,"enemies":"3 Byrds","floor":21,"turns":5},{"damage":31,"enemies":"Gremlin Leader","floor":23,"turns":9},{"damage":0,"enemies":"Snake Plant","floor":25,"turns":10},{"damage":48,"enemies":"Slavers","floor":29,"turns":8}],"seed_played":"7805747291168567862","potions_obtained":[{"floor":3,"key":"AttackPotion"},{"floor":10,"key":"EssenceOfSteel"},{"floor":11,"key":"Energy Potion"},{"floor":12,"key":"Block Potion"},{"floor":18,"key":"EntropicBrew"}],"is_trial":false,"path_per_floor":["$","$","?","T"],"character_chosen":"THE_SILENT","items_purchased":["Wraith Form v2+1","Backflip"],"campfire_rested":4,"item_purchase_floors":[19,19],"current_hp_per_floor":[59,59,59,59,59,59,13,32,32,32,15,15,7,2,21,7,51,51,51,33,32,32,1,22,24,24,45,45,0],"gold":147,"neow_bonus":"UPGRADE_CARD","is_prod":false,"is_daily":false,"chose_seed":false,"campfire_upgraded":1,"win_rate":0,"timestamp":1555832738,"path_taken":["M","?","M","?","M","R","E","R","T","M","E","M","E","M","R","BOSS","M","$","?","M","$","E","R","M","T","R","?","E"],"build_version":"2019-01-23","purchased_purges":2,"victory":false,"max_hp_per_floor":[66,66,66,66,66,66,66,66,66,66,66,66,66,66,66,66,66,66,66,71,71,71,71,71,73,73,73,73,73],"card_choices":[{"not_picked":["Dagger Spray","Slice"],"picked":"Noxious Fumes","floor":1},{"not_picked":["Dodge and Roll","Underhanded Strike","Acrobatics"],"picked":"SKIP","floor":3},{"not_picked":["Deflect","Concentrate"],"picked":"Malaise","floor":5},{"not_picked":["Concentrate","Outmaneuver"],"picked":"Quick Slash","floor":7},{"not_picked":["Outmaneuver","Deflect","Blade Dance"],"picked":"SKIP","floor":10},{"not_picked":["Underhanded Strike","Skewer"],"picked":"Backflip","floor":11},{"not_picked":["Sucker Punch","Accuracy+1"],"picked":"A Thousand Cuts+1","floor":12},{"not_picked":["Heel Hook","Tactician"],"picked":"Footwork+1","floor":13},{"not_picked":["Eviscerate","Deflect"],"picked":"Dodge and Roll","floor":14},{"not_picked":["Storm of Steel","Die Die Die"],"picked":"After Image+1","floor":16},{"not_picked":["Deadly Poison","Bane"],"picked":"PiercingWail","floor":18},{"not_picked":["Setup","Concentrate"],"picked":"Blur","floor":21},{"not_picked":["Poisoned Stab","Outmaneuver"],"picked":"PiercingWail","floor":23},{"not_picked":["Underhanded Strike","Outmaneuver","Acrobatics"],"picked":"Singing Bowl","floor":25}],"player_experience":1779364,"relics_obtained":[{"floor":7,"key":"Frozen Egg 2"},{"floor":9,"key":"War Paint"},{"floor":11,"key":"Du-Vu Doll"},{"floor":13,"key":"FossilizedHelix"},{"floor":23,"key":"Singing Bowl"},{"floor":28,"key":"Bag of Preparation"}],"event_choices":[{"damage_healed":0,"gold_gain":0,"player_choice":"Shed Blood","damage_taken":23,"max_hp_gain":5,"max_hp_loss":0,"event_name":"Forgotten Altar","floor":20,"gold_loss":0}],"is_beta":false,"boss_relics":[{"not_picked":["Black Star","Astrolabe"],"picked":"Velvet Choker"}],"items_purged_floors":[2,22],"is_endless":false,"potions_floor_spawned":[3,10,11,12,18],"killed_by":"Slavers","ascension_level":20}