{"gold_per_floor":[114,134,134,209,66,81,112,112,137,172,172,182,357,370,370,472,472,488,184,198,178,192,226,28,28,28,28,28,47,47,61,61,61],"floor_reached":33,"playtime":2091,"items_purged":["Doubt"],"score":300,"play_id":"41dd7358-07f7-49f9-9799-da57644eb000","local_time":"20190119105609","is_ascension_mode":false,"campfire_choices":[{"data":"Armaments","floor":8,"key":"SMITH"},{"floor":11,"key":"REST"},{"data":"Dual Wield","floor":15,"key":"SMITH"},{"floor":25,"key":"REST"},{"data":"Demon Form","floor":27,"key":"SMITH"},{"data":"Metallicize","floor":32,"key":"SMITH"}],"neow_cost":"NONE","seed_source_timestamp":414235312972,"circlet_count":0,"master_deck":["Strike_R","Strike_R","Strike_R","Strike_R","Strike_R","Defend_R","Defend_R","Defend_R","Defend_R","Bash","Juggernaut+1","Metallicize","Armaments+1","Spot Weakness","Rage","Evolve","Feel No Pain","Dual Wield+1","Feed","Thunderclap+1","Metallicize+1","Demon Form+1","Metallicize+1","Body Slam","Disarm","Uppercut+1"],"relics":["Burning Blood","Regal Pillow","Red Skull","Strawberry","Dream Catcher","Lizard Tail","Blood Vial","Thread and Needle","Sling","Lantern"],"potions_floor_usage":[7,10,18,22,23,23,33],"damage_taken":[{"damage":6,"enemies":"Jaw Worm","floor":1,"turns":5},{"damage":2,"enemies":"2 Louse","floor":2,"turns":4},{"damage":4,"enemies":"Cultist","floor":6,"turns":4},{"damage":33,"enemies":"3 Sentries","floor":7,"turns":12},{"damage":10,"enemies":"Lagavulin","floor":10,"turns":6},{"damage":9,"enemies":"3 Louse","floor":12,"turns":4},{"damage":22,"enemies":"Red Slaver","floor":14,"turns":5},{"damage":39,"enemies":"The Guardian","floor":16,"turns":14},{"damage":28,"enemies":"Shell Parasite","floor":18,"turns":7},{"damage":33,"enemies":"Spheric Guardian","floor":20,"turns":7},{"damage":28,"enemies":"3 Cultists","floor":22,"turns":5},{"damage":47,"enemies":"Book of Stabbing","floor":23,"turns":5},{"damage":14,"enemies":"Centurion and Healer","floor":29,"turns":7},{"damage":26,"enemies":"Snake Plant","floor":31,"turns":5},{"damage":61,"enemies":"Automaton","floor":33,"turns":10}],"seed_played":"-6748877634377092837","potions_obtained":[{"floor":1,"key":"Energy Potion"},{"floor":6,"key":"SteroidPotion"},{"floor":7,"key":"Fire Potion"},{"floor":10,"key":"SkillPotion"},{"floor":20,"key":"Fire Potion"},{"floor":21,"key":"LiquidBronze"},{"floor":22,"key":"Energy Potion"},{"floor":31,"key":"Dexterity Potion"}],"is_trial":false,"path_per_floor":["M","M","$","?","$","M","E","R","T","E","R","M","?","M","R","B",null,"M","$","M","?","M","E","$","R","T","R","?","M","$","M","R","B"],"character_chosen":"IRONCLAD","items_purchased":["Regal Pillow","Blood Vial","Metallicize","Sling"],"campfire_rested":2,"item_purchase_floors":[5,19,19,24],"current_hp_per_floor":[80,80,80,69,69,71,44,44,51,47,87,84,84,68,68,35,87,65,65,40,40,23,34,34,76,76,76,76,73,73,58,58,0],"gold":61,"neow_bonus":"ONE_RANDOM_RARE_CARD","is_prod":false,"is_daily":false,"chose_seed":false,"campfire_upgraded":4,"win_rate":0,"timestamp":1547913369,"path_taken":["M","M","$","?","$","M","E","R","T","E","R","M","?","M","R","BOSS","M","$","M","?","M","E","?","R","T","R","?","M","$","M","R","BOSS"],"build_version":"2019-01-17v2","purchased_purges":1,"victory":false,"max_hp_per_floor":[80,80,80,80,80,80,80,80,87,87,87,87,87,87,87,87,87,87,87,87,87,90,90,90,90,90,90,90,93,93,96,96,96],"card_choices":[{"not_picked":["Battle Trance","Body Slam","Bloodletting"],"picked":"SKIP","floor":1},{"not_picked":["Clothesline","Shockwave"],"picked":"Metallicize","floor":2},{"not_picked":["Sword Boomerang","Carnage"],"picked":"Armaments","floor":6},{"not_picked":["Warcry","Clothesline"],"picked":"Spot Weakness","floor":7},{"not_picked":["Twin Strike","Exhume"],"picked":"Rage","floor":10},{"not_picked":["Sword Boomerang","Perfected Strike"],"picked":"Evolve","floor":11},{"not_picked":["Wild Strike","Blood for Blood"],"picked":"Feel No Pain","floor":12},{"not_picked":["Twin Strike","Burning Pact"],"picked":"Dual Wield","floor":14},{"not_picked":["Bludgeon","Brutality"],"picked":"Feed","floor":16},{"not_picked":["Clash","Sever Soul"],"picked":"Thunderclap+1","floor":18},{"not_picked":["Combust","Flex"],"picked":"Demon Form","floor":20},{"not_picked":["Perfected Strike","True Grit"],"picked":"Metallicize+1","floor":22},{"not_picked":["Clash+1","Clothesline"],"picked":"Body Slam","floor":23},{"not_picked":["Iron Wave","Body Slam"],"picked":"Disarm","floor":29},{"not_picked":["Perfected Strike","Thunderclap"],"picked":"Uppercut+1","floor":31}],"player_experience":148292,"relics_obtained":[{"floor":7,"key":"Red Skull"},{"floor":9,"key":"Strawberry"},{"floor":10,"key":"Dream Catcher"},{"floor":23,"key":"Thread and Needle"},{"floor":26,"key":"Lantern"}],"event_choices":[{"damage_healed":0,"gold_gain":75,"player_choice":"Gather Gold","damage_taken":11,"max_hp_gain":0,"max_hp_loss":0,"event_name":"World of Goop","floor":4,"gold_loss":0},{"damage_healed":0,"gold_gain":175,"player_choice":"AGREE","damage_taken":0,"max_hp_gain":0,"max_hp_loss":0,"event_name":"Liars Game","floor":13,"gold_loss":0,"cards_obtained":["Doubt"]},{"damage_healed":0,"gold_gain":0,"player_choice":"Bought 1 Potion","damage_taken":0,"max_hp_gain":0,"max_hp_loss":0,"event_name":"The Woman in Blue","floor":21,"gold_loss":0},{"damage_healed":0,"gold_gain":0,"player_choice":"Forge","damage_taken":0,"max_hp_gain":0,"max_hp_loss":0,"event_name":"Accursed Blacksmith","floor":28,"gold_loss":0,"cards_upgraded":["Juggernaut"]}],"is_beta":false,"boss_relics":[{"not_picked":["Cursed Key","Pandora\u0027s Box"],"picked":"Lizard Tail"}],"items_purged_floors":[19],"is_endless":false,"potions_floor_spawned":[1,6,7,10,20,22,31],"killed_by":"Automaton","ascension_level":0}