{"gold_per_floor":[119,69,86,99,99,99,132,147,147,164,164,191,191,191,191,295,295,315,415,415,434,453,471,75,88,88,88,115,130,156,172,172,270,270,285,304,20,0,100,134,134,164,164,195,195,195,212,212,212,212,212,212,98,133,133],"floor_reached":55,"playtime":3626,"items_purged":["Strike_R"],"score":1519,"play_id":"162dffaf-e978-4135-a547-b5821c6fdf57","local_time":"20190403212722","is_ascension_mode":true,"campfire_choices":[{"data":"Perfected Strike","floor":6.0,"key":"SMITH"},{"data":"Perfected Strike","floor":11.0,"key":"SMITH"},{"data":"Disarm","floor":13.0,"key":"SMITH"},{"data":"Inflame","floor":15.0,"key":"SMITH"},{"data":"Double Tap","floor":27.0,"key":"SMITH"},{"floor":32.0,"key":"REST"},{"data":"Dark Embrace","floor":41.0,"key":"SMITH"},{"floor":45.0,"key":"RECALL"},{"data":"Corruption","floor":49.0,"key":"SMITH"},{"data":"Feel No Pain","floor":52.0,"key":"SMITH"}],"neow_cost":"NONE","seed_source_timestamp":1362309555284379,"circlet_count":0,"master_deck":["AscendersBane","Strike_R","Strike_R","Strike_R","Defend_R","Defend_R","Defend_R","Defend_R","Bash+1","Twin Strike","Perfected Strike+1","Inflame+1","Pommel Strike+1","Perfected Strike+1","Disarm+1","Offering","Flame Barrier","Corruption+1","Second Wind","Dramatic Entrance+1","Double Tap+1","True Grit","Uppercut+1","Shockwave","Dark Embrace+1","Flame Barrier","Feel No Pain+1","Shrug It Off","Battle Trance+1","Feel No Pain"],"special_seed":0,"relics":["Burning Blood","Omamori","Anchor","Molten Egg 2","Sozu","Red Skull","Bottled Lightning","Bird Faced Urn","The Courier","Busted Crown","Pen Nib","Red Mask","Du-Vu Doll","Juzu Bracelet","Blue Candle","Ice Cream","Orichalcum"],"potions_floor_usage":[55],"damage_taken":[{"damage":8.0,"enemies":"Jaw Worm","floor":1.0,"turns":4.0},{"damage":4.0,"enemies":"2 Louse","floor":3.0,"turns":3.0},{"damage":1.0,"enemies":"Cultist","floor":4.0,"turns":3.0},{"damage":35.0,"enemies":"3 Sentries","floor":7.0,"turns":8.0},{"damage":12.0,"enemies":"Exordium Wildlife","floor":8.0,"turns":3.0},{"damage":0.0,"enemies":"2 Fungi Beasts","floor":10.0,"turns":2.0},{"damage":30.0,"enemies":"Gremlin Nob","floor":12.0,"turns":4.0},{"damage":19.0,"enemies":"Hexaghost","floor":16.0,"turns":9.0},{"damage":6.0,"enemies":"theJungle:GiantWrat","floor":18.0,"turns":2.0},{"damage":31.0,"enemies":"Shell Parasite","floor":21.0,"turns":5.0},{"damage":15.0,"enemies":"theJungle:2_Flameangoes","floor":22.0,"turns":6.0},{"damage":0.0,"enemies":"theJungle:Snecko_Cultist_And_Trap","floor":23.0,"turns":7.0},{"damage":3.0,"enemies":"theJungle:2_Snecko_Cultists","floor":25.0,"turns":3.0},{"damage":11.0,"enemies":"theJungle:MamaSnecko","floor":28.0,"turns":6.0},{"damage":5.0,"enemies":"theJungle:JungleHuntersEncounter","floor":29.0,"turns":4.0},{"damage":12.0,"enemies":"theJungle:Cassacara","floor":30.0,"turns":5.0},{"damage":6.0,"enemies":"theJungle:Snecko_Cultist_And_Trap","floor":31.0,"turns":4.0},{"damage":47.0,"enemies":"theJungle:FunGuy","floor":33.0,"turns":8.0},{"damage":1.0,"enemies":"3 Shapes","floor":35.0,"turns":5.0},{"damage":0.0,"enemies":"Orb Walker","floor":36.0,"turns":2.0},{"damage":0.0,"enemies":"Mind Bloom Boss Battle","floor":39.0,"turns":5.0},{"damage":33.0,"enemies":"Reptomancer","floor":40.0,"turns":5.0},{"damage":8.0,"enemies":"Nemesis","floor":42.0,"turns":7.0},{"damage":17.0,"enemies":"Reptomancer","floor":44.0,"turns":6.0},{"damage":7.0,"enemies":"Jaw Worm Horde","floor":47.0,"turns":3.0},{"damage":57.0,"enemies":"Awakened One","floor":50.0,"turns":10.0},{"damage":12,"enemies":"Shield and Spear","floor":54,"turns":4},{"damage":77,"enemies":"The Heart","floor":55,"turns":8}],"seed_played":"-1243407029307032866","potions_obtained":[{"floor":7.0,"key":"EssenceOfSteel"},{"floor":10.0,"key":"FearPotion"}],"is_trial":false,"path_per_floor":["M","?","M","M","?","R","E","M","T","M","R","E","R","?","R","B",null,"M","?","?","M","M","M","$","M","T","R","E","M","E","M","R","B",null,"M","M","$","?","?","E","R","E","T","E","R","?","M","?","R","B",null,"R","$","E","B"],"character_chosen":"IRONCLAD","items_purchased":["Corruption","Second Wind","Red Skull","Dramatic Entrance+1","Flame Barrier","Feel No Pain","Pen Nib","Shrug It Off","Feel No Pain"],"campfire_rested":1,"item_purchase_floors":[24,24,24,24,37,37,37,37,53],"current_hp_per_floor":[70,70,72,77,77,77,48,42,42,48,48,24,24,24,24,11,63,63,58,58,33,24,30,30,33,33,33,28,33,31,31,55,18,65,76,80,80,80,80,59,59,65,65,60,60,60,63,63,63,20,62,62,62,66,0],"gold":133,"neow_bonus":"UPGRADE_CARD","is_prod":false,"is_daily":false,"chose_seed":false,"campfire_upgraded":8,"win_rate":0,"timestamp":1554352042,"path_taken":["M","?","M","M","?","R","E","?","T","M","R","E","R","?","R","BOSS","M","?","?","?","M","M","$","M","T","R","E","M","E","M","R","BOSS","M","M","$","?","?","E","R","E","T","E","R","?","M","?","R","BOSS","R","$","E","BOSS"],"build_version":"2019-01-23","purchased_purges":1,"victory":false,"max_hp_per_floor":[80,80,80,80,80,80,80,80,80,80,80,80,80,80,80,80,80,80,80,80,80,80,80,80,80,80,80,80,80,80,80,80,80,80,80,80,80,80,80,80,80,80,80,80,80,80,80,76,76,76,76,76,76,76,76],"card_choices":[{"not_picked":["Heavy Blade","Sword Boomerang"],"picked":"Twin Strike","floor":1.0},{"not_picked":["Rampage","Twin Strike"],"picked":"Perfected Strike","floor":3.0},{"not_picked":["Headbutt","Clash"],"picked":"Inflame","floor":4.0},{"not_picked":["Cleave","Dual Wield"],"picked":"Pommel Strike","floor":7.0},{"not_picked":["Flex","Second Wind"],"picked":"Perfected Strike","floor":8.0},{"not_picked":["Barricade","Havoc","Blood for Blood"],"picked":"SKIP","floor":10.0},{"not_picked":["Cleave","Iron Wave"],"picked":"Disarm","floor":12.0},{"not_picked":["Bludgeon+1","Fiend Fire+1"],"picked":"Offering","floor":16.0},{"not_picked":["Perfected Strike+1","Combust+1","Bloodletting"],"picked":"SKIP","floor":18.0},{"not_picked":["Entrench","Twin Strike+1","Pummel+1"],"picked":"SKIP","floor":21.0},{"not_picked":["Blood for Blood+1","Infernal Blade","Combust"],"picked":"SKIP","floor":22.0},{"not_picked":["Anger+1","Armaments"],"picked":"Flame Barrier","floor":23.0},{"not_picked":["Perfected Strike+1","Blood for Blood+1"],"picked":"Double Tap","floor":25.0},{"not_picked":["Entrench","Sever Soul+1"],"picked":"True Grit","floor":28.0},{"not_picked":["Perfected Strike+1","Whirlwind+1"],"picked":"Uppercut+1","floor":29.0},{"not_picked":["Twin Strike+1","Heavy Blade+1"],"picked":"Shockwave","floor":30.0},{"not_picked":["Body Slam+1","Rupture","Corruption+1"],"picked":"SKIP","floor":31.0},{"not_picked":["Demon Form","Bludgeon+1"],"picked":"Dark Embrace","floor":33.0},{"not_picked":["Havoc+1"],"picked":"SKIP","floor":35.0},{"not_picked":["Cleave+1"],"picked":"SKIP","floor":36.0},{"not_picked":["Clothesline+1"],"picked":"SKIP","floor":40.0},{"not_picked":[],"picked":"Battle Trance+1","floor":42.0},{"not_picked":["Twin Strike+1"],"picked":"SKIP","floor":44.0},{"not_picked":["Twin Strike+1"],"picked":"SKIP","floor":47.0},{"not_picked":["Clothesline+1"],"picked":"SKIP","floor":54}],"player_experience":212474,"relics_obtained":[{"floor":7.0,"key":"Omamori"},{"floor":9.0,"key":"Anchor"},{"floor":12.0,"key":"Molten Egg 2"},{"floor":26.0,"key":"Bottled Lightning"},{"floor":28.0,"key":"Bird Faced Urn"},{"floor":30.0,"key":"The Courier"},{"floor":39.0,"key":"Du-Vu Doll"},{"floor":40.0,"key":"Juzu Bracelet"},{"floor":42.0,"key":"Blue Candle"},{"floor":44.0,"key":"Ice Cream"},{"floor":54,"key":"Orichalcum"}],"event_choices":[{"cards_removed":["Strike_R"],"damage_healed":0.0,"max_hp_gain":0.0,"max_hp_loss":0.0,"gold_gain":0.0,"event_name":"The Cleric","player_choice":"Card Removal","floor":2.0,"gold_loss":50.0,"damage_taken":0.0},{"damage_healed":0.0,"max_hp_gain":0.0,"max_hp_loss":0.0,"gold_gain":0.0,"event_name":"Purifier","player_choice":"Ignored","floor":5.0,"gold_loss":0.0,"damage_taken":0.0},{"damage_healed":0.0,"max_hp_gain":0.0,"max_hp_loss":0.0,"gold_gain":0.0,"event_name":"Dead Adventurer","player_choice":"Searched \u00270\u0027 times","floor":14.0,"gold_loss":0.0,"damage_taken":0.0},{"damage_healed":0.0,"max_hp_gain":0.0,"max_hp_loss":0.0,"gold_gain":0.0,"event_name":"Upgrade Shrine","player_choice":"Upgraded","floor":20.0,"gold_loss":0.0,"damage_taken":0.0,"cards_upgraded":["Pommel Strike"]},{"damage_healed":0.0,"max_hp_gain":0.0,"max_hp_loss":0.0,"gold_gain":0.0,"event_name":"Tomb of Lord Red Mask","player_choice":"Paid","floor":38.0,"gold_loss":20.0,"damage_taken":0.0,"relics_obtained":["Red Mask"]},{"damage_healed":0.0,"max_hp_gain":0.0,"max_hp_loss":0.0,"gold_gain":0.0,"event_name":"MindBloom","player_choice":"Fight","floor":39.0,"gold_loss":0.0,"damage_taken":0.0},{"damage_healed":0.0,"max_hp_gain":0.0,"max_hp_loss":0.0,"gold_gain":0.0,"event_name":"SensoryStone","player_choice":"Memory 1","floor":46.0,"gold_loss":0.0,"damage_taken":0.0},{"damage_healed":0.0,"max_hp_gain":0.0,"max_hp_loss":4.0,"gold_gain":0.0,"event_name":"Winding Halls","player_choice":"Max HP","floor":48.0,"gold_loss":0.0,"damage_taken":0.0}],"is_beta":false,"boss_relics":[{"not_picked":["Pandora\u0027s Box","Tiny House"],"picked":"Sozu"},{"not_picked":["Coffee Dripper","Velvet Choker"],"picked":"Busted Crown"}],"items_purged_floors":[53],"is_endless":false,"potions_floor_spawned":[7,10,16,22,25,28,31,33,39,47,54],"killed_by":"The Heart","ascension_level":11}