{"gold_per_floor":[111,111,111,25,45,45,72,72,129,155,155,155,71,85,85,159,159,178,178,16,28,28],"floor_reached":22,"playtime":1521,"items_purged":[],"score":480,"play_id":"deca343d-4413-442e-8b2c-dae0a7a9b556","local_time":"20190422130729","is_ascension_mode":true,"campfire_choices":[{"data":"Noxious Fumes","floor":6,"key":"SMITH"},{"data":"Neutralize","floor":8,"key":"SMITH"},{"floor":12,"key":"REST"},{"data":"Riddle With Holes","floor":15,"key":"SMITH"}],"neow_cost":"TEN_PERCENT_HP_LOSS","seed_source_timestamp":350206812390803,"circlet_count":0,"master_deck":["AscendersBane","Defend_G","Defend_G+1","Defend_G","Defend_G","Strike_G","Strike_G","Strike_G","Survivor+1","Neutralize+1","Riddle With Holes+1","Noxious Fumes+1","Dagger Throw","Well Laid Plans","Dodge and Roll","Footwork","PiercingWail","Burst","Deadly Poison","Caltrops"],"relics":["Ring of the Snake","Gremlin Horn","Gambling Chip","Tiny Chest","War Paint","Snecko Eye","Oddly Smooth Stone"],"potions_floor_usage":[5,16,22],"damage_taken":[{"damage":0,"enemies":"2 Louse","floor":1,"turns":6},{"damage":7,"enemies":"Jaw Worm","floor":5,"turns":5},{"damage":26,"enemies":"Gremlin Nob","floor":7,"turns":4},{"damage":19,"enemies":"Lagavulin","floor":10,"turns":8},{"damage":1,"enemies":"Small Slimes","floor":14,"turns":3},{"damage":0,"enemies":"Hexaghost","floor":16,"turns":11},{"damage":0,"enemies":"3 Byrds","floor":18,"turns":8},{"damage":18,"enemies":"2 Thieves","floor":21,"turns":4},{"damage":21,"enemies":"Masked Bandits","floor":22,"turns":3}],"seed_played":"8534343680490362402","potions_obtained":[{"floor":1,"key":"Regen Potion"},{"floor":10,"key":"Strength Potion"},{"floor":21,"key":"Swift Potion"}],"is_trial":false,"path_per_floor":["?","?","$","?","?","?"],"character_chosen":"THE_SILENT","items_purchased":["Noxious Fumes","Footwork","Oddly Smooth Stone"],"campfire_rested":1,"item_purchase_floors":[4,13,20],"current_hp_per_floor":[59,52,41,41,48,48,22,22,22,3,3,21,21,20,20,20,50,50,34,34,16,0],"gold":28,"neow_bonus":"REMOVE_TWO","is_prod":false,"is_daily":false,"chose_seed":false,"campfire_upgraded":3,"win_rate":0,"timestamp":1555927649,"path_taken":["M","?","?","?","M","R","E","R","T","E","?","R","$","M","R","BOSS","M","?","$","M","?"],"build_version":"2019-01-23","purchased_purges":0,"victory":false,"max_hp_per_floor":[60,60,60,60,60,60,60,60,60,60,60,60,60,60,60,60,60,60,65,65,65,65],"card_choices":[{"not_picked":["Backflip","Finisher"],"picked":"Riddle With Holes","floor":1},{"not_picked":["Outmaneuver","Deflect"],"picked":"Dagger Throw","floor":5},{"not_picked":["Outmaneuver","Noxious Fumes"],"picked":"Well Laid Plans","floor":7},{"not_picked":["Blade Dance","Noxious Fumes"],"picked":"Dodge and Roll","floor":10},{"not_picked":["Choke","Bullet Time"],"picked":"PiercingWail","floor":14},{"not_picked":["Storm of Steel","A Thousand Cuts"],"picked":"Burst","floor":16},{"not_picked":["Bane","PiercingWail"],"picked":"Deadly Poison","floor":18},{"not_picked":["Bane","Poisoned Stab"],"picked":"Caltrops","floor":21}],"player_experience":1796481,"relics_obtained":[{"floor":7,"key":"Gambling Chip"},{"floor":9,"key":"Tiny Chest"},{"floor":10,"key":"War Paint"}],"event_choices":[{"cards_removed":["Strike_G"],"damage_healed":0,"gold_gain":0,"player_choice":"Card Removal","damage_taken":7,"max_hp_gain":0,"max_hp_loss":0,"event_name":"Golden Wing","floor":2,"gold_loss":0},{"damage_healed":0,"gold_gain":0,"player_choice":"Success","damage_taken":11,"relics_obtained":["Gremlin Horn"],"max_hp_gain":0,"max_hp_loss":0,"event_name":"Scrap Ooze","floor":3,"gold_loss":0},{"damage_healed":0,"gold_gain":0,"player_choice":"Searched \u00270\u0027 times","damage_taken":0,"max_hp_gain":0,"max_hp_loss":0,"event_name":"Dead Adventurer","floor":11,"gold_loss":0},{"damage_healed":0,"gold_gain":0,"player_choice":"Shed Blood","damage_taken":21,"max_hp_gain":5,"max_hp_loss":0,"event_name":"Forgotten Altar","floor":19,"gold_loss":0},{"damage_healed":0,"gold_gain":0,"player_choice":"Fought Bandits","damage_taken":0,"max_hp_gain":0,"max_hp_loss":0,"event_name":"Masked Bandits","floor":22,"gold_loss":0}],"is_beta":false,"boss_relics":[{"not_picked":["Fusion Hammer","Cursed Key"],"picked":"Snecko Eye"}],"items_purged_floors":[],"is_endless":false,"potions_floor_spawned":[1,10,21],"killed_by":"Masked Bandits","ascension_level":20}