{"gold_per_floor":[114,132,132,307,257,296,296,317,317,340,378,378,392,406,406,534,534,549,215,231,14,44,65,164,164,213,244,262,277,277],"floor_reached":30,"playtime":1142,"items_purged":[],"score":260,"play_id":"f5552061-11fe-4ec2-b96b-f0921b517c20","local_time":"20190214142104","is_ascension_mode":false,"campfire_choices":[{"floor":7.0,"key":"RECALL"},{"floor":12.0,"key":"REST"},{"data":"Defragment","floor":15.0,"key":"SMITH"},{"floor":25.0,"key":"REST"}],"neow_cost":"NONE","seed_source_timestamp":14356161450467,"circlet_count":0,"master_deck":["Strike_B","Strike_B","Strike_B","Strike_B","Defend_B","Defend_B+1","Defend_B","Defend_B","Zap","Dualcast+1","Conserve Battery","Multi-Cast","Doom and Gloom","Defragment+1","Core Surge","Melter","Beam Cell","Heatsinks","Machine Learning","Conserve Battery+1","Buffer","Static Discharge","Writhe","Skim","Storm","Undo+1","Coolheaded"],"special_seed":0,"relics":["Cracked Core","War Paint","Golden Idol","Symbiotic Virus","Potion Belt","Dream Catcher","Nuclear Battery","Membership Card","Pantograph","MealTicket","Regal Pillow","Tiny Chest","Strawberry","Ancient Tea Set"],"potions_floor_usage":[29,29],"damage_taken":[{"damage":0.0,"enemies":"Small Slimes","floor":1.0,"turns":2.0},{"damage":3.0,"enemies":"Jaw Worm","floor":2.0,"turns":2.0},{"damage":18.0,"enemies":"Gremlin Nob","floor":6.0,"turns":4.0},{"damage":0.0,"enemies":"2 Louse","floor":8.0,"turns":1.0},{"damage":20.0,"enemies":"3 Sentries","floor":11.0,"turns":5.0},{"damage":0.0,"enemies":"Looter","floor":13.0,"turns":2.0},{"damage":10.0,"enemies":"Exordium Thugs","floor":14.0,"turns":2.0},{"damage":24.0,"enemies":"Slime Boss","floor":16.0,"turns":10.0},{"damage":20.0,"enemies":"2 Thieves","floor":18.0,"turns":4.0},{"damage":10.0,"enemies":"Shell Parasite","floor":20.0,"turns":4.0},{"damage":2.0,"enemies":"Sentry and Sphere","floor":23.0,"turns":3.0},{"damage":42.0,"enemies":"Book of Stabbing","floor":27.0,"turns":6.0},{"damage":8.0,"enemies":"Snecko","floor":28.0,"turns":3.0},{"damage":16,"enemies":"Snake Plant","floor":29,"turns":3},{"damage":22,"enemies":"Slavers","floor":30,"turns":1}],"seed_played":"7374454350661453876","potions_obtained":[{"floor":2.0,"key":"Strength Potion"},{"floor":11.0,"key":"Weak Potion"},{"floor":14.0,"key":"SpeedPotion"},{"floor":16.0,"key":"SteroidPotion"},{"floor":27.0,"key":"Fire Potion"},{"floor":28.0,"key":"SteroidPotion"}],"is_trial":false,"path_per_floor":["M","M","?","?","?","E","R","M","T","T","E","R","M","M","R","B",null,"M","$","M","$","?","M","?","R","T","E","M","M","E"],"character_chosen":"DEFECT","items_purchased":["Membership Card","Pantograph","MealTicket","Regal Pillow","Static Discharge"],"campfire_rested":2,"item_purchase_floors":[19,19,21,21,21],"current_hp_per_floor":[75,72,54,54,54,36,36,36,36,36,16,38,38,28,28,4,75,55,55,45,45,45,43,43,75,82,40,32,16,0],"gold":277,"neow_bonus":"RANDOM_COMMON_RELIC","is_prod":false,"is_daily":false,"chose_seed":false,"campfire_upgraded":1,"win_rate":0,"timestamp":1550172064,"path_taken":["M","M","?","?","?","E","R","M","T","?","E","R","?","M","R","BOSS","M","$","M","$","?","M","?","R","T","E","M","M","E"],"build_version":"2019-01-23","purchased_purges":0,"victory":false,"max_hp_per_floor":[75,75,75,75,75,75,75,75,75,75,75,75,75,75,75,75,75,75,75,75,75,75,75,75,75,82,82,82,82,82],"card_choices":[{"not_picked":["Beam Cell","Coolheaded"],"picked":"Conserve Battery","floor":1.0},{"not_picked":["Leap","Streamline"],"picked":"Multi-Cast","floor":2.0},{"not_picked":["Turbo","Go for the Eyes"],"picked":"Doom and Gloom","floor":6.0},{"not_picked":["Barrage","Conserve Battery"],"picked":"Defragment","floor":8.0},{"not_picked":["Conserve Battery","Hologram"],"picked":"Core Surge","floor":11.0},{"not_picked":["Turbo","Reprogram"],"picked":"Melter","floor":12.0},{"not_picked":["Scrape","Steam"],"picked":"Beam Cell","floor":13.0},{"not_picked":["Biased Cognition","Redo"],"picked":"Heatsinks","floor":14.0},{"not_picked":["Rainbow","Biased Cognition"],"picked":"Machine Learning","floor":16.0},{"not_picked":["Melter","Beam Cell+1"],"picked":"Conserve Battery+1","floor":18.0},{"not_picked":["Go for the Eyes","Chill"],"picked":"Buffer","floor":20.0},{"not_picked":["Leap","Heatsinks"],"picked":"Skim","floor":23.0},{"not_picked":["Sweeping Beam","Ball Lightning"],"picked":"Storm","floor":25.0},{"not_picked":["Glacier","Steam Power"],"picked":"Undo+1","floor":27.0},{"not_picked":["Auto Shields+1","Scrape","Ball Lightning"],"picked":"SKIP","floor":28.0},{"not_picked":["Turbo","Stack"],"picked":"Coolheaded","floor":29}],"player_experience":198614,"relics_obtained":[{"floor":6.0,"key":"Symbiotic Virus"},{"floor":10.0,"key":"Potion Belt"},{"floor":11.0,"key":"Dream Catcher"},{"floor":26.0,"key":"Strawberry"},{"floor":27.0,"key":"Ancient Tea Set"}],"event_choices":[{"damage_healed":0.0,"max_hp_gain":0.0,"max_hp_loss":0.0,"gold_gain":0.0,"event_name":"Golden Idol","player_choice":"Take Damage","floor":3.0,"gold_loss":0.0,"damage_taken":18.0,"relics_obtained":["Golden Idol"]},{"damage_healed":0.0,"max_hp_gain":0.0,"max_hp_loss":0.0,"gold_gain":175.0,"event_name":"Liars Game","player_choice":"AGREE","floor":4.0,"gold_loss":0.0,"damage_taken":0.0,"cards_obtained":["Doubt"]},{"cards_removed":["Doubt"],"damage_healed":0.0,"max_hp_gain":0.0,"max_hp_loss":0.0,"gold_gain":0.0,"event_name":"The Cleric","player_choice":"Card Removal","floor":5.0,"gold_loss":50.0,"damage_taken":0.0},{"damage_healed":0.0,"max_hp_gain":0.0,"max_hp_loss":0.0,"gold_gain":0.0,"event_name":"The Mausoleum","player_choice":"Opened","floor":22.0,"gold_loss":0.0,"damage_taken":0.0,"relics_obtained":["Tiny Chest"],"cards_obtained":["Writhe"]},{"damage_healed":0.0,"max_hp_gain":0.0,"max_hp_loss":0.0,"gold_gain":99.0,"event_name":"Nest","player_choice":"Stole From Cult","floor":24.0,"gold_loss":0.0,"damage_taken":0.0}],"is_beta":false,"boss_relics":[{"not_picked":["Runic Dome","FrozenCore"],"picked":"Nuclear Battery"}],"items_purged_floors":[],"is_endless":false,"potions_floor_spawned":[2,11,14,16,27,28],"killed_by":"Slavers","ascension_level":0}