{"gold_per_floor":[119,137,137,107,120,151,62,81,106,132,132,207,207,58,58,155,155,167,182,182,198,209,235,263,275],"floor_reached":25,"playtime":1163,"items_purged":[],"score":233,"play_id":"26e0c1b5-e592-41cf-a061-712fd2afaaa3","local_time":"20190420152657","is_ascension_mode":false,"campfire_choices":[{"floor":13.0,"key":"REST"},{"data":"Demon Form","floor":15.0,"key":"SMITH"}],"neow_cost":"TEN_PERCENT_HP_LOSS","seed_source_timestamp":364059618843789,"circlet_count":0,"master_deck":["Strike_R","Strike_R","Strike_R","Strike_R","Defend_R","Defend_R","Defend_R","Defend_R","Bash","Demon Form+1","Spot Weakness","Seeing Red","Intimidate+1","Sword Boomerang","Panacea+1","Evolve","Power Through","Juggernaut","Flex","Dual Wield","Sword Boomerang","Metallicize","Disarm+1"],"special_seed":0,"relics":["Burning Blood","Pen Nib","War Paint","Happy Flower","Blood Vial","Bronze Scales","Velvet Choker","MawBank"],"potions_floor_usage":[23,24,25],"damage_taken":[{"damage":11.0,"enemies":"Jaw Worm","floor":1.0,"turns":4.0},{"damage":6.0,"enemies":"Cultist","floor":2.0,"turns":4.0},{"damage":2.0,"enemies":"2 Louse","floor":5.0,"turns":3.0},{"damage":16.0,"enemies":"Lagavulin","floor":6.0,"turns":5.0},{"damage":8.0,"enemies":"Blue Slaver","floor":8.0,"turns":4.0},{"damage":31.0,"enemies":"Gremlin Nob","floor":10.0,"turns":5.0},{"damage":12.0,"enemies":"The Guardian","floor":16.0,"turns":8.0},{"damage":5.0,"enemies":"3 Byrds","floor":18.0,"turns":2.0},{"damage":12.0,"enemies":"Shell Parasite","floor":19.0,"turns":3.0},{"damage":15.0,"enemies":"Chosen and Byrds","floor":21.0,"turns":4.0},{"damage":19.0,"enemies":"3 Cultists","floor":22.0,"turns":5.0},{"damage":34,"enemies":"Gremlin Leader","floor":23,"turns":5},{"damage":7,"enemies":"Snecko","floor":24,"turns":5},{"damage":20,"enemies":"Book of Stabbing","floor":25,"turns":5}],"seed_played":"-6231150593945151785","potions_obtained":[{"floor":1.0,"key":"Regen Potion"},{"floor":2.0,"key":"LiquidBronze"},{"floor":4.0,"key":"FearPotion"},{"floor":4.0,"key":"SpeedPotion"},{"floor":16.0,"key":"SpeedPotion"},{"floor":19.0,"key":"Fire Potion"},{"floor":22.0,"key":"BloodPotion"},{"floor":24,"key":"Strength Potion"}],"is_trial":false,"path_per_floor":["M","M","?","?","M","E","$","M","T","E","T","?","R","$","R","B",null,"M","M","?","M","M","E","M","E"],"character_chosen":"IRONCLAD","items_purchased":["Panacea","Bronze Scales"],"campfire_rested":1,"item_purchase_floors":[7,14],"current_hp_per_floor":[67,72,65,65,69,59,59,57,57,32,32,21,42,42,42,38,72,72,66,53,46,35,9,17,0],"gold":275,"neow_bonus":"THREE_RARE_CARDS","is_prod":false,"is_daily":false,"chose_seed":false,"campfire_upgraded":1,"win_rate":0,"timestamp":1555788417,"path_taken":["M","M","?","?","?","E","$","M","T","E","?","?","R","$","R","BOSS","M","M","?","M","M","E","M","E"],"build_version":"2019-01-23","purchased_purges":0,"victory":false,"max_hp_per_floor":[72,72,72,72,72,72,72,72,72,72,72,72,72,72,72,72,72,72,72,77,77,77,77,77,77],"card_choices":[{"not_picked":["Dark Embrace","Immolate"],"picked":"Demon Form","floor":0.0},{"not_picked":["Havoc","Metallicize"],"picked":"Spot Weakness","floor":1.0},{"not_picked":["Wild Strike","Pommel Strike"],"picked":"Seeing Red","floor":2.0},{"not_picked":["Wild Strike","Infernal Blade"],"picked":"Intimidate","floor":5.0},{"not_picked":["Carnage","Anger"],"picked":"Sword Boomerang","floor":6.0},{"not_picked":["Rupture","Twin Strike"],"picked":"Evolve","floor":8.0},{"not_picked":["Perfected Strike","Clash"],"picked":"Power Through","floor":10.0},{"not_picked":["Double Tap","Fiend Fire"],"picked":"Juggernaut","floor":16.0},{"not_picked":["Sword Boomerang","Thunderclap"],"picked":"Flex","floor":18.0},{"not_picked":["Carnage","Sword Boomerang"],"picked":"Dual Wield","floor":19.0},{"not_picked":["Whirlwind","Rage","Iron Wave"],"picked":"SKIP","floor":21.0},{"not_picked":["Reckless Charge","Battle Trance"],"picked":"Sword Boomerang","floor":22.0},{"not_picked":["Pommel Strike","Wild Strike"],"picked":"Metallicize","floor":23},{"not_picked":["True Grit","Armaments"],"picked":"Disarm+1","floor":24}],"player_experience":326965,"relics_obtained":[{"floor":6.0,"key":"Pen Nib"},{"floor":9.0,"key":"War Paint"},{"floor":10.0,"key":"Happy Flower"},{"floor":11.0,"key":"Blood Vial"},{"floor":23,"key":"MawBank"}],"event_choices":[{"cards_removed":["Strike_R"],"damage_healed":0.0,"max_hp_gain":0.0,"max_hp_loss":0.0,"gold_gain":0.0,"event_name":"Golden Wing","player_choice":"Card Removal","floor":3.0,"gold_loss":0.0,"damage_taken":7.0},{"damage_healed":0.0,"max_hp_gain":0.0,"max_hp_loss":0.0,"gold_gain":0.0,"event_name":"The Woman in Blue","player_choice":"Bought 2 Potions","floor":4.0,"gold_loss":0.0,"damage_taken":0.0},{"damage_healed":0.0,"max_hp_gain":0.0,"max_hp_loss":0.0,"gold_gain":75.0,"event_name":"World of Goop","player_choice":"Gather Gold","floor":12.0,"gold_loss":0.0,"damage_taken":11.0},{"damage_healed":0.0,"max_hp_gain":5.0,"max_hp_loss":0.0,"gold_gain":0.0,"event_name":"Forgotten Altar","player_choice":"Shed Blood","floor":20.0,"gold_loss":0.0,"damage_taken":18.0}],"is_beta":false,"boss_relics":[{"not_picked":["Tiny House","Sozu"],"picked":"Velvet Choker"}],"items_purged_floors":[],"is_endless":false,"potions_floor_spawned":[1,2,8,16,19,21,22,24],"killed_by":"Book of Stabbing","ascension_level":0}