{"gold_per_floor":[218,108,125,141,156,156,173,73,121,141,167,167,180,206,206,206],"floor_reached":16,"playtime":959,"items_purged":["Strike_G","Strike_G"],"score":182,"play_id":"246fd098-ea64-4e81-b35a-46974fe3e2fb","local_time":"20190424221702","is_ascension_mode":true,"campfire_choices":[{"data":"Noxious Fumes","floor":6.0,"key":"SMITH"},{"floor":12,"key":"REST"},{"data":"Prepared","floor":15,"key":"SMITH"}],"neow_cost":"NONE","seed_source_timestamp":1127880886038285,"circlet_count":0,"master_deck":["AscendersBane","Defend_G","Defend_G","Defend_G","Defend_G","Defend_G","Strike_G","Strike_G","Strike_G","Survivor","Neutralize","Terror","Noxious Fumes+1","Bane","PiercingWail","Tactician","Deadly Poison","Backflip","Backstab","Prepared+1"],"special_seed":0,"relics":["Ring of the Snake","Happy Flower","Pantograph","Anchor"],"potions_floor_usage":[7,16],"damage_taken":[{"damage":4.0,"enemies":"Small Slimes","floor":1.0,"turns":5.0},{"damage":0.0,"enemies":"Cultist","floor":3.0,"turns":4.0},{"damage":0.0,"enemies":"2 Louse","floor":4.0,"turns":4.0},{"damage":1.0,"enemies":"Exordium Thugs","floor":5.0,"turns":4.0},{"damage":4,"enemies":"Lots of Slimes","floor":7,"turns":4},{"damage":0,"enemies":"Exordium Wildlife","floor":10,"turns":4},{"damage":26,"enemies":"Gremlin Nob","floor":11,"turns":4},{"damage":0,"enemies":"3 Louse","floor":13,"turns":3},{"damage":15,"enemies":"3 Sentries","floor":14,"turns":7},{"damage":60,"enemies":"Slime Boss","floor":16,"turns":10}],"seed_played":"2877964155034892382","potions_obtained":[{"floor":4.0,"key":"SpeedPotion"},{"floor":5.0,"key":"Fire Potion"},{"floor":10,"key":"SmokeBomb"},{"floor":14,"key":"Explosive Potion"}],"is_trial":false,"path_per_floor":["M","$","M","M","M","R","M","$","T","M","E","R","M","E","R","B"],"character_chosen":"THE_SILENT","items_purchased":["Noxious Fumes"],"campfire_rested":1,"item_purchase_floors":[2],"current_hp_per_floor":[59,59,59,59,58,58,54,54,54,54,28,49,49,34,34,0],"gold":206,"neow_bonus":"HUNDRED_GOLD","is_prod":false,"is_daily":false,"chose_seed":false,"campfire_upgraded":2,"win_rate":0,"timestamp":1556111822,"path_taken":["M","$","M","M","M","R","M","$","T","M","E","R","M","E","R","BOSS"],"build_version":"2019-01-23","purchased_purges":2,"victory":false,"max_hp_per_floor":[70,70,70,70,70,70,70,70,70,70,70,70,70,70,70,70],"card_choices":[{"not_picked":["Backflip","Slice"],"picked":"Terror","floor":1.0},{"not_picked":["Choke","Heel Hook"],"picked":"Bane","floor":3.0},{"not_picked":["Deflect","Concentrate"],"picked":"PiercingWail","floor":4.0},{"not_picked":["Dodge and Roll","Poisoned Stab","Underhanded Strike"],"picked":"SKIP","floor":5.0},{"not_picked":["Well Laid Plans","Infinite Blades"],"picked":"Tactician","floor":7},{"not_picked":["Outmaneuver","Prepared"],"picked":"Deadly Poison","floor":10},{"not_picked":["Backstab","Tactician"],"picked":"Backflip","floor":11},{"not_picked":["Underhanded Strike","Flechettes"],"picked":"Backstab","floor":13},{"not_picked":["Bouncing Flask","Phantasmal Killer"],"picked":"Prepared","floor":14}],"player_experience":690105,"relics_obtained":[{"floor":9,"key":"Happy Flower"},{"floor":11,"key":"Pantograph"},{"floor":14,"key":"Anchor"}],"event_choices":[],"is_beta":false,"boss_relics":[],"items_purged_floors":[2,8],"is_endless":false,"potions_floor_spawned":[4,5,10,11,14],"killed_by":"Slime Boss","ascension_level":12}