{"gold_per_floor":[109,34,34,34,48,48,62,62,62,77,77,100,118,139,139,139],"floor_reached":16,"playtime":3080,"items_purged":["Defend_B"],"score":94,"play_id":"108b9d7f-0ab9-498a-8587-0d9542ea59bb","local_time":"20190216191514","is_ascension_mode":false,"campfire_choices":[{"data":"Dualcast","floor":6,"key":"SMITH"},{"data":"Zap","floor":8,"key":"SMITH"},{"data":"Conserve Battery","floor":11,"key":"SMITH"},{"floor":15,"key":"REST"}],"neow_cost":"NONE","seed_source_timestamp":115528157579473,"circlet_count":0,"master_deck":["Strike_B","Strike_B","Strike_B","Strike_B","Defend_B","Defend_B","Defend_B","Zap+1","Dualcast+1","Beam Cell","Reprogram","Compile Driver","Conserve Battery+1","Go for the Eyes","Darkness","Force Field"],"relics":["Cracked Core","Golden Idol","Dodecahedron"],"potions_floor_usage":[],"damage_taken":[{"damage":3,"enemies":"Small Slimes","floor":1,"turns":3},{"damage":5,"enemies":"2 Louse","floor":5,"turns":2},{"damage":11,"enemies":"Jaw Worm","floor":7,"turns":4},{"damage":14,"enemies":"Blue Slaver","floor":10,"turns":3},{"damage":0,"enemies":"Looter","floor":12,"turns":2},{"damage":13,"enemies":"Gremlin Gang","floor":13,"turns":5},{"damage":14,"enemies":"Lots of Slimes","floor":14,"turns":4},{"damage":35,"enemies":"Slime Boss","floor":16,"turns":3}],"seed_played":"4685193327695281336","potions_obtained":[{"floor":10,"key":"Ancient Potion"},{"floor":12,"key":"SteroidPotion"}],"is_trial":false,"path_per_floor":["?","?"],"character_chosen":"DEFECT","items_purchased":[],"campfire_rested":1,"item_purchase_floors":[],"current_hp_per_floor":[79,79,79,59,54,54,43,43,43,29,29,29,16,2,26,0],"gold":139,"neow_bonus":"TEN_PERCENT_HP_BONUS","is_prod":false,"is_daily":false,"chose_seed":false,"campfire_upgraded":3,"win_rate":0.0,"timestamp":1550344514,"path_taken":["M","$","?","?","M","R","M","R","T","M","R","M","M","M","R","BOSS"],"build_version":"2019-01-23","purchased_purges":1,"victory":false,"max_hp_per_floor":[82,82,82,82,82,82,82,82,82,82,82,82,82,82,82,82],"card_choices":[{"not_picked":["Sweeping Beam","Hologram"],"picked":"Beam Cell","floor":1},{"not_picked":["Reboot","Barrage"],"picked":"Reprogram","floor":5},{"not_picked":["Steam","White Noise"],"picked":"Compile Driver","floor":7},{"not_picked":["Reinforced Body","Compile Driver"],"picked":"Conserve Battery","floor":10},{"not_picked":["Steam Power","Hello World"],"picked":"Go for the Eyes","floor":12},{"not_picked":["Lockon","Melter"],"picked":"Darkness","floor":13},{"not_picked":["Redo","Conserve Battery"],"picked":"Force Field","floor":14}],"player_experience":7094,"relics_obtained":[{"floor":9,"key":"Dodecahedron"}],"event_choices":[{"damage_healed":0,"gold_gain":0,"player_choice":"Leave","damage_taken":0,"max_hp_gain":0,"max_hp_loss":0,"event_name":"The Cleric","floor":3,"gold_loss":0},{"damage_healed":0,"gold_gain":0,"player_choice":"Take Damage","damage_taken":20,"relics_obtained":["Golden Idol"],"max_hp_gain":0,"max_hp_loss":0,"event_name":"Golden Idol","floor":4,"gold_loss":0}],"is_beta":false,"boss_relics":[],"items_purged_floors":[2],"is_endless":false,"potions_floor_spawned":[10,12],"killed_by":"Slime Boss","ascension_level":0}