{"gold_per_floor":[111,111,186,186,186,186,196,227,275,94,94,94,94,119,119,215,215,235,100,82,97,97,127,127,127,127,127,127,143,175,50,50,151,151,169,182,198,198,208,208],"floor_reached":40,"playtime":2273,"items_purged":["Strike_R","Strike_R","Decay"],"score":505,"play_id":"466d13f1-3fe2-4564-b4d6-94c12d8459bd","local_time":"20190127004206","is_ascension_mode":false,"campfire_choices":[{"data":"Metallicize","floor":6.0,"key":"SMITH"},{"data":"Demon Form","floor":11.0,"key":"SMITH"},{"data":"Pommel Strike","floor":15.0,"key":"SMITH"},{"floor":25.0,"key":"REST"},{"data":"True Grit","floor":27.0,"key":"SMITH"},{"data":"Armaments","floor":32,"key":"SMITH"}],"neow_cost":"","seed_source_timestamp":38718294094127,"circlet_count":0,"master_deck":["Strike_R","Strike_R","Defend_R+1","Defend_R+1","Defend_R","Defend_R","Bash","Metallicize+1","Pummel","Armaments+1","Demon Form+1","Shrug It Off","Clothesline","Pommel Strike+1","Double Tap","Ghostly Armor","Dropkick+1","Iron Wave","Headbutt+1","True Grit+1","Ghostly","Ghostly","Ghostly","Ghostly","Ghostly","Shockwave","Iron Wave+1","Demon Form","Disarm+1","Disarm","Flash of Steel","True Grit+1"],"special_seed":0,"relics":["Burning Blood","Dream Catcher","Bag of Marbles","War Paint","Kunai","Sozu","Incense Burner","Dodecahedron","Bottled Lightning","Eternal Feather"],"potions_floor_usage":[],"damage_taken":[{"damage":7.0,"enemies":"2 Louse","floor":1.0,"turns":3.0},{"damage":1.0,"enemies":"Jaw Worm","floor":7.0,"turns":5.0},{"damage":25.0,"enemies":"3 Sentries","floor":8.0,"turns":16.0},{"damage":16.0,"enemies":"Lagavulin","floor":14.0,"turns":8.0},{"damage":27.0,"enemies":"The Guardian","floor":16.0,"turns":9.0},{"damage":6.0,"enemies":"Spheric Guardian","floor":18.0,"turns":4.0},{"damage":20.0,"enemies":"2 Thieves","floor":20.0,"turns":4.0},{"damage":11.0,"enemies":"Shelled Parasite and Fungi","floor":21.0,"turns":5.0},{"damage":42.0,"enemies":"Slavers","floor":23.0,"turns":6.0},{"damage":12.0,"enemies":"Colosseum Slavers","floor":24.0,"turns":5.0},{"damage":2,"enemies":"Cultist and Chosen","floor":29,"turns":8},{"damage":2,"enemies":"Gremlin Leader","floor":30,"turns":7},{"damage":0,"enemies":"Champ","floor":33,"turns":10},{"damage":0,"enemies":"Orb Walker","floor":35,"turns":6},{"damage":0,"enemies":"3 Darklings","floor":36,"turns":8},{"damage":0,"enemies":"Sphere and 2 Shapes","floor":37,"turns":6},{"damage":0,"enemies":"Writhing Mass","floor":39,"turns":6},{"damage":43,"enemies":"Reptomancer","floor":40,"turns":2}],"seed_played":"6033750397091134998","potions_obtained":[{"floor":1.0,"key":"Dexterity Potion"},{"floor":7.0,"key":"Strength Potion"}],"is_trial":false,"path_per_floor":["?","?","?","?","?","?","?","?","?"],"character_chosen":"IRONCLAD","items_purchased":["Shrug It Off","Clothesline","Ghostly Armor"],"campfire_rested":1,"item_purchase_floors":[10,10,19],"current_hp_per_floor":[79,72,61,61,61,61,66,47,47,47,47,47,73,63,63,42,80,80,80,66,61,61,25,19,43,43,43,40,40,40,40,40,40,40,40,40,40,40,40,0],"gold":208,"neow_bonus":"","is_prod":false,"is_daily":false,"chose_seed":false,"campfire_upgraded":5,"win_rate":0.0,"timestamp":1548578526,"path_taken":["M","?","?","?","?","R","M","E","T","$","R","$","?","E","R","BOSS","M","$","M","M","?","E","?","R","T","R","?","M","E","$","R","BOSS","M","M","M","?","M","E"],"build_version":"2019-01-23","purchased_purges":3,"victory":false,"max_hp_per_floor":[80,80,80,80,80,80,80,80,80,80,80,80,80,80,80,80,80,80,80,80,80,80,80,80,80,80,80,40,40,40,40,40,40,40,40,40,40,40,40,40],"card_choices":[{"not_picked":["Blood for Blood","Ghostly Armor"],"picked":"Metallicize","floor":1.0},{"not_picked":["Warcry","Headbutt"],"picked":"Armaments","floor":7.0},{"not_picked":["Shockwave","Hemokinesis"],"picked":"Demon Form","floor":8.0},{"not_picked":["Dual Wield","Battle Trance"],"picked":"Pommel Strike","floor":14.0},{"not_picked":["Berserk","Dark Embrace"],"picked":"Double Tap","floor":16.0},{"not_picked":["Perfected Strike","Twin Strike+1","Pommel Strike"],"picked":"SKIP","floor":18.0},{"not_picked":["Pommel Strike+1","Combust"],"picked":"Dropkick+1","floor":20.0},{"not_picked":["Pummel","Cleave"],"picked":"Iron Wave","floor":21.0},{"not_picked":["Second Wind","Pommel Strike"],"picked":"Headbutt+1","floor":23.0},{"not_picked":["Pommel Strike+1","Sword Boomerang"],"picked":"True Grit","floor":25.0},{"not_picked":["Clothesline","Twin Strike"],"picked":"Shockwave","floor":29},{"not_picked":["Reaper","Body Slam"],"picked":"Iron Wave+1","floor":30},{"not_picked":["Fiend Fire","Berserk"],"picked":"Demon Form","floor":33},{"not_picked":["Seeing Red","Clothesline+1"],"picked":"Disarm+1","floor":35},{"not_picked":["Sever Soul+1","Cleave"],"picked":"Disarm","floor":36},{"not_picked":["Power Through","Reckless Charge","Thunderclap"],"picked":"SKIP","floor":37},{"not_picked":["Blind","Violence"],"picked":"Flash of Steel","floor":38},{"not_picked":["Entrench","Cleave"],"picked":"True Grit+1","floor":39}],"player_experience":0,"relics_obtained":[{"floor":8.0,"key":"Bag of Marbles"},{"floor":9.0,"key":"War Paint"},{"floor":14.0,"key":"Kunai"},{"floor":23.0,"key":"Incense Burner"},{"floor":26.0,"key":"Dodecahedron"},{"floor":30,"key":"Bottled Lightning"}],"event_choices":[{"damage_healed":0.0,"max_hp_gain":0.0,"max_hp_loss":0.0,"gold_gain":0.0,"event_name":"Scrap Ooze","player_choice":"Success","floor":2.0,"gold_loss":0.0,"damage_taken":7.0,"relics_obtained":["Dream Catcher"]},{"damage_healed":0.0,"max_hp_gain":0.0,"max_hp_loss":0.0,"gold_gain":75.0,"event_name":"World of Goop","player_choice":"Gather Gold","floor":3.0,"gold_loss":0.0,"damage_taken":11.0},{"damage_healed":0.0,"max_hp_gain":0.0,"max_hp_loss":0.0,"gold_gain":0.0,"cards_transformed":["Strike_R"],"event_name":"Living Wall","player_choice":"Change","floor":4.0,"gold_loss":0.0,"damage_taken":0.0,"cards_obtained":["Pummel"]},{"damage_healed":0.0,"max_hp_gain":0.0,"max_hp_loss":0.0,"gold_gain":0.0,"event_name":"Liars Game","player_choice":"Ignored","floor":5.0,"gold_loss":0.0,"damage_taken":0.0},{"damage_healed":26.0,"max_hp_gain":0.0,"max_hp_loss":0.0,"gold_gain":0.0,"event_name":"Big Fish","player_choice":"Banana","floor":13.0,"gold_loss":0.0,"damage_taken":0.0},{"damage_healed":0.0,"max_hp_gain":0.0,"max_hp_loss":0.0,"gold_gain":0.0,"event_name":"Forgotten Altar","player_choice":"Smashed Altar","floor":22.0,"gold_loss":0.0,"damage_taken":0.0,"cards_obtained":["Decay"]},{"damage_healed":0.0,"max_hp_gain":0.0,"max_hp_loss":0.0,"gold_gain":0.0,"event_name":"Colosseum","player_choice":"Fight","floor":24.0,"gold_loss":0.0,"damage_taken":0.0},{"damage_healed":0.0,"max_hp_gain":0.0,"max_hp_loss":0.0,"gold_gain":0.0,"event_name":"Colosseum","player_choice":"Fled From Nobs","floor":24.0,"gold_loss":0.0,"damage_taken":0.0},{"damage_healed":0,"gold_gain":0,"player_choice":"Became a Ghost","damage_taken":0,"max_hp_gain":0,"max_hp_loss":40,"event_name":"Ghosts","floor":28,"gold_loss":0,"cards_obtained":["Ghostly","Ghostly","Ghostly","Ghostly","Ghostly"]},{"damage_healed":0,"gold_gain":0,"player_choice":"Memory 1","damage_taken":0,"max_hp_gain":0,"max_hp_loss":0,"event_name":"SensoryStone","floor":38,"gold_loss":0}],"is_beta":false,"boss_relics":[{"not_picked":["Astrolabe","Philosopher\u0027s Stone"],"picked":"Sozu"},{"not_picked":["Busted Crown","Empty Cage"],"picked":"Eternal Feather"}],"items_purged_floors":[10,19,31],"is_endless":false,"potions_floor_spawned":[1,7,20,21,30,33,37,39],"killed_by":"Reptomancer","ascension_level":0}