{"gold_per_floor":[109,109,109,23,37,70,70,104,104,129,129,142,142,142,142,237,237,237,237,237,152,152,152,152,152,152,152,152,152,152,152],"floor_reached":31,"playtime":1041,"items_purged":[],"score":608,"play_id":"ec8b5a65-0237-46df-9a4b-35d75ea50cf7","local_time":"20190420163921","is_ascension_mode":true,"campfire_choices":[{"data":"Zap","floor":7.0,"key":"SMITH"},{"data":"Capacitor","floor":11.0,"key":"SMITH"},{"data":"Sunder","floor":15.0,"key":"SMITH"},{"data":"1","floor":24.0,"key":"LIFT"}],"neow_cost":"NONE","seed_source_timestamp":29231684379928,"circlet_count":0,"master_deck":["AscendersBane","Strike_B+1","Strike_B+1","Defend_B","Defend_B","Defend_B","Zap+1","Dualcast","Chill","Cold Snap","Capacitor+1","Coolheaded","Hologram","Echo Form","Go for the Eyes","Sunder+1","Biased Cognition+1","Leap+1","Undo","Go for the Eyes","Rip and Tear","Rainbow"],"special_seed":0,"relics":["Cracked Core","NeowsBlessing","Golden Idol","Whetstone","Anchor","Letter Opener","Juzu Bracelet","Ectoplasm","Girya","Singing Bowl","Omamori","Pantograph","Red Mask"],"potions_floor_usage":[],"damage_taken":[{"damage":0.0,"enemies":"Jaw Worm","floor":1.0,"turns":1.0},{"damage":0.0,"enemies":"2 Louse","floor":5.0,"turns":1.0},{"damage":0.0,"enemies":"Gremlin Nob","floor":6.0,"turns":1.0},{"damage":15.0,"enemies":"3 Sentries","floor":8.0,"turns":12.0},{"damage":0.0,"enemies":"Cultist","floor":10.0,"turns":4.0},{"damage":0.0,"enemies":"Large Slime","floor":12.0,"turns":5.0},{"damage":16.0,"enemies":"Slime Boss","floor":16.0,"turns":8.0},{"damage":0.0,"enemies":"Spheric Guardian","floor":18.0,"turns":4.0},{"damage":0.0,"enemies":"Chosen","floor":20.0,"turns":3.0},{"damage":5.0,"enemies":"Slavers","floor":23.0,"turns":4.0},{"damage":0.0,"enemies":"3 Cultists","floor":25.0,"turns":5.0},{"damage":22.0,"enemies":"Gremlin Leader","floor":27.0,"turns":6.0},{"damage":22,"enemies":"Masked Bandits","floor":29,"turns":4},{"damage":2,"enemies":"Colosseum Slavers","floor":30,"turns":5},{"damage":8,"enemies":"Slavers","floor":31,"turns":3}],"seed_played":"-8005036059191911640","potions_obtained":[{"floor":1.0,"key":"FocusPotion"},{"floor":6.0,"key":"FearPotion"},{"floor":10.0,"key":"PowerPotion"},{"floor":25.0,"key":"Fire Potion"}],"is_trial":false,"path_per_floor":["M","?","?","$","M","E","R","E","T","M","R","M","?","?","R","B",null,"M","?","M","?","?","E","R","M","T","E","?","?","?","E"],"character_chosen":"DEFECT","items_purchased":["Capacitor"],"campfire_rested":0,"item_purchase_floors":[4],"current_hp_per_floor":[64,64,64,64,64,64,64,49,49,49,49,49,31,27,27,11,51,51,51,51,51,51,48,48,50,50,30,30,8,6,0],"gold":152,"neow_bonus":"THREE_ENEMY_KILL","is_prod":false,"is_daily":false,"chose_seed":false,"campfire_upgraded":3,"win_rate":0,"timestamp":1555771161,"path_taken":["M","?","?","$","?","E","R","E","T","M","R","M","?","?","R","BOSS","M","?","M","?","?","E","R","M","T","E","?","?","?","E"],"build_version":"2019-04-04","purchased_purges":0,"victory":false,"max_hp_per_floor":[71,64,64,64,64,64,64,64,64,64,64,64,64,64,64,64,64,64,64,64,64,64,66,66,68,68,70,70,70,70,70],"card_choices":[{"not_picked":["Streamline","Turbo"],"picked":"Chill","floor":1.0},{"not_picked":["Melter","Aggregate"],"picked":"Coolheaded","floor":5.0},{"not_picked":["Sweeping Beam","Stack"],"picked":"Hologram","floor":6.0},{"not_picked":["Beam Cell","Undo"],"picked":"Echo Form","floor":8.0},{"not_picked":["Ball Lightning","Lockon"],"picked":"Go for the Eyes","floor":10.0},{"not_picked":["Stack","Ball Lightning"],"picked":"Sunder","floor":12.0},{"not_picked":["Meteor Strike","Machine Learning"],"picked":"Biased Cognition","floor":16.0},{"not_picked":["Coolheaded","Conserve Battery"],"picked":"Leap+1","floor":18.0},{"not_picked":["Heatsinks","Lockon"],"picked":"Undo","floor":20.0},{"not_picked":["Recycle","Beam Cell","Leap"],"picked":"Singing Bowl","floor":23.0},{"not_picked":["Ball Lightning","Rebound","Capacitor"],"picked":"Singing Bowl","floor":25.0},{"not_picked":["Fusion","Static Discharge","Loop"],"picked":"Singing Bowl","floor":27.0},{"not_picked":["Leap","Barrage"],"picked":"Rainbow","floor":29}],"player_experience":1173891,"relics_obtained":[{"floor":6.0,"key":"Whetstone"},{"floor":8.0,"key":"Anchor"},{"floor":9.0,"key":"Letter Opener"},{"floor":23.0,"key":"Singing Bowl"},{"floor":26.0,"key":"Omamori"},{"floor":27.0,"key":"Pantograph"},{"floor":29,"key":"Red Mask"}],"event_choices":[{"damage_healed":0.0,"max_hp_gain":0.0,"max_hp_loss":7.0,"gold_gain":0.0,"event_name":"Golden Idol","player_choice":"Lose Max HP","floor":2.0,"gold_loss":0.0,"damage_taken":0.0,"relics_obtained":["Golden Idol"]},{"damage_healed":0.0,"max_hp_gain":0.0,"max_hp_loss":0.0,"gold_gain":0.0,"cards_transformed":["Strike_B"],"event_name":"Transmorgrifier","player_choice":"Transformed","floor":3.0,"gold_loss":0.0,"damage_taken":0.0,"cards_obtained":["Cold Snap"]},{"damage_healed":0.0,"max_hp_gain":0.0,"max_hp_loss":0.0,"gold_gain":0.0,"event_name":"Scrap Ooze","player_choice":"Success","floor":13.0,"gold_loss":0.0,"damage_taken":18.0,"relics_obtained":["Juzu Bracelet"]},{"damage_healed":0.0,"max_hp_gain":0.0,"max_hp_loss":0.0,"gold_gain":0.0,"event_name":"The Woman in Blue","player_choice":"Bought 0 Potions","floor":14.0,"gold_loss":0.0,"damage_taken":0.0},{"damage_healed":0.0,"max_hp_gain":0.0,"max_hp_loss":0.0,"gold_gain":0.0,"event_name":"Upgrade Shrine","player_choice":"Upgraded","floor":19.0,"gold_loss":0.0,"damage_taken":0.0,"cards_upgraded":["Biased Cognition"]},{"damage_healed":0.0,"max_hp_gain":0.0,"max_hp_loss":0.0,"gold_gain":0.0,"event_name":"Addict","player_choice":"Obtained Relic","floor":21.0,"gold_loss":85.0,"damage_taken":0.0,"relics_obtained":["Girya"]},{"damage_healed":0.0,"max_hp_gain":0.0,"max_hp_loss":0.0,"gold_gain":0.0,"event_name":"Ghosts","player_choice":"Ignored","floor":22.0,"gold_loss":0.0,"damage_taken":0.0},{"damage_healed":0,"gold_gain":0,"cards_transformed":["Strike_B","Defend_B"],"player_choice":"Became Test Subject","damage_taken":0,"max_hp_gain":0,"max_hp_loss":0,"event_name":"Drug Dealer","floor":28,"gold_loss":0,"cards_obtained":["Go for the Eyes","Rip and Tear"]},{"damage_healed":0,"gold_gain":0,"player_choice":"Fought Bandits","damage_taken":0,"max_hp_gain":0,"max_hp_loss":0,"event_name":"Masked Bandits","floor":29,"gold_loss":0},{"damage_healed":0,"gold_gain":0,"player_choice":"Fight","damage_taken":0,"max_hp_gain":0,"max_hp_loss":0,"event_name":"Colosseum","floor":30,"gold_loss":0},{"damage_healed":0,"gold_gain":0,"player_choice":"Fled From Nobs","damage_taken":0,"max_hp_gain":0,"max_hp_loss":0,"event_name":"Colosseum","floor":30,"gold_loss":0}],"is_beta":true,"boss_relics":[{"not_picked":["Tiny House","Nuclear Battery"],"picked":"Ectoplasm"}],"items_purged_floors":[],"is_endless":false,"potions_floor_spawned":[1,6,10,12,25,30],"killed_by":"Slavers","ascension_level":20}