{"gold_per_floor":[116,66,86,86,102,102,131,131,131,156,256,273,285,285,285,285],"floor_reached":16,"playtime":501,"items_purged":[],"score":171,"play_id":"a09cba45-9b64-414c-ab8e-c92301e5abc0","local_time":"20190413150531","is_ascension_mode":true,"campfire_choices":[{"data":"Redo","floor":6,"key":"SMITH"},{"data":"Loop","floor":8,"key":"SMITH"},{"floor":15,"key":"REST"}],"neow_cost":"NONE","seed_source_timestamp":178386707860400,"circlet_count":0,"master_deck":["AscendersBane","Strike_B","Strike_B","Strike_B","Defend_B","Defend_B","Defend_B","Defend_B","Zap+1","Dualcast","Loop+1","Redo+1","Chill","Amplify","Undo","Injury"],"relics":["Cracked Core","Peace Pipe","Darkstone Periapt","Orichalcum","Golden Idol"],"potions_floor_usage":[13,16],"damage_taken":[{"damage":17,"enemies":"Small Slimes","floor":1,"turns":4},{"damage":2,"enemies":"2 Louse","floor":3,"turns":3},{"damage":0,"enemies":"Cultist","floor":5,"turns":3},{"damage":18,"enemies":"Lagavulin","floor":7,"turns":7},{"damage":22,"enemies":"3 Sentries","floor":10,"turns":10},{"damage":8,"enemies":"Looter","floor":12,"turns":4},{"damage":3,"enemies":"2 Fungi Beasts","floor":13,"turns":3},{"damage":49,"enemies":"Slime Boss","floor":16,"turns":6}],"seed_played":"6491605537036192998","potions_obtained":[{"floor":5,"key":"FocusPotion"},{"floor":7,"key":"PowerPotion"},{"floor":12,"key":"Fire Potion"},{"floor":13,"key":"Strength Potion"}],"is_trial":false,"path_per_floor":["M","?","M","?","M","R","E","R","T","E","?","M","M","?","R","B"],"character_chosen":"DEFECT","items_purchased":[],"campfire_rested":1,"item_purchase_floors":[],"current_hp_per_floor":[58,58,56,56,56,56,38,38,38,16,16,8,5,11,37,0],"gold":285,"neow_bonus":"TEN_PERCENT_HP_BONUS","is_prod":false,"is_daily":false,"chose_seed":false,"campfire_upgraded":2,"win_rate":0,"timestamp":1555182331,"path_taken":["M","?","M","?","M","R","E","R","T","E","?","M","?","?","R","BOSS"],"build_version":"2019-01-23","purchased_purges":0,"victory":false,"max_hp_per_floor":[82,82,82,82,82,82,82,82,82,82,82,82,82,88,88,88],"card_choices":[{"not_picked":["Rebound","Steam"],"picked":"Loop","floor":1},{"not_picked":["Reinforced Body","Scrape"],"picked":"Redo","floor":3},{"not_picked":["Scrape","Beam Cell"],"picked":"Chill","floor":5},{"not_picked":["Turbo","Cold Snap"],"picked":"Amplify","floor":7},{"not_picked":["Aggregate","Hologram","Scrape"],"picked":"SKIP","floor":10},{"not_picked":["Tempest","Compile Driver","Aggregate"],"picked":"SKIP","floor":12},{"not_picked":["Redo","Gash"],"picked":"Undo","floor":13}],"player_experience":577025,"relics_obtained":[{"floor":7,"key":"Peace Pipe"},{"floor":9,"key":"Darkstone Periapt"},{"floor":10,"key":"Orichalcum"}],"event_choices":[{"cards_removed":["Strike_B"],"damage_healed":0,"gold_gain":0,"player_choice":"Card Removal","damage_taken":0,"max_hp_gain":0,"max_hp_loss":0,"event_name":"The Cleric","floor":2,"gold_loss":50},{"damage_healed":0,"gold_gain":0,"player_choice":"Grow","damage_taken":0,"max_hp_gain":0,"max_hp_loss":0,"event_name":"Living Wall","floor":4,"gold_loss":0,"cards_upgraded":["Zap"]},{"damage_healed":0,"gold_gain":100,"player_choice":"Pray","damage_taken":0,"max_hp_gain":0,"max_hp_loss":0,"event_name":"Golden Shrine","floor":11,"gold_loss":0},{"damage_healed":0,"gold_gain":0,"player_choice":"Take Wound","damage_taken":0,"relics_obtained":["Golden Idol"],"max_hp_gain":0,"max_hp_loss":0,"event_name":"Golden Idol","floor":14,"gold_loss":0,"cards_obtained":["Injury"]}],"is_beta":false,"boss_relics":[],"items_purged_floors":[],"is_endless":false,"potions_floor_spawned":[5,7,12,13],"killed_by":"Slime Boss","ascension_level":11}