{"gold_per_floor":[112,123,88,88,56,56,121,41,95,111,130,130,56,81,81,183,183,195,195,213,213,227,227,244,244],"floor_reached":25,"playtime":841,"items_purged":[],"score":302,"play_id":"52b04bf2-067e-4857-90df-35b73f19e2ab","local_time":"20190319193259","is_ascension_mode":true,"campfire_choices":[{"data":"Zap","floor":6.0,"key":"SMITH"},{"floor":12.0,"key":"REST"},{"floor":15.0,"key":"REST"},{"floor":23.0,"key":"REST"}],"neow_cost":"CURSE","seed_source_timestamp":90203097623300,"circlet_count":0,"master_deck":["AscendersBane","Defend_B","Defend_B","Defend_B","Zap+1","Dualcast+1","FTL","Melter+1","Beam Cell","Rebound","Cold Snap","Capacitor","Chaos","Leap","Gash","Barrage","Conserve Battery","Creative AI","Electrodynamics+1","White Noise+1","Multi-Cast+1","Glacier","Storm"],"special_seed":0,"relics":["Cracked Core","Dodecahedron","Bag of Marbles","Potion Belt","Astrolabe","Bronze Scales"],"potions_floor_usage":[25],"damage_taken":[{"damage":4.0,"enemies":"Cultist","floor":1.0,"turns":3.0},{"damage":7.0,"enemies":"2 Louse","floor":2.0,"turns":2.0},{"damage":35.0,"enemies":"Lagavulin Event","floor":7.0,"turns":4.0},{"damage":0.0,"enemies":"Small Slimes","floor":10.0,"turns":2.0},{"damage":17.0,"enemies":"Blue Slaver","floor":11.0,"turns":3.0},{"damage":10.0,"enemies":"Gremlin Nob","floor":14.0,"turns":3.0},{"damage":21.0,"enemies":"Slime Boss","floor":16.0,"turns":12.0},{"damage":27.0,"enemies":"3 Byrds","floor":18.0,"turns":3.0},{"damage":6.0,"enemies":"Shell Parasite","floor":20.0,"turns":3.0},{"damage":13.0,"enemies":"Centurion and Healer","floor":22.0,"turns":5.0},{"damage":20.0,"enemies":"Snake Plant","floor":24.0,"turns":3.0},{"damage":22,"enemies":"Snecko","floor":25,"turns":3}],"seed_played":"5269101674974177766","potions_obtained":[{"floor":10.0,"key":"Ancient Potion"},{"floor":14.0,"key":"SpeedPotion"},{"floor":20.0,"key":"Weak Potion"}],"is_trial":false,"path_per_floor":["M","M","?","?","?","R","?","$","T","M","M","R","$","E","R","B",null,"M","?","M","?","M","R","M","M"],"character_chosen":"DEFECT","items_purchased":["Capacitor","Gash","Barrage"],"campfire_rested":3,"item_purchase_floors":[8,13,13],"current_hp_per_floor":[64,57,75,60,60,60,25,25,25,25,8,30,30,20,42,21,62,35,35,29,29,16,38,18,0],"gold":244,"neow_bonus":"TRANSFORM_TWO_CARDS","is_prod":false,"is_daily":false,"chose_seed":false,"campfire_upgraded":1,"win_rate":0,"timestamp":1553038379,"path_taken":["M","?","?","?","?","R","?","$","T","M","M","R","$","E","R","BOSS","M","?","M","?","M","R","?","M"],"build_version":"2019-01-23","purchased_purges":0,"victory":false,"max_hp_per_floor":[75,75,75,75,75,75,75,75,75,75,75,75,75,75,75,75,75,75,75,75,75,75,75,75,75],"card_choices":[{"not_picked":["BootSequence","Coolheaded"],"picked":"Beam Cell","floor":1.0},{"not_picked":["Conserve Battery","Coolheaded"],"picked":"Rebound","floor":2.0},{"not_picked":["Coolheaded","Loop"],"picked":"Cold Snap","floor":7.0},{"not_picked":["Sweeping Beam","Leap"],"picked":"Chaos","floor":10.0},{"not_picked":["Ball Lightning","Beam Cell"],"picked":"Leap","floor":11.0},{"not_picked":["Sweeping Beam","Stack"],"picked":"Conserve Battery","floor":14.0},{"not_picked":["Buffer","Meteor Strike"],"picked":"Creative AI","floor":16.0},{"not_picked":["Chaos","Fusion+1"],"picked":"Glacier","floor":18.0},{"not_picked":["Cold Snap+1","Static Discharge"],"picked":"Storm","floor":20.0},{"not_picked":["Reinforced Body","FTL","Leap"],"picked":"SKIP","floor":22.0},{"not_picked":["FTL","Steam Power","Compile Driver"],"picked":"SKIP","floor":24.0}],"player_experience":548190,"relics_obtained":[{"floor":9.0,"key":"Bag of Marbles"},{"floor":14.0,"key":"Potion Belt"}],"event_choices":[{"damage_healed":18.0,"max_hp_gain":0.0,"max_hp_loss":0.0,"gold_gain":0.0,"event_name":"The Cleric","player_choice":"Healed","floor":3.0,"gold_loss":35.0,"damage_taken":0.0},{"damage_healed":0.0,"max_hp_gain":0.0,"max_hp_loss":0.0,"gold_gain":0.0,"event_name":"Shining Light","player_choice":"Entered Light","floor":4.0,"gold_loss":0.0,"damage_taken":15.0,"cards_upgraded":["Dualcast","Melter"]},{"damage_healed":0.0,"max_hp_gain":0.0,"max_hp_loss":0.0,"gold_gain":0.0,"event_name":"World of Goop","player_choice":"Left Gold","floor":5.0,"gold_loss":32.0,"damage_taken":0.0},{"damage_healed":0.0,"max_hp_gain":0.0,"max_hp_loss":0.0,"gold_gain":0.0,"event_name":"Dead Adventurer","player_choice":"Searched \u00273\u0027 times","floor":7.0,"gold_loss":0.0,"damage_taken":0.0,"relics_obtained":["Dodecahedron"]},{"damage_healed":0.0,"max_hp_gain":0.0,"max_hp_loss":0.0,"gold_gain":0.0,"event_name":"The Mausoleum","player_choice":"Opened","floor":19.0,"gold_loss":0.0,"damage_taken":0.0,"relics_obtained":["Bronze Scales"]},{"cards_removed":["Pain"],"damage_healed":0.0,"max_hp_gain":0.0,"max_hp_loss":0.0,"gold_gain":0.0,"event_name":"Fountain of Cleansing","player_choice":"Removed Curses","floor":21.0,"gold_loss":0.0,"damage_taken":0.0}],"is_beta":false,"boss_relics":[{"not_picked":["Runic Dome","Runic Pyramid"],"picked":"Astrolabe"}],"items_purged_floors":[],"is_endless":false,"potions_floor_spawned":[10,14,20],"killed_by":"Snecko","ascension_level":10}