{"gold_per_floor":[111,125,140,140,140,185,197,239,277,289,301,325,351,388,400,509,521,546,558],"floor_reached":19,"playtime":937,"items_purged":[],"score":243,"play_id":"e746deec-da2c-47ae-9168-8bbfd3ec5c74","local_time":"20190207164242","is_ascension_mode":true,"campfire_choices":[{"floor":7,"key":"REST"},{"floor":10,"key":"REST"},{"floor":15,"key":"REST"}],"neow_cost":"NONE","seed_source_timestamp":24318729641000,"circlet_count":0,"master_deck":["Strike_B","Strike_B","Defend_B","Defend_B","Defend_B","Defend_B","Zap","Dualcast","Rebound","Conserve Battery","Streamline","Glacier","Sweeping Beam","Zap","Double Energy","Thunder Strike","Creative AI","Double Energy"],"relics":["Cracked Core","MawBank","Anchor","Kunai","PreservedInsect","Strawberry","Empty Cage"],"potions_floor_usage":[6,6,14,16,18],"damage_taken":[{"damage":0,"enemies":"Cultist","floor":1,"turns":3},{"damage":3,"enemies":"2 Louse","floor":2,"turns":2},{"damage":5,"enemies":"Small Slimes","floor":3,"turns":3},{"damage":37,"enemies":"Gremlin Nob","floor":6,"turns":4},{"damage":19,"enemies":"Lagavulin","floor":8,"turns":7},{"damage":2,"enemies":"3 Louse","floor":12,"turns":4},{"damage":0,"enemies":"Looter","floor":13,"turns":4},{"damage":10,"enemies":"3 Sentries","floor":14,"turns":4},{"damage":38,"enemies":"Slime Boss","floor":16,"turns":9},{"damage":26,"enemies":"Shell Parasite","floor":18,"turns":12},{"damage":55,"enemies":"Masked Bandits","floor":19,"turns":3}],"seed_played":"32131832162343486","potions_obtained":[{"floor":2,"key":"Poison Potion"},{"floor":3,"key":"LiquidBronze"},{"floor":12,"key":"PowerPotion"},{"floor":13,"key":"FearPotion"},{"floor":16,"key":"PowerPotion"}],"is_trial":false,"path_per_floor":["M","M","M","$","?","E","R","E","T","R","?","M","M","E","R","B",null,"M","?"],"character_chosen":"DEFECT","items_purchased":[],"campfire_rested":3,"item_purchase_floors":[],"current_hp_per_floor":[68,65,60,60,48,11,33,14,14,36,36,34,34,31,55,17,66,40,0],"gold":558,"neow_bonus":"THREE_CARDS","is_prod":false,"is_daily":false,"chose_seed":false,"campfire_upgraded":0,"win_rate":0,"timestamp":1549575762,"path_taken":["M","M","?","?","?","E","R","E","T","R","?","M","?","E","R","BOSS","M","?"],"build_version":"2019-01-23","purchased_purges":0,"victory":false,"max_hp_per_floor":[75,75,75,75,75,75,75,75,75,75,75,75,75,82,82,82,82,82,82],"card_choices":[{"not_picked":["Barrage","Compile Driver"],"picked":"Rebound","floor":0},{"not_picked":["Go for the Eyes","Redo"],"picked":"Conserve Battery","floor":1},{"not_picked":["Compile Driver","Hologram"],"picked":"Streamline","floor":2},{"not_picked":["Compile Driver","Turbo","Reprogram"],"picked":"SKIP","floor":3},{"not_picked":["Conserve Battery","Doom and Gloom"],"picked":"Glacier","floor":6},{"not_picked":["Redo","Gash"],"picked":"Sweeping Beam","floor":8},{"not_picked":["Aggregate","Steam","Compile Driver"],"picked":"SKIP","floor":12},{"not_picked":["Gash","Lockon"],"picked":"Double Energy","floor":13},{"not_picked":["Turbo","Sweeping Beam"],"picked":"Thunder Strike","floor":14},{"not_picked":["Seek","All For One"],"picked":"Creative AI","floor":16},{"not_picked":["Hologram","Compile Driver+1"],"picked":"Double Energy","floor":18}],"player_experience":405947,"relics_obtained":[{"floor":6,"key":"Anchor"},{"floor":8,"key":"Kunai"},{"floor":9,"key":"PreservedInsect"},{"floor":14,"key":"Strawberry"}],"event_choices":[{"damage_healed":0,"gold_gain":0,"player_choice":"Success","damage_taken":12,"relics_obtained":["MawBank"],"max_hp_gain":0,"max_hp_loss":0,"event_name":"Scrap Ooze","floor":5,"gold_loss":0},{"damage_healed":0,"gold_gain":0,"player_choice":"1 cards matched","damage_taken":0,"max_hp_gain":0,"max_hp_loss":0,"event_name":"Match and Keep!","floor":11,"gold_loss":0,"cards_obtained":["Zap"]},{"damage_healed":0,"gold_gain":0,"player_choice":"Fought Bandits","damage_taken":0,"max_hp_gain":0,"max_hp_loss":0,"event_name":"Masked Bandits","floor":19,"gold_loss":0}],"is_beta":false,"boss_relics":[{"not_picked":["Lizard Tail","Coffee Dripper"],"picked":"Empty Cage"}],"items_purged_floors":[],"is_endless":false,"potions_floor_spawned":[2,3,12,13,16],"killed_by":"Masked Bandits","ascension_level":6}