{"gold_per_floor":[118,131,141,141,12,37,37,37,37,37,51,85,97,97,97,199,199,215,72,24,35,35,61,61,80,80,80,108,123,155,171,171,271,271,282,282,282,297,28,28,0,0,46,46,66,99,99,99,99,99],"floor_reached":51,"playtime":5874,"items_purged":["Writhe"],"score":1017,"play_id":"936ac018-2783-47eb-b17e-0168e3fe0a90","local_time":"20190411164345","is_ascension_mode":true,"campfire_choices":[{"data":"Loop","floor":8,"key":"SMITH"},{"data":"Zap","floor":10,"key":"SMITH"},{"floor":15,"key":"REST"},{"data":"Consume","floor":24,"key":"SMITH"},{"floor":32,"key":"REST"},{"data":"Consume","floor":40,"key":"SMITH"},{"data":"Skim","floor":42,"key":"SMITH"},{"data":"Coolheaded","floor":44,"key":"SMITH"},{"floor":49,"key":"REST"}],"neow_cost":"NONE","seed_source_timestamp":39390945606785,"circlet_count":0,"master_deck":["Zap+1","Dualcast","Panacea","Compile Driver","Sweeping Beam","Coolheaded","Consume+1","Conserve Battery","Loop+1","Skim+1","Hologram","Cold Snap","Biased Cognition","Go for the Eyes","Capacitor+1","Compile Driver","Sweeping Beam","Echo Form","Reboot","Undo","Chaos","White Noise","Coolheaded+1","Consume+1","Blind","Capacitor+1"],"relics":["Cracked Core","Darkstone Periapt","Bronze Scales","Ornamental Fan","Velvet Choker","Art of War","Mummified Hand","Strawberry","Mango","Bottled Flame","Pandora\u0027s Box","Centennial Puzzle","Red Mask","Juzu Bracelet","FossilizedHelix"],"potions_floor_usage":[6,6,21,23,23,30,30,50,50],"damage_taken":[{"damage":8,"enemies":"Small Slimes","floor":1,"turns":4},{"damage":6,"enemies":"2 Louse","floor":2,"turns":3},{"damage":1,"enemies":"Cultist","floor":3,"turns":3},{"damage":22,"enemies":"Gremlin Nob","floor":6,"turns":4},{"damage":0,"enemies":"Large Slime","floor":11,"turns":4},{"damage":21,"enemies":"3 Sentries","floor":12,"turns":5},{"damage":14,"enemies":"Red Slaver","floor":13,"turns":3},{"damage":32,"enemies":"Slime Boss","floor":16,"turns":11},{"damage":0,"enemies":"Chosen","floor":18,"turns":4},{"damage":0,"enemies":"2 Thieves","floor":21,"turns":4},{"damage":21,"enemies":"Gremlin Leader","floor":23,"turns":8},{"damage":9,"enemies":"Sentry and Sphere","floor":25,"turns":7},{"damage":1,"enemies":"Book of Stabbing","floor":28,"turns":5},{"damage":14,"enemies":"Centurion and Healer","floor":29,"turns":5},{"damage":17,"enemies":"Gremlin Leader","floor":30,"turns":10},{"damage":9,"enemies":"Snecko","floor":31,"turns":5},{"damage":22,"enemies":"Collector","floor":33,"turns":7},{"damage":19,"enemies":"3 Darklings","floor":35,"turns":5},{"damage":4,"enemies":"Orb Walker","floor":38,"turns":4},{"damage":19,"enemies":"4 Shapes","floor":45,"turns":7},{"damage":10,"enemies":"Giant Head","floor":46,"turns":10},{"damage":45,"enemies":"Awakened One","floor":50,"turns":10}],"seed_played":"3758400912247996785","potions_obtained":[{"floor":3,"key":"PowerPotion"},{"floor":11,"key":"FearPotion"},{"floor":13,"key":"LiquidBronze"},{"floor":14,"key":"SpeedPotion"},{"floor":14,"key":"FairyPotion"},{"floor":21,"key":"Regen Potion"},{"floor":23,"key":"SteroidPotion"},{"floor":29,"key":"PowerPotion"},{"floor":30,"key":"FearPotion"},{"floor":46,"key":"Energy Potion"}],"is_trial":false,"path_per_floor":["?","?","M","?","$","?","?","?","?","?","?"],"character_chosen":"DEFECT","items_purchased":["Block Potion","Consume","Art of War","Energy Potion","Centennial Puzzle","Weak Potion"],"campfire_rested":3,"item_purchase_floors":[5,5,19,20,39,39],"current_hp_per_floor":[60,54,53,58,58,36,36,36,36,36,36,15,1,1,25,8,62,62,62,62,62,62,56,56,47,54,54,67,53,36,27,57,35,85,66,97,92,88,88,88,88,88,88,88,69,59,59,59,91,46],"gold":99,"neow_bonus":"RANDOM_COLORLESS","is_prod":false,"is_daily":false,"chose_seed":false,"campfire_upgraded":6,"win_rate":0,"timestamp":1554997425,"path_taken":["M","M","M","?","$","E","?","R","T","R","?","E","M","?","R","BOSS","M","?","$","M","$","E","R","M","T","?","E","M","E","M","R","BOSS","M","?","?","M","$","R","?","R","T","R","M","E","?","?","R","BOSS"],"build_version":"2019-01-23","purchased_purges":1,"victory":true,"max_hp_per_floor":[75,75,75,80,80,80,80,80,80,80,80,80,80,80,80,80,80,80,80,80,80,80,80,80,80,87,87,101,101,101,101,101,101,101,101,107,107,107,107,107,107,107,107,107,107,107,107,107,107,107],"card_choices":[{"not_picked":["Coolheaded","Blizzard"],"picked":"Compile Driver","floor":1},{"not_picked":["Coolheaded","Darkness"],"picked":"Sweeping Beam","floor":2},{"not_picked":["Turbo","Sweeping Beam"],"picked":"Coolheaded","floor":3},{"not_picked":["Leap","Compile Driver"],"picked":"Conserve Battery","floor":6},{"not_picked":["Turbo","Coolheaded"],"picked":"Skim","floor":11},{"not_picked":["Coolheaded","Core Surge"],"picked":"Hologram","floor":12},{"not_picked":["Stack","Rebound"],"picked":"Cold Snap","floor":13},{"not_picked":["Seek","Reboot"],"picked":"Biased Cognition","floor":16},{"not_picked":["Barrage","Stack"],"picked":"Go for the Eyes","floor":18},{"not_picked":["Conserve Battery","Barrage","Hologram"],"picked":"SKIP","floor":21},{"not_picked":["BootSequence","Ball Lightning"],"picked":"Capacitor+1","floor":23},{"not_picked":["Gash","Sweeping Beam","Ball Lightning"],"picked":"SKIP","floor":25},{"not_picked":["Thunder Strike","Self Repair+1"],"picked":"Echo Form","floor":28},{"not_picked":["Go for the Eyes","Ball Lightning+1","Leap"],"picked":"SKIP","floor":29},{"not_picked":["Tempest","Sweeping Beam","Cold Snap+1"],"picked":"SKIP","floor":30},{"not_picked":["Redo+1","Stack","Conserve Battery"],"picked":"SKIP","floor":31},{"not_picked":["All For One","Multi-Cast"],"picked":"Reboot","floor":33},{"not_picked":["Tempest","Steam+1","Go for the Eyes"],"picked":"SKIP","floor":35},{"not_picked":["Madness","Mind Blast"],"picked":"Blind","floor":37},{"not_picked":["Beam Cell+1","Force Field","Leap+1"],"picked":"SKIP","floor":38},{"not_picked":["Compile Driver+1","Gash","Stack+1"],"picked":"SKIP","floor":45},{"not_picked":["Redo+1","Leap+1"],"picked":"Capacitor+1","floor":46}],"player_experience":548769,"relics_obtained":[{"floor":6,"key":"Darkstone Periapt"},{"floor":9,"key":"Bronze Scales"},{"floor":12,"key":"Ornamental Fan"},{"floor":23,"key":"Mummified Hand"},{"floor":26,"key":"Strawberry"},{"floor":28,"key":"Mango"},{"floor":30,"key":"Bottled Flame"},{"floor":43,"key":"Juzu Bracelet"},{"floor":46,"key":"FossilizedHelix"}],"event_choices":[{"damage_healed":0,"gold_gain":0,"player_choice":"Donut","damage_taken":0,"max_hp_gain":5,"max_hp_loss":0,"event_name":"Big Fish","floor":4,"gold_loss":0},{"damage_healed":0,"gold_gain":0,"player_choice":"1 cards matched","damage_taken":0,"max_hp_gain":0,"max_hp_loss":0,"event_name":"Match and Keep!","floor":7,"gold_loss":0,"cards_obtained":["Loop"]},{"damage_healed":0,"gold_gain":0,"player_choice":"Got Potions","damage_taken":0,"max_hp_gain":0,"max_hp_loss":0,"event_name":"Lab","floor":14,"gold_loss":0},{"damage_healed":0,"gold_gain":0,"cards_transformed":["Strike_B","Strike_B"],"player_choice":"Became Test Subject","damage_taken":0,"max_hp_gain":0,"max_hp_loss":0,"event_name":"Drug Dealer","floor":27,"gold_loss":0,"cards_obtained":["Compile Driver","Sweeping Beam"]},{"damage_healed":25,"gold_gain":0,"player_choice":"Writhe","damage_taken":0,"max_hp_gain":0,"max_hp_loss":0,"event_name":"Winding Halls","floor":36,"gold_loss":0,"cards_obtained":["Writhe"]},{"damage_healed":0,"gold_gain":0,"player_choice":"Memory 2","damage_taken":5,"max_hp_gain":0,"max_hp_loss":0,"event_name":"SensoryStone","floor":37,"gold_loss":0},{"damage_healed":0,"gold_gain":0,"player_choice":"Paid","damage_taken":0,"relics_obtained":["Red Mask"],"max_hp_gain":0,"max_hp_loss":0,"event_name":"Tomb of Lord Red Mask","floor":41,"gold_loss":28},{"cards_removed":["Beam Cell"],"damage_healed":0,"gold_gain":0,"player_choice":"Removed Attack","damage_taken":0,"max_hp_gain":0,"max_hp_loss":0,"event_name":"Falling","floor":47,"gold_loss":0},{"damage_healed":0,"gold_gain":0,"player_choice":"Ignored","damage_taken":0,"max_hp_gain":0,"max_hp_loss":0,"event_name":"Mysterious Sphere","floor":48,"gold_loss":0}],"is_beta":false,"boss_relics":[{"not_picked":["Lizard Tail","Calling Bell"],"picked":"Velvet Choker"},{"not_picked":["Busted Crown","Orrery"],"picked":"Pandora\u0027s Box"}],"items_purged_floors":[39],"is_endless":false,"potions_floor_spawned":[3,11,13,21,23,29,30,46],"ascension_level":8}