{"gold_per_floor":[115,115,131,131,143,143,177,177,177,177,209,209,209,233,233,352,352,352,352,352,277,277,277,277,177,177,177,177,177,177,177,177,177,177,177,177,177,177,52,52,52,52,52,18,18,18,18,18,18,18],"floor_reached":51,"playtime":3291,"items_purged":["Strike_G","Strike_G","Strike_G"],"score":782,"play_id":"77f150bb-ba8f-48d0-8e13-d2e7dec3de00","local_time":"20190127020641","is_ascension_mode":false,"campfire_choices":[{"data":"Bullet Time","floor":6,"key":"SMITH"},{"floor":8,"key":"REST"},{"floor":13,"key":"REST"},{"data":"Tactician","floor":15,"key":"SMITH"},{"floor":30,"key":"REST"},{"data":"Neutralize","floor":32,"key":"SMITH"},{"floor":41,"key":"REST"},{"floor":49,"key":"REST"}],"neow_cost":"NONE","seed_source_timestamp":42816055177991,"circlet_count":0,"master_deck":["Defend_G","Defend_G","Defend_G","Defend_G","Defend_G","Strike_G","Strike_G","Survivor","Neutralize+1","Terror","Underhanded Strike","Bullet Time+1","Dagger Throw","Predator","Tools of the Trade","Tactician+1","Adrenaline","Outmaneuver","Leg Sweep","Eviscerate","Backflip","Footwork+1","Tools of the Trade","Dash","Tools of the Trade+1","Prepared+1","Well Laid Plans+1","Blur","Riddle With Holes","Caltrops+1","Calculated Gamble+1","Dagger Spray","Blur","Escape Plan"],"relics":["Ring of the Snake","NeowsBlessing","Shuriken","Pantograph","Sundial","Centennial Puzzle","Golden Idol","Ectoplasm","Anchor","Mercury Hourglass","Frozen Egg 2","Fusion Hammer","Bag of Marbles","Regal Pillow","Happy Flower"],"potions_floor_usage":[20],"damage_taken":[{"damage":0,"enemies":"Jaw Worm","floor":1,"turns":1},{"damage":0,"enemies":"Small Slimes","floor":3,"turns":1},{"damage":0,"enemies":"Cultist","floor":5,"turns":1},{"damage":37,"enemies":"Lagavulin","floor":7,"turns":8},{"damage":0,"enemies":"Gremlin Nob","floor":11,"turns":2},{"damage":9,"enemies":"3 Louse","floor":14,"turns":4},{"damage":31,"enemies":"Hexaghost","floor":16,"turns":6},{"damage":1,"enemies":"Chosen","floor":18,"turns":3},{"damage":16,"enemies":"3 Byrds","floor":19,"turns":5},{"damage":12,"enemies":"Snake Plant","floor":20,"turns":5},{"damage":10,"enemies":"Cultist and Chosen","floor":22,"turns":4},{"damage":6,"enemies":"Gremlin Leader","floor":23,"turns":5},{"damage":8,"enemies":"Snecko","floor":27,"turns":3},{"damage":0,"enemies":"Book of Stabbing","floor":31,"turns":6},{"damage":28,"enemies":"Automaton","floor":33,"turns":9},{"damage":2,"enemies":"3 Shapes","floor":35,"turns":4},{"damage":0,"enemies":"3 Darklings","floor":37,"turns":6},{"damage":6,"enemies":"4 Shapes","floor":38,"turns":4},{"damage":23,"enemies":"Giant Head","floor":40,"turns":10},{"damage":2,"enemies":"Maw","floor":42,"turns":8},{"damage":6,"enemies":"Sphere and 2 Shapes","floor":45,"turns":5},{"damage":4,"enemies":"Spire Growth","floor":46,"turns":5},{"damage":17,"enemies":"Jaw Worm Horde","floor":47,"turns":4},{"damage":20,"enemies":"Reptomancer","floor":48,"turns":8},{"damage":42,"enemies":"Awakened One","floor":50,"turns":12}],"seed_played":"-9023856090258225286","potions_obtained":[{"floor":3,"key":"SkillPotion"},{"floor":11,"key":"Weak Potion"},{"floor":14,"key":"SpeedPotion"},{"floor":19,"key":"Regen Potion"},{"floor":23,"key":"SkillPotion"},{"floor":31,"key":"Swift Potion"},{"floor":33,"key":"Dexterity Potion"},{"floor":46,"key":"EssenceOfSteel"}],"is_trial":false,"path_per_floor":["?","?","M","?","?","?","$","?","?","?"],"character_chosen":"THE_SILENT","items_purchased":["Caltrops+1"],"campfire_rested":5,"item_purchase_floors":[44],"current_hp_per_floor":[70,70,70,70,70,70,33,54,54,47,47,30,51,42,42,36,70,69,53,55,55,45,39,39,39,39,31,31,31,52,52,52,42,70,68,68,68,62,62,39,60,58,58,58,52,48,31,11,47,28],"gold":18,"neow_bonus":"THREE_ENEMY_KILL","is_prod":false,"is_daily":false,"chose_seed":false,"campfire_upgraded":3,"win_rate":0.0,"timestamp":1548583601,"path_taken":["M","?","M","?","?","R","E","R","T","?","E","?","R","M","R","BOSS","M","M","M","$","M","E","?","?","T","M","?","?","R","E","R","BOSS","M","?","M","M","$","E","R","M","T","$","M","M","M","E","R","BOSS"],"build_version":"2019-01-23","purchased_purges":3,"victory":true,"max_hp_per_floor":[70,70,70,70,70,70,70,70,70,70,70,70,70,70,70,70,70,70,70,70,70,70,70,70,70,70,70,70,70,70,70,70,70,70,70,70,70,70,70,70,70,70,70,70,70,70,70,70,70,70],"card_choices":[{"not_picked":["PiercingWail","Dagger Spray"],"picked":"Terror","floor":1},{"not_picked":["Expertise","Flechettes"],"picked":"Underhanded Strike","floor":3},{"not_picked":["Masterful Stab","Deadly Poison"],"picked":"Dagger Throw","floor":5},{"not_picked":["Distraction","Prepared"],"picked":"Predator","floor":7},{"not_picked":["Calculated Gamble","Blade Dance"],"picked":"Tools of the Trade","floor":11},{"not_picked":["Leg Sweep","Dagger Throw"],"picked":"Tactician","floor":14},{"not_picked":["Die Die Die","Doppelganger"],"picked":"Adrenaline","floor":16},{"not_picked":["Acrobatics","Deadly Poison"],"picked":"Outmaneuver","floor":18},{"not_picked":["Quick Slash+1","Slice+1"],"picked":"Leg Sweep","floor":19},{"not_picked":["Poisoned Stab+1","Deadly Poison"],"picked":"Eviscerate","floor":20},{"not_picked":["Blade Dance+1","Acrobatics"],"picked":"Backflip","floor":22},{"not_picked":["Poisoned Stab+1","Riddle With Holes"],"picked":"Footwork","floor":23},{"not_picked":["Riddle With Holes","Dagger Spray","Poisoned Stab"],"picked":"SKIP","floor":27},{"not_picked":["Calculated Gamble","Unload"],"picked":"Dash","floor":31},{"not_picked":["Malaise","Glass Knife"],"picked":"Tools of the Trade+1","floor":33},{"not_picked":["Quick Slash","All Out Attack"],"picked":"Prepared+1","floor":35},{"not_picked":["Sucker Punch+1","Poisoned Stab+1"],"picked":"Well Laid Plans+1","floor":37},{"not_picked":["Endless Agony+1","Poisoned Stab+1"],"picked":"Blur","floor":38},{"not_picked":["Bullet Time","Bouncing Flask","PiercingWail"],"picked":"SKIP","floor":40},{"not_picked":["Outmaneuver","Endless Agony+1"],"picked":"Riddle With Holes","floor":42},{"not_picked":["Dagger Spray+1","Deflect+1"],"picked":"Calculated Gamble+1","floor":45},{"not_picked":["Deflect","Predator+1"],"picked":"Dagger Spray","floor":46},{"not_picked":["Dagger Spray+1","Skewer"],"picked":"Blur","floor":47},{"not_picked":["Terror","Leg Sweep"],"picked":"Escape Plan","floor":48}],"player_experience":3957,"relics_obtained":[{"floor":7,"key":"Pantograph"},{"floor":9,"key":"Sundial"},{"floor":11,"key":"Centennial Puzzle"},{"floor":23,"key":"Anchor"},{"floor":26,"key":"Mercury Hourglass"},{"floor":31,"key":"Frozen Egg 2"},{"floor":40,"key":"Bag of Marbles"},{"floor":43,"key":"Regal Pillow"},{"floor":48,"key":"Happy Flower"}],"event_choices":[{"damage_healed":0,"gold_gain":0,"player_choice":"Box","damage_taken":0,"relics_obtained":["Shuriken"],"max_hp_gain":0,"max_hp_loss":0,"event_name":"Big Fish","floor":2,"gold_loss":0,"cards_obtained":["Regret"]},{"damage_healed":0,"gold_gain":0,"player_choice":"1 cards matched","damage_taken":0,"max_hp_gain":0,"max_hp_loss":0,"event_name":"Match and Keep!","floor":4,"gold_loss":0,"cards_obtained":["Bullet Time"]},{"cards_removed":["Regret"],"damage_healed":0,"gold_gain":0,"player_choice":"Card Removal","damage_taken":7,"max_hp_gain":0,"max_hp_loss":0,"event_name":"Golden Wing","floor":10,"gold_loss":0},{"damage_healed":0,"gold_gain":0,"player_choice":"Take Damage","damage_taken":17,"relics_obtained":["Golden Idol"],"max_hp_gain":0,"max_hp_loss":0,"event_name":"Golden Idol","floor":12,"gold_loss":0},{"damage_healed":0,"gold_gain":0,"player_choice":"Copied","damage_taken":0,"max_hp_gain":0,"max_hp_loss":0,"event_name":"Duplicator","floor":24,"gold_loss":0,"cards_obtained":["Tools of the Trade"]},{"damage_healed":0,"gold_gain":0,"player_choice":"Ignored","damage_taken":0,"max_hp_gain":0,"max_hp_loss":0,"event_name":"Ghosts","floor":28,"gold_loss":0},{"damage_healed":0,"gold_gain":0,"player_choice":"Upgraded","damage_taken":0,"max_hp_gain":0,"max_hp_loss":0,"event_name":"Upgrade Shrine","floor":29,"gold_loss":0,"cards_upgraded":["Footwork"]},{"damage_healed":0,"gold_gain":0,"player_choice":"Ignored","damage_taken":0,"max_hp_gain":0,"max_hp_loss":0,"event_name":"Tomb of Lord Red Mask","floor":36,"gold_loss":0}],"is_beta":false,"boss_relics":[{"not_picked":["Busted Crown","Eternal Feather"],"picked":"Ectoplasm"},{"not_picked":["White Beast Statue","Runic Dome"],"picked":"Fusion Hammer"}],"items_purged_floors":[21,25,39],"is_endless":false,"potions_floor_spawned":[3,11,14,19,23,31,33,37,40,45,46,48],"ascension_level":0}