{"gold_per_floor":[118,118,293,307,184,184,210,221,221,221,234,311,311,324,324,425,425,443,52,52,67,67,67,67,96,148,48,148,148,23,34,34,138,138,158,169,269,119,119,119],"floor_reached":40,"playtime":1561,"items_purged":["Regret","Doubt","Doubt","Writhe"],"score":560,"play_id":"6d32d6e4-2799-4c4f-9735-2c72360e617e","local_time":"20190206121258","is_ascension_mode":true,"campfire_choices":[{"data":"Whirlwind","floor":6.0,"key":"SMITH"},{"data":"Limit Break","floor":10.0,"key":"SMITH"},{"data":"Heavy Blade","floor":13.0,"key":"SMITH"},{"data":"Armaments","floor":15.0,"key":"SMITH"},{"floor":23.0,"key":"REST"},{"data":"Spot Weakness","floor":29.0,"key":"SMITH"},{"floor":32.0,"key":"REST"}],"neow_cost":"NONE","seed_source_timestamp":5012302519600,"circlet_count":0,"master_deck":["Strike_R","Strike_R","Strike_R","Strike_R","Defend_R","Defend_R","Defend_R","Defend_R","Bash","Feed","Heavy Blade+1","Whirlwind+1","Flex","Limit Break+1","Flex","Twin Strike","Armaments+1","Double Tap","Clumsy","Inflame+1","Spot Weakness+1","Flex","Sever Soul","True Grit"],"special_seed":0,"relics":["Burning Blood","Torii","Lantern","Darkstone Periapt","Ornamental Fan","Calling Bell","Anchor","Mummified Hand","Charon\u0027s Ashes","Ice Cream","Thread and Needle","Regal Pillow","Pocketwatch","Letter Opener","Runic Cube","Nunchaku"],"potions_floor_usage":[40],"damage_taken":[{"damage":9.0,"enemies":"Jaw Worm","floor":1.0,"turns":4.0},{"damage":4.0,"enemies":"2 Louse","floor":4.0,"turns":3.0},{"damage":22.0,"enemies":"3 Sentries","floor":7.0,"turns":6.0},{"damage":0.0,"enemies":"Small Slimes","floor":8.0,"turns":3.0},{"damage":10.0,"enemies":"Blue Slaver","floor":11.0,"turns":4.0},{"damage":0.0,"enemies":"2 Fungi Beasts","floor":14.0,"turns":4.0},{"damage":69.0,"enemies":"The Guardian","floor":16.0,"turns":10.0},{"damage":7.0,"enemies":"Chosen","floor":18.0,"turns":4.0},{"damage":45.0,"enemies":"Spheric Guardian","floor":21.0,"turns":7.0},{"damage":25.0,"enemies":"Gremlin Leader","floor":25.0,"turns":6.0},{"damage":0.0,"enemies":"Colosseum Slavers","floor":28.0,"turns":1.0},{"damage":25.0,"enemies":"Colosseum Nobs","floor":28.0,"turns":4.0},{"damage":15.0,"enemies":"Centurion and Healer","floor":31.0,"turns":5.0},{"damage":29.0,"enemies":"Champ","floor":33.0,"turns":6.0},{"damage":42.0,"enemies":"3 Shapes","floor":35.0,"turns":4.0},{"damage":21.0,"enemies":"3 Darklings","floor":36.0,"turns":4.0},{"damage":16.0,"enemies":"Mind Bloom Boss Battle","floor":37.0,"turns":5.0},{"damage":69,"enemies":"Nemesis","floor":40,"turns":6}],"seed_played":"-4211685635680158534","potions_obtained":[{"floor":4.0,"key":"Regen Potion"},{"floor":8.0,"key":"FearPotion"},{"floor":11.0,"key":"AttackPotion"},{"floor":14.0,"key":"AttackPotion"},{"floor":18.0,"key":"Explosive Potion"},{"floor":21.0,"key":"Block Potion"},{"floor":25.0,"key":"BloodPotion"},{"floor":37.0,"key":"SpeedPotion"}],"is_trial":false,"path_per_floor":["M","?","?","M","$","R","E","M","T","R","M","T","R","M","R","B",null,"M","$","?","M","?","R","?","E","T","$","?","R","$","M","R","B",null,"M","M","?","$","?","E"],"character_chosen":"IRONCLAD","items_purchased":["Flex","Spot Weakness","Ice Cream"],"campfire_rested":2,"item_purchase_floors":[5,19,19],"current_hp_per_floor":[80,80,80,85,85,85,72,78,78,78,77,77,77,83,83,35,110,109,109,109,70,47,81,81,62,62,62,60,60,60,54,104,85,122,89,74,64,64,64,0],"gold":119,"neow_bonus":"TRANSFORM_CARD","is_prod":false,"is_daily":false,"chose_seed":false,"campfire_upgraded":5,"win_rate":0,"timestamp":1549473178,"path_taken":["M","?","?","M","?","R","E","M","T","R","M","?","R","M","R","BOSS","M","$","?","M","?","R","?","E","T","?","?","R","?","?","R","BOSS","M","M","?","$","?","E"],"build_version":"2019-01-23","purchased_purges":4,"victory":false,"max_hp_per_floor":[83,83,83,86,86,86,89,89,89,89,92,92,92,92,92,92,110,110,110,110,110,115,115,115,115,115,115,115,115,115,118,118,122,122,125,125,125,125,125,125],"card_choices":[{"not_picked":["Anger","Entrench"],"picked":"Heavy Blade","floor":1.0},{"not_picked":["Entrench","Seeing Red"],"picked":"Whirlwind","floor":4.0},{"not_picked":["Headbutt","Pummel"],"picked":"Limit Break","floor":7.0},{"not_picked":["Shockwave","Bloodletting"],"picked":"Flex","floor":8.0},{"not_picked":["Searing Blow","Pommel Strike"],"picked":"Twin Strike","floor":11.0},{"not_picked":["Juggernaut","Thunderclap"],"picked":"Armaments","floor":14.0},{"not_picked":["Brutality","Juggernaut"],"picked":"Double Tap","floor":16.0},{"not_picked":["Battle Trance","Clash"],"picked":"Inflame+1","floor":18.0},{"not_picked":["Bloodletting","Rage+1"],"picked":"Flex","floor":21.0},{"not_picked":["Twin Strike","Clash","Clothesline"],"picked":"SKIP","floor":25.0},{"not_picked":["Anger","Pommel Strike","Cleave+1"],"picked":"SKIP","floor":31.0},{"not_picked":["Wild Strike+1","Entrench+1"],"picked":"True Grit","floor":35.0},{"not_picked":["Thunderclap","Warcry+1","Headbutt"],"picked":"SKIP","floor":36.0},{"not_picked":["Thunderclap","Warcry+1","Headbutt"],"picked":"SKIP","floor":36.0}],"player_experience":384795,"relics_obtained":[{"floor":7.0,"key":"Lantern"},{"floor":9.0,"key":"Darkstone Periapt"},{"floor":12.0,"key":"Ornamental Fan"},{"floor":17.0,"key":"Anchor"},{"floor":17.0,"key":"Mummified Hand"},{"floor":17.0,"key":"Charon\u0027s Ashes"},{"floor":25.0,"key":"Thread and Needle"},{"floor":26.0,"key":"Regal Pillow"},{"floor":28.0,"key":"Pocketwatch"},{"floor":28.0,"key":"Letter Opener"},{"floor":37.0,"key":"Nunchaku"}],"event_choices":[{"damage_healed":0.0,"max_hp_gain":0.0,"max_hp_loss":0.0,"gold_gain":0.0,"event_name":"Big Fish","player_choice":"Box","floor":2.0,"gold_loss":0.0,"damage_taken":0.0,"relics_obtained":["Torii"],"cards_obtained":["Regret"]},{"damage_healed":0.0,"max_hp_gain":0.0,"max_hp_loss":0.0,"gold_gain":175.0,"event_name":"Liars Game","player_choice":"AGREE","floor":3.0,"gold_loss":0.0,"damage_taken":0.0,"cards_obtained":["Doubt"]},{"damage_healed":0.0,"max_hp_gain":0.0,"max_hp_loss":0.0,"gold_gain":0.0,"event_name":"Ghosts","player_choice":"Ignored","floor":20.0,"gold_loss":0.0,"damage_taken":0.0},{"damage_healed":0.0,"max_hp_gain":5.0,"max_hp_loss":0.0,"gold_gain":0.0,"event_name":"Forgotten Altar","player_choice":"Shed Blood","floor":22.0,"gold_loss":0.0,"damage_taken":28.0},{"damage_healed":0.0,"max_hp_gain":0.0,"max_hp_loss":0.0,"gold_gain":0.0,"event_name":"The Library","player_choice":"Read","floor":24.0,"gold_loss":0.0,"damage_taken":0.0,"cards_obtained":["Sever Soul"]},{"damage_healed":0.0,"max_hp_gain":0.0,"max_hp_loss":0.0,"gold_gain":0.0,"event_name":"Colosseum","player_choice":"Fight","floor":28.0,"gold_loss":0.0,"damage_taken":0.0},{"damage_healed":0.0,"max_hp_gain":0.0,"max_hp_loss":0.0,"gold_gain":0.0,"event_name":"Colosseum","player_choice":"Fought Nobs","floor":28.0,"gold_loss":0.0,"damage_taken":0.0},{"damage_healed":0.0,"max_hp_gain":0.0,"max_hp_loss":0.0,"gold_gain":0.0,"event_name":"MindBloom","player_choice":"Fight","floor":37.0,"gold_loss":0.0,"damage_taken":0.0},{"damage_healed":0,"gold_gain":0,"player_choice":"Ignored","damage_taken":0,"max_hp_gain":0,"max_hp_loss":0,"event_name":"Mysterious Sphere","floor":39,"gold_loss":0}],"is_beta":false,"boss_relics":[{"not_picked":["Pandora\u0027s Box","Snecko Eye"],"picked":"Calling Bell"},{"not_picked":["Coffee Dripper","Runic Dome"],"picked":"Runic Cube"}],"items_purged_floors":[5,27,30,38],"is_endless":false,"potions_floor_spawned":[4,8,11,14,18,21,25,37],"killed_by":"Nemesis","ascension_level":4}