{"gold_per_floor":[117,192,192,192,204,231,231,261,261,296,296,296],"floor_reached":12,"playtime":240,"items_purged":[],"score":218,"play_id":"da4503f5-b72d-4c06-b14d-5aa2b8e0ff19","local_time":"20190424010327","is_ascension_mode":true,"campfire_choices":[{"floor":11,"key":"REST"}],"neow_cost":"NONE","seed_source_timestamp":37519598516435,"circlet_count":0,"master_deck":["AscendersBane","Strike_B","Strike_B","Strike_B","Strike_B","Defend_B","Defend_B","Defend_B","Defend_B","Zap+1","Dualcast","Go for the Eyes+1","Conserve Battery","Conserve Battery","BootSequence","Defragment"],"relics":["Cracked Core","NeowsBlessing","Question Card","Odd Mushroom","Blue Candle","Shuriken"],"potions_floor_usage":[8],"damage_taken":[{"damage":0,"enemies":"Small Slimes","floor":1,"turns":1},{"damage":0,"enemies":"Jaw Worm","floor":5,"turns":1},{"damage":0,"enemies":"Lagavulin","floor":6,"turns":1},{"damage":16,"enemies":"The Mushroom Lair","floor":8,"turns":5},{"damage":28,"enemies":"3 Sentries","floor":10,"turns":10},{"damage":8,"enemies":"Gremlin Nob","floor":12,"turns":3}],"seed_played":"8664543022019519538","potions_obtained":[{"floor":5,"key":"Fire Potion"}],"is_trial":false,"path_per_floor":["M","?","?","?","M","E","T","?","T","E","R","E"],"character_chosen":"DEFECT","items_purchased":[],"campfire_rested":1,"item_purchase_floors":[],"current_hp_per_floor":[64,53,53,53,53,53,53,37,37,9,30,22],"gold":296,"neow_bonus":"THREE_ENEMY_KILL","is_prod":false,"is_daily":false,"chose_seed":false,"campfire_upgraded":0,"win_rate":0,"timestamp":1556060607,"path_taken":["M","?","?","?","?","E","?","?","T","E","R","E"],"build_version":"2019-04-21","purchased_purges":0,"victory":false,"max_hp_per_floor":[71,71,71,71,71,71,71,71,71,71,71,71],"card_choices":[{"not_picked":["Sweeping Beam","Redo"],"picked":"Go for the Eyes","floor":1},{"not_picked":["Beam Cell","Sweeping Beam"],"picked":"Conserve Battery","floor":5},{"not_picked":["Hologram","Turbo"],"picked":"Conserve Battery","floor":6},{"not_picked":["Leap","Machine Learning","Coolheaded"],"picked":"BootSequence","floor":8},{"not_picked":["Force Field","Recycle","Auto Shields"],"picked":"Defragment","floor":10}],"player_experience":1201334,"relics_obtained":[{"floor":6,"key":"Question Card"},{"floor":8,"key":"Odd Mushroom"},{"floor":9,"key":"Blue Candle"},{"floor":10,"key":"Shuriken"}],"event_choices":[{"damage_healed":0,"gold_gain":75,"player_choice":"Gather Gold","damage_taken":11,"max_hp_gain":0,"max_hp_loss":0,"event_name":"World of Goop","floor":2,"gold_loss":0},{"damage_healed":0,"gold_gain":0,"player_choice":"Grow","damage_taken":0,"max_hp_gain":0,"max_hp_loss":0,"event_name":"Living Wall","floor":3,"gold_loss":0,"cards_upgraded":["Zap"]},{"damage_healed":0,"gold_gain":0,"player_choice":"Upgraded","damage_taken":0,"max_hp_gain":0,"max_hp_loss":0,"event_name":"Upgrade Shrine","floor":4,"gold_loss":0,"cards_upgraded":["Go for the Eyes"]},{"damage_healed":0,"gold_gain":0,"player_choice":"Fought Mushrooms","damage_taken":0,"max_hp_gain":0,"max_hp_loss":0,"event_name":"Mushrooms","floor":8,"gold_loss":0}],"is_beta":true,"boss_relics":[],"items_purged_floors":[],"is_endless":false,"potions_floor_spawned":[5],"killed_by":"Gremlin Nob","ascension_level":20}