{"gold_per_floor":[12,28,28,97,110,110,137,137,137,137,148,160,176,108,108,206,206,222,222,241,10,10],"floor_reached":22,"playtime":3402,"items_purged":[],"score":223,"play_id":"21951d94-37eb-4e3b-a994-40ae16773eca","local_time":"20190207162415","is_ascension_mode":true,"campfire_choices":[{"data":"Caltrops","floor":6.0,"key":"SMITH"},{"data":"Neutralize","floor":8.0,"key":"SMITH"},{"data":"Poisoned Stab","floor":10.0,"key":"SMITH"},{"data":"Caltrops","floor":15.0,"key":"SMITH"}],"neow_cost":"NO_GOLD","seed_source_timestamp":20707247904700,"circlet_count":0,"master_deck":["Defend_G","Defend_G","Defend_G","Defend_G","Defend_G","Strike_G","Strike_G","Strike_G","Strike_G","Strike_G","Survivor","Neutralize+1","Unload","Poisoned Stab+1","Caltrops+1","Backflip","Prepared","Calculated Gamble","Caltrops+1","Grand Finale","Cloak And Dagger","Acrobatics"],"special_seed":0,"relics":["Ring of the Snake","Pantograph","Pen Nib","FossilizedHelix","Sozu","The Courier","Ice Cream"],"potions_floor_usage":[16],"damage_taken":[{"damage":0.0,"enemies":"2 Louse","floor":1.0,"turns":4.0},{"damage":0.0,"enemies":"Jaw Worm","floor":2.0,"turns":3.0},{"damage":0.0,"enemies":"Cultist","floor":5.0,"turns":3.0},{"damage":20.0,"enemies":"Gremlin Nob","floor":7.0,"turns":4.0},{"damage":12.0,"enemies":"Lots of Slimes","floor":11.0,"turns":4.0},{"damage":0.0,"enemies":"Exordium Wildlife","floor":12.0,"turns":5.0},{"damage":0.0,"enemies":"Looter","floor":13.0,"turns":2.0},{"damage":21,"enemies":"Slime Boss","floor":16,"turns":11},{"damage":21,"enemies":"3 Byrds","floor":18,"turns":4},{"damage":8,"enemies":"Shell Parasite","floor":20,"turns":5},{"damage":44,"enemies":"Shelled Parasite and Fungi","floor":22,"turns":6}],"seed_played":"1085459937965585043","potions_obtained":[{"floor":1.0,"key":"Energy Potion"},{"floor":2.0,"key":"GhostInAJar"},{"floor":7.0,"key":"SkillPotion"}],"is_trial":false,"path_per_floor":["M","M","?","T","M","R","E","R","T","R","M","M","M","$","R","B",null,"M","?","M","$","M"],"character_chosen":"THE_SILENT","items_purchased":["Caltrops","Ice Cream"],"campfire_rested":0,"item_purchase_floors":[14,21],"current_hp_per_floor":[70,70,70,70,70,70,50,50,50,50,38,38,38,38,38,42,70,49,49,41,41,0],"gold":10,"neow_bonus":"THREE_RARE_CARDS","is_prod":false,"is_daily":false,"chose_seed":false,"campfire_upgraded":4,"win_rate":0,"timestamp":1549574655,"path_taken":["M","M","?","?","M","R","E","R","T","R","M","M","M","?","R","BOSS","M","?","M","$","?"],"build_version":"2019-01-23","purchased_purges":0,"victory":false,"max_hp_per_floor":[70,70,70,70,70,70,70,70,70,70,70,70,70,70,70,70,70,70,70,70,70,70],"card_choices":[{"not_picked":["Burst","Night Terror"],"picked":"Unload","floor":0.0},{"not_picked":["Heel Hook","Bane"],"picked":"Poisoned Stab","floor":1.0},{"not_picked":["Dagger Throw","Underhanded Strike"],"picked":"Caltrops","floor":2.0},{"not_picked":["Calculated Gamble","Dodge and Roll"],"picked":"Backflip","floor":5.0},{"not_picked":["Envenom","Quick Slash"],"picked":"Prepared","floor":7.0},{"not_picked":["Tactician","Choke"],"picked":"Calculated Gamble","floor":11.0},{"not_picked":["Masterful Stab","Dagger Throw"],"picked":"Underhanded Strike","floor":12.0},{"not_picked":["Underhanded Strike","Reflex","Calculated Gamble"],"picked":"SKIP","floor":13.0},{"not_picked":["Burst","Envenom"],"picked":"Grand Finale","floor":16},{"not_picked":["Poisoned Stab","Tactician"],"picked":"Cloak And Dagger","floor":18},{"not_picked":["Dodge and Roll+1","Calculated Gamble"],"picked":"Acrobatics","floor":20}],"player_experience":402545,"relics_obtained":[{"floor":4.0,"key":"Pantograph"},{"floor":7.0,"key":"Pen Nib"},{"floor":9.0,"key":"FossilizedHelix"}],"event_choices":[{"damage_healed":0.0,"max_hp_gain":0.0,"max_hp_loss":0.0,"gold_gain":0.0,"event_name":"The Cleric","player_choice":"Leave","floor":3.0,"gold_loss":0.0,"damage_taken":0.0},{"cards_removed":["Underhanded Strike"],"damage_healed":0,"gold_gain":0,"player_choice":"Gave Card","damage_taken":0,"relics_obtained":["The Courier"],"max_hp_gain":0,"max_hp_loss":0,"event_name":"WeMeetAgain","floor":19,"gold_loss":0}],"is_beta":false,"boss_relics":[{"not_picked":["Coffee Dripper","Orrery"],"picked":"Sozu"}],"items_purged_floors":[],"is_endless":false,"potions_floor_spawned":[1,2,7,12],"killed_by":"Shelled Parasite and Fungi","ascension_level":4}