{"gold_per_floor":[113,32,32,32,42,42,61,88,135,100,111,111,111,126,126,250,250,271,45,45,69,82,82,82],"floor_reached":24,"playtime":608,"items_purged":[],"score":274,"play_id":"ed3e690a-3bb1-4f9d-991d-797a18c83cbe","local_time":"20190309191021","is_ascension_mode":true,"campfire_choices":[{"data":"Metallicize","floor":6,"key":"SMITH"},{"data":"Spot Weakness","floor":12,"key":"SMITH"},{"data":"Intimidate","floor":15,"key":"SMITH"},{"floor":23,"key":"REST"}],"neow_cost":"NONE","seed_source_timestamp":106056743662800,"circlet_count":0,"master_deck":["Strike_R","Strike_R+1","Strike_R","Strike_R","Defend_R+1","Defend_R","Defend_R","Defend_R","Bash+1","Cleave","Metallicize+1","Cleave","Anger","Spot Weakness+1","Wild Strike","Intimidate+1","Injury","Flame Barrier","Demon Form","Anger","Evolve","Rage","Seeing Red+1"],"relics":["Burning Blood","Dream Catcher","Golden Idol","Sozu","Bag of Marbles","Nloth\u0027s Gift"],"potions_floor_usage":[16,22],"damage_taken":[{"damage":0,"enemies":"2 Louse","floor":1,"turns":2},{"damage":4,"enemies":"Jaw Worm","floor":5,"turns":4},{"damage":0,"enemies":"Cultist","floor":7,"turns":3},{"damage":39,"enemies":"Gremlin Nob","floor":8,"turns":5},{"damage":4,"enemies":"Large Slime","floor":11,"turns":6},{"damage":0,"enemies":"2 Fungi Beasts","floor":14,"turns":2},{"damage":59,"enemies":"Slime Boss","floor":16,"turns":12},{"damage":14,"enemies":"Spheric Guardian","floor":18,"turns":4},{"damage":6,"enemies":"Shell Parasite","floor":21,"turns":4},{"damage":52,"enemies":"Cultist and Chosen","floor":22,"turns":5},{"damage":35,"enemies":"3 Cultists","floor":24,"turns":4}],"seed_played":"2249087759361547200","potions_obtained":[{"floor":1,"key":"FearPotion"},{"floor":14,"key":"SneckoOil"}],"is_trial":false,"path_per_floor":["M","$","?","?","M","R","M","E","T","?","M","R","?","M","R","B",null,"M","$","?","M","M","R","M"],"character_chosen":"IRONCLAD","items_purchased":["Metallicize","Bag of Marbles","Evolve"],"campfire_rested":1,"item_purchase_floors":[2,19,19],"current_hp_per_floor":[78,78,62,62,64,64,70,37,37,57,59,59,59,65,65,12,63,55,55,55,55,9,33,0],"gold":82,"neow_bonus":"UPGRADE_CARD","is_prod":false,"is_daily":false,"chose_seed":false,"campfire_upgraded":3,"win_rate":0,"timestamp":1552176621,"path_taken":["M","$","?","?","?","R","M","E","T","?","M","R","?","M","R","BOSS","M","$","?","M","M","R","M"],"build_version":"2019-01-23","purchased_purges":0,"victory":false,"max_hp_per_floor":[80,80,80,80,80,80,80,80,80,80,80,80,80,80,80,80,80,80,80,80,80,80,80,80],"card_choices":[{"not_picked":["Feel No Pain","Sword Boomerang"],"picked":"Cleave","floor":1},{"not_picked":["Thunderclap","Clash"],"picked":"Anger","floor":5},{"not_picked":["Anger","Battle Trance"],"picked":"Spot Weakness","floor":7},{"not_picked":["Thunderclap","Pommel Strike"],"picked":"Wild Strike","floor":8},{"not_picked":["Twin Strike","Impervious"],"picked":"Intimidate","floor":11},{"not_picked":["Infernal Blade","Perfected Strike"],"picked":"Flame Barrier","floor":14},{"not_picked":["Limit Break","Feed"],"picked":"Demon Form","floor":16},{"not_picked":["Armaments","Clothesline"],"picked":"Anger","floor":18},{"not_picked":["Clash","Sentinel+1","Uppercut"],"picked":"SKIP","floor":21},{"not_picked":["Iron Wave","Pummel"],"picked":"Rage","floor":22},{"not_picked":["Rampage+1","Rupture"],"picked":"Seeing Red+1","floor":23}],"player_experience":534327,"relics_obtained":[{"floor":8,"key":"Art of War"},{"floor":9,"key":"Dream Catcher"}],"event_choices":[{"damage_healed":0,"gold_gain":0,"player_choice":"Entered Light","damage_taken":16,"max_hp_gain":0,"max_hp_loss":0,"event_name":"Shining Light","floor":3,"gold_loss":0,"cards_upgraded":["Defend_R","Strike_R"]},{"damage_healed":0,"gold_gain":0,"cards_transformed":["Strike_R"],"player_choice":"Transformed","damage_taken":0,"max_hp_gain":0,"max_hp_loss":0,"event_name":"Transmorgrifier","floor":4,"gold_loss":0,"cards_obtained":["Cleave"]},{"damage_healed":20,"gold_gain":0,"player_choice":"Healed","damage_taken":0,"max_hp_gain":0,"max_hp_loss":0,"event_name":"The Cleric","floor":10,"gold_loss":35},{"damage_healed":0,"gold_gain":0,"player_choice":"Take Wound","damage_taken":0,"relics_obtained":["Golden Idol"],"max_hp_gain":0,"max_hp_loss":0,"event_name":"Golden Idol","floor":13,"gold_loss":0,"cards_obtained":["Injury"]},{"damage_healed":0,"gold_gain":0,"player_choice":"Traded Relic","damage_taken":0,"relics_obtained":["Nloth\u0027s Gift"],"max_hp_gain":0,"max_hp_loss":0,"event_name":"N\u0027loth","floor":20,"relics_lost":["Art of War"],"gold_loss":0}],"is_beta":false,"boss_relics":[{"not_picked":["Coffee Dripper","Calling Bell"],"picked":"Sozu"}],"items_purged_floors":[],"is_endless":false,"potions_floor_spawned":[1,14,21,22],"killed_by":"3 Cultists","ascension_level":8}