{"gold_per_floor":[113,129,139,139,149,184,202,223,223,241,241,316,333,24,24,120,120,134,147,147,165,182,213,213,225,225,225,243,273,273,243,243,342,342,357,375,375,20,20,20,20,37,37,37],"floor_reached":44,"playtime":1997,"items_purged":[],"score":607,"play_id":"157866e1-5472-40f8-98ad-7ae7b68cff8f","local_time":"20190227190401","is_ascension_mode":false,"campfire_choices":[{"floor":15.0,"key":"REST"},{"floor":24.0,"key":"REST"},{"data":"Zap","floor":27.0,"key":"SMITH"},{"floor":30.0,"key":"REST"},{"floor":32.0,"key":"RECALL"},{"data":"Hologram","floor":40.0,"key":"SMITH"}],"neow_cost":"NONE","seed_source_timestamp":260354722752460,"circlet_count":0,"master_deck":["Strike_B","Strike_B+1","Strike_B","Defend_B","Defend_B","Defend_B","Defend_B","Zap+1","Dualcast","Beam Cell+1","Beam Cell","Static Discharge","Hologram+1","Cold Snap","All For One","Beam Cell","Defragment","Glacier","Gash","All For One","Chaos+1","Compile Driver+1","Gash+1","Gash","Reboot","Gash","Melter","Stack+1","Stack+1","Barrage","Amplify","Barrage+1","Lockon","Flash of Steel","Parasite","Conserve Battery+1"],"special_seed":0,"relics":["Cracked Core","Sundial","Odd Mushroom","Ancient Tea Set","Bronze Scales","Oddly Smooth Stone","Philosopher\u0027s Stone","MutagenicStrength","Dream Catcher","Gremlin Horn","Eternal Feather","Torii","DataDisk"],"potions_floor_usage":[44,44],"damage_taken":[{"damage":6.0,"enemies":"Jaw Worm","floor":1.0,"turns":3.0},{"damage":0.0,"enemies":"2 Louse","floor":2.0,"turns":1.0},{"damage":5.0,"enemies":"Small Slimes","floor":3.0,"turns":4.0},{"damage":6.0,"enemies":"2 Fungi Beasts","floor":5.0,"turns":3.0},{"damage":0.0,"enemies":"Gremlin Nob","floor":6.0,"turns":2.0},{"damage":6.0,"enemies":"Red Slaver","floor":7.0,"turns":2.0},{"damage":6.0,"enemies":"The Mushroom Lair","floor":8.0,"turns":3.0},{"damage":4.0,"enemies":"Large Slime","floor":10.0,"turns":4.0},{"damage":3.0,"enemies":"Looter","floor":13.0,"turns":2.0},{"damage":0.0,"enemies":"Slime Boss","floor":16.0,"turns":9.0},{"damage":15.0,"enemies":"2 Thieves","floor":18.0,"turns":4.0},{"damage":6.0,"enemies":"Chosen","floor":19.0,"turns":3.0},{"damage":13.0,"enemies":"Snake Plant","floor":21.0,"turns":3.0},{"damage":4.0,"enemies":"Centurion and Healer","floor":22.0,"turns":4.0},{"damage":24.0,"enemies":"Slavers","floor":23.0,"turns":4.0},{"damage":0.0,"enemies":"Cultist and Chosen","floor":25.0,"turns":3.0},{"damage":6.0,"enemies":"Snake Plant","floor":28.0,"turns":2.0},{"damage":19.0,"enemies":"Gremlin Leader","floor":29.0,"turns":4.0},{"damage":12.0,"enemies":"Collector","floor":33.0,"turns":5.0},{"damage":24.0,"enemies":"3 Shapes","floor":35.0,"turns":3.0},{"damage":0.0,"enemies":"Orb Walker","floor":36.0,"turns":3.0},{"damage":0.0,"enemies":"Nemesis","floor":41.0,"turns":1.0},{"damage":18.0,"enemies":"Writhing Mass","floor":42.0,"turns":5.0},{"damage":55,"enemies":"Giant Head","floor":44,"turns":7}],"seed_played":"1375676323210998502","potions_obtained":[{"floor":2.0,"key":"AttackPotion"},{"floor":3.0,"key":"Fire Potion"},{"floor":7.0,"key":"Explosive Potion"},{"floor":8.0,"key":"Swift Potion"},{"floor":19.0,"key":"Regen Potion"},{"floor":22.0,"key":"FocusPotion"},{"floor":29.0,"key":"Ancient Potion"},{"floor":31.0,"key":"EssenceOfSteel"},{"floor":31.0,"key":"SkillPotion"},{"floor":33.0,"key":"SmokeBomb"},{"floor":42.0,"key":"FocusPotion"}],"is_trial":false,"path_per_floor":["M","M","M","?","M","E","M","?","T","M","?","?","M","$","R","B",null,"M","M","?","M","M","E","R","M","T","R","M","E","R","?","R","B",null,"M","M","?","$","?","R","E","M","T","E"],"character_chosen":"DEFECT","items_purchased":["Bronze Scales","Oddly Smooth Stone","Torii","Lockon"],"campfire_rested":3,"item_purchase_floors":[14,14,38,38],"current_hp_per_floor":[69,69,64,49,43,43,37,31,31,27,27,16,13,13,35,35,75,60,54,54,41,49,25,47,47,47,47,41,22,44,44,44,32,75,51,51,51,51,51,69,69,51,51,0],"gold":37,"neow_bonus":"TRANSFORM_CARD","is_prod":false,"is_daily":false,"chose_seed":false,"campfire_upgraded":2,"win_rate":0,"timestamp":1551312241,"path_taken":["M","M","M","?","M","E","M","?","T","M","?","?","M","$","R","BOSS","M","M","?","M","M","E","R","M","T","R","M","E","R","?","R","BOSS","M","M","?","$","?","R","E","M","T","E"],"build_version":"2019-01-23","purchased_purges":0,"victory":false,"max_hp_per_floor":[75,75,75,75,75,75,75,75,75,75,75,75,75,75,75,75,75,75,75,75,75,75,75,75,75,75,75,75,75,75,75,75,75,75,75,75,75,75,75,75,75,75,75,75],"card_choices":[{"not_picked":["Streamline","Stack"],"picked":"Beam Cell","floor":1.0},{"not_picked":["Cold Snap","Storm"],"picked":"Static Discharge","floor":2.0},{"not_picked":["Doom and Gloom","Redo"],"picked":"Hologram","floor":3.0},{"not_picked":["Hologram","Glacier"],"picked":"Cold Snap","floor":5.0},{"not_picked":["Chaos","Conserve Battery"],"picked":"All For One","floor":6.0},{"not_picked":["Blizzard","Go for the Eyes"],"picked":"Beam Cell","floor":7.0},{"not_picked":["Beam Cell","Barrage"],"picked":"Defragment","floor":8.0},{"not_picked":["Storm","Redo"],"picked":"Glacier","floor":10.0},{"not_picked":["Hologram","Force Field"],"picked":"Gash","floor":13.0},{"not_picked":["Multi-Cast","Fission"],"picked":"All For One","floor":16.0},{"not_picked":["Auto Shields","Cold Snap"],"picked":"Chaos+1","floor":18.0},{"not_picked":["Redo","FTL+1"],"picked":"Compile Driver+1","floor":19.0},{"not_picked":["Glacier+1","Storm"],"picked":"Gash+1","floor":21.0},{"not_picked":["Self Repair","Stack"],"picked":"Gash","floor":22.0},{"not_picked":["Steam","Doom and Gloom"],"picked":"Reboot","floor":23.0},{"not_picked":["Redo","Coolheaded+1"],"picked":"Gash","floor":24.0},{"not_picked":["Beam Cell","Hologram"],"picked":"Melter","floor":25.0},{"not_picked":["Leap","Reprogram"],"picked":"Stack+1","floor":28.0},{"not_picked":["Coolheaded","Rainbow"],"picked":"Stack+1","floor":29.0},{"not_picked":["Leap","Streamline"],"picked":"Barrage","floor":30.0},{"not_picked":["Buffer","Meteor Strike"],"picked":"Amplify","floor":33.0},{"not_picked":["Force Field+1","Redo"],"picked":"Barrage+1","floor":35.0},{"not_picked":["Recycle+1","Reprogram+1","Hologram"],"picked":"SKIP","floor":36.0},{"not_picked":["Jack Of All Trades","Dramatic Entrance"],"picked":"Flash of Steel","floor":39.0},{"not_picked":["Chaos","Hologram"],"picked":"Conserve Battery+1","floor":42.0}],"player_experience":226713,"relics_obtained":[{"floor":6.0,"key":"Sundial"},{"floor":8.0,"key":"Odd Mushroom"},{"floor":9.0,"key":"Ancient Tea Set"},{"floor":23.0,"key":"Dream Catcher"},{"floor":29.0,"key":"Gremlin Horn"},{"floor":43.0,"key":"DataDisk"}],"event_choices":[{"damage_healed":0.0,"max_hp_gain":0.0,"max_hp_loss":0.0,"gold_gain":0.0,"event_name":"Shining Light","player_choice":"Entered Light","floor":4.0,"gold_loss":0.0,"damage_taken":15.0,"cards_upgraded":["Strike_B","Beam Cell"]},{"damage_healed":0.0,"max_hp_gain":0.0,"max_hp_loss":0.0,"gold_gain":0.0,"event_name":"Mushrooms","player_choice":"Fought Mushrooms","floor":8.0,"gold_loss":0.0,"damage_taken":0.0},{"damage_healed":0.0,"max_hp_gain":0.0,"max_hp_loss":0.0,"gold_gain":0.0,"event_name":"The Cleric","player_choice":"Leave","floor":11.0,"gold_loss":0.0,"damage_taken":0.0},{"damage_healed":0.0,"max_hp_gain":0.0,"max_hp_loss":0.0,"gold_gain":75.0,"event_name":"World of Goop","player_choice":"Gather Gold","floor":12.0,"gold_loss":0.0,"damage_taken":11.0},{"damage_healed":0.0,"max_hp_gain":0.0,"max_hp_loss":0.0,"gold_gain":0.0,"event_name":"Drug Dealer","player_choice":"Inject Mutagens","floor":20.0,"gold_loss":0.0,"damage_taken":0.0,"relics_obtained":["MutagenicStrength"]},{"damage_healed":0.0,"max_hp_gain":0.0,"max_hp_loss":0.0,"gold_gain":0.0,"event_name":"The Woman in Blue","player_choice":"Bought 2 Potions","floor":31.0,"gold_loss":0.0,"damage_taken":0.0},{"damage_healed":0.0,"max_hp_gain":0.0,"max_hp_loss":0.0,"gold_gain":0.0,"event_name":"Tomb of Lord Red Mask","player_choice":"Ignored","floor":37.0,"gold_loss":0.0,"damage_taken":0.0},{"damage_healed":0.0,"max_hp_gain":0.0,"max_hp_loss":0.0,"gold_gain":0.0,"event_name":"SensoryStone","player_choice":"Memory 1","floor":39.0,"gold_loss":0.0,"damage_taken":0.0}],"is_beta":false,"boss_relics":[{"not_picked":["Tiny House","Fusion Hammer"],"picked":"Philosopher\u0027s Stone"},{"not_picked":["Snecko Eye","Inserter"],"picked":"Eternal Feather"}],"items_purged_floors":[],"is_endless":false,"potions_floor_spawned":[2,3,7,8,19,22,29,33,41,42],"killed_by":"Giant Head","ascension_level":0}