{"gold_per_floor":[112,23,36,49,49,80,99,111,137,164,164,164,10,39,39,117,117,130,130,130,88,88,121,121,33,57,57,74,92,92,109,109,181,181,193,204,557,575,594,606,616,616],"floor_reached":42,"playtime":3501,"items_purged":["Strike_G"],"score":1005,"play_id":"7a67e09d-abb3-4f9e-89c6-4c2ce8cbd52b","local_time":"20190423105340","is_ascension_mode":true,"campfire_choices":[{"floor":11,"key":"REST"},{"data":"Noxious Fumes","floor":15,"key":"SMITH"},{"data":"Corpse Explosion","floor":24,"key":"SMITH"},{"data":"Crippling Poison","floor":27,"key":"SMITH"},{"data":"Neutralize","floor":30,"key":"SMITH"},{"data":"Footwork","floor":32,"key":"SMITH"}],"neow_cost":"TEN_PERCENT_HP_LOSS","seed_source_timestamp":426603763269667,"circlet_count":0,"master_deck":["AscendersBane","Defend_G","Defend_G","Defend_G+1","Defend_G","Defend_G","Survivor+1","Neutralize+1","Dagger Throw","Noxious Fumes+1","Dash","Riddle With Holes","Backstab","Cloak And Dagger","Dash","Well Laid Plans","Calculated Gamble","Corpse Explosion+1","Bite","Bite","Bite","Bite","Bite","Well Laid Plans","Dodge and Roll","Crippling Poison+1","Blur","Footwork+1","Malaise","PiercingWail+1","Dodge and Roll+1","Deadly Poison+1"],"relics":["Ring of the Snake","Mango","Pen Nib","Anchor","War Paint","Strawberry","Coffee Dripper","Centennial Puzzle","Bronze Scales","Snecko Eye","Old Coin"],"potions_floor_usage":[6,8,16,23,23,37,41],"damage_taken":[{"damage":0,"enemies":"Small Slimes","floor":1,"turns":3},{"damage":3,"enemies":"Cultist","floor":3,"turns":4},{"damage":0,"enemies":"2 Louse","floor":4,"turns":2},{"damage":15,"enemies":"3 Sentries","floor":6,"turns":9},{"damage":1,"enemies":"2 Fungi Beasts","floor":7,"turns":4},{"damage":0,"enemies":"Large Slime","floor":8,"turns":5},{"damage":50,"enemies":"Gremlin Nob","floor":10,"turns":5},{"damage":0,"enemies":"3 Sentries","floor":14,"turns":7},{"damage":12,"enemies":"The Guardian","floor":16,"turns":10},{"damage":7,"enemies":"Shell Parasite","floor":18,"turns":5},{"damage":45,"enemies":"Gremlin Leader","floor":23,"turns":9},{"damage":0,"enemies":"2 Thieves","floor":28,"turns":5},{"damage":3,"enemies":"Snake Plant","floor":29,"turns":4},{"damage":2,"enemies":"Centurion and Healer","floor":31,"turns":8},{"damage":60,"enemies":"Collector","floor":33,"turns":11},{"damage":0,"enemies":"Orb Walker","floor":35,"turns":5},{"damage":6,"enemies":"3 Shapes","floor":36,"turns":6},{"damage":49,"enemies":"2 Orb Walkers","floor":37,"turns":4},{"damage":18,"enemies":"Writhing Mass","floor":38,"turns":8},{"damage":0,"enemies":"4 Shapes","floor":39,"turns":10},{"damage":7,"enemies":"Spire Growth","floor":40,"turns":6},{"damage":12,"enemies":"Transient","floor":41,"turns":6},{"damage":48,"enemies":"Jaw Worm Horde","floor":42,"turns":2}],"seed_played":"9078211034780258430","potions_obtained":[{"floor":3,"key":"SpeedPotion"},{"floor":4,"key":"Fire Potion"},{"floor":7,"key":"Poison Potion"},{"floor":10,"key":"Poison Potion"},{"floor":18,"key":"Energy Potion"},{"floor":33,"key":"LiquidBronze"},{"floor":35,"key":"PowerPotion"},{"floor":38,"key":"AttackPotion"}],"is_trial":false,"path_per_floor":["?","M","?","?","?","?","$","?"],"character_chosen":"THE_SILENT","items_purchased":["Noxious Fumes","Well Laid Plans","Well Laid Plans","Crippling Poison"],"campfire_rested":1,"item_purchase_floors":[2,13,21,25],"current_hp_per_floor":[73,73,70,70,70,55,54,54,54,4,26,26,26,33,33,21,66,59,59,56,56,41,18,18,18,18,18,30,33,33,49,49,19,51,59,59,16,14,30,37,37,0],"gold":616,"neow_bonus":"ONE_RARE_RELIC","is_prod":false,"is_daily":false,"chose_seed":false,"campfire_upgraded":5,"win_rate":0,"timestamp":1556006020,"path_taken":["M","$","M","M","?","E","M","?","T","E","R","?","$","E","R","BOSS","M","?","?","$","?","E","R","?","T","R","M","M","R","M","R","BOSS","M","M","?","M","M","M","M","M"],"build_version":"2019-01-23","purchased_purges":1,"victory":false,"max_hp_per_floor":[74,74,74,74,74,74,74,74,74,74,74,74,74,81,81,81,81,81,81,56,56,61,61,61,61,61,61,61,61,61,61,61,61,61,61,61,61,61,61,61,61,61],"card_choices":[{"not_picked":["Deflect","Escape Plan"],"picked":"Dagger Throw","floor":1},{"not_picked":["Poisoned Stab","Skewer"],"picked":"Dash","floor":3},{"not_picked":["Dodge and Roll","Blade Dance"],"picked":"Riddle With Holes","floor":4},{"not_picked":["All Out Attack","Finisher"],"picked":"Backstab","floor":6},{"not_picked":["Heel Hook","Setup"],"picked":"Cloak And Dagger","floor":7},{"not_picked":["Accuracy","Flying Knee","Dagger Throw"],"picked":"SKIP","floor":8},{"not_picked":["Underhanded Strike","Choke"],"picked":"Dash","floor":10},{"not_picked":["Concentrate","Sucker Punch"],"picked":"Calculated Gamble","floor":14},{"not_picked":["Doppelganger","Wraith Form v2"],"picked":"Corpse Explosion","floor":16},{"not_picked":["All Out Attack","Calculated Gamble","Concentrate"],"picked":"SKIP","floor":18},{"not_picked":["Flying Knee","Finisher"],"picked":"Dodge and Roll","floor":23},{"not_picked":["Outmaneuver","Underhanded Strike"],"picked":"Blur","floor":28},{"not_picked":["Deadly Poison","Poisoned Stab"],"picked":"Footwork","floor":29},{"not_picked":["All Out Attack","Setup","Heel Hook"],"picked":"SKIP","floor":31},{"not_picked":["Grand Finale","Die Die Die"],"picked":"Malaise","floor":33},{"not_picked":["Masterful Stab","Tactician+1","All Out Attack"],"picked":"SKIP","floor":35},{"not_picked":["Cloak And Dagger","Heel Hook","Sucker Punch+1"],"picked":"SKIP","floor":36},{"not_picked":["Skewer","Footwork"],"picked":"PiercingWail+1","floor":38},{"not_picked":["Expertise","Well Laid Plans"],"picked":"Dodge and Roll+1","floor":39},{"not_picked":["Calculated Gamble","All Out Attack","Outmaneuver"],"picked":"SKIP","floor":40},{"not_picked":["Outmaneuver+1","Phantasmal Killer"],"picked":"Deadly Poison+1","floor":41}],"player_experience":1820316,"relics_obtained":[{"floor":6,"key":"Pen Nib"},{"floor":9,"key":"Anchor"},{"floor":10,"key":"War Paint"},{"floor":14,"key":"Strawberry"},{"floor":23,"key":"Centennial Puzzle"},{"floor":26,"key":"Bronze Scales"},{"floor":37,"key":"Old Coin"}],"event_choices":[{"cards_removed":["Strike_G"],"damage_healed":0,"gold_gain":0,"player_choice":"Purged","damage_taken":0,"max_hp_gain":0,"max_hp_loss":0,"event_name":"Purifier","floor":5,"gold_loss":0},{"damage_healed":0,"gold_gain":0,"player_choice":"Fled","damage_taken":0,"max_hp_gain":0,"max_hp_loss":0,"event_name":"Scrap Ooze","floor":12,"gold_loss":0},{"damage_healed":0,"gold_gain":0,"player_choice":"Ignored","damage_taken":0,"max_hp_gain":0,"max_hp_loss":0,"event_name":"Beggar","floor":19,"gold_loss":0},{"damage_healed":0,"gold_gain":0,"player_choice":"Became a vampire","damage_taken":0,"max_hp_gain":0,"max_hp_loss":25,"event_name":"Vampires","floor":20,"gold_loss":0,"cards_obtained":["Bite","Bite","Bite","Bite","Bite"]},{"damage_healed":0,"gold_gain":0,"player_choice":"Shed Blood","damage_taken":20,"max_hp_gain":5,"max_hp_loss":0,"event_name":"Forgotten Altar","floor":22,"gold_loss":0},{"damage_healed":0,"gold_gain":0,"player_choice":"Fight","damage_taken":0,"max_hp_gain":0,"max_hp_loss":0,"event_name":"Mysterious Sphere","floor":37,"gold_loss":0}],"is_beta":false,"boss_relics":[{"not_picked":["Tiny House","Ectoplasm"],"picked":"Coffee Dripper"},{"not_picked":["Ring of the Serpent","Eternal Feather"],"picked":"Snecko Eye"}],"items_purged_floors":[13],"is_endless":false,"potions_floor_spawned":[3,4,7,10,14,18,33,35,36,38],"killed_by":"Jaw Worm Horde","ascension_level":20}