{"gold_per_floor":[111,125,144,144,161,161,195,205,232,232,251,251,251,251,251,351,351,363,363,376,301,301,301,332,332,358,273,291,324,324,335,335,436,436,453,471,471,485,485,62,62,94,118,118,118,79,97,20,20,20],"floor_reached":51,"playtime":4272,"items_purged":["Writhe"],"score":1120,"play_id":"f51f0a6d-09a9-4bcf-8404-74efdcd32452","local_time":"20190401194547","is_ascension_mode":true,"campfire_choices":[{"data":"Neutralize","floor":6,"key":"SMITH"},{"floor":10,"key":"REST"},{"floor":13,"key":"REST"},{"data":"Noxious Fumes","floor":15,"key":"SMITH"},{"data":"Dash","floor":23,"key":"SMITH"},{"data":"Cloak And Dagger","floor":25,"key":"SMITH"},{"data":"Footwork","floor":32,"key":"SMITH"},{"data":"PiercingWail","floor":41,"key":"SMITH"},{"data":"Ghostly","floor":44,"key":"SMITH"},{"floor":49,"key":"REST"}],"neow_cost":"NONE","seed_source_timestamp":4340978321553,"circlet_count":0,"master_deck":["AscendersBane","Defend_G+1","Defend_G+1","Defend_G+1","Defend_G+1","Defend_G+1","Strike_G+1","Strike_G+1","Strike_G+1","Strike_G+1","Survivor","Neutralize+1","Dash+1","Dagger Spray","Noxious Fumes+1","Bane","Cloak And Dagger+1","Blur","Backstab","After Image","Flying Knee","Terror+1","Ghostly+1","Ghostly","Ghostly","Ghostly","Ghostly","Footwork+1","Prepared","Doppelganger","Sucker Punch+1","PiercingWail+1","Well Laid Plans","Parasite"],"relics":["Ring of the Snake","CultistMask","Potion Belt","PreservedInsect","Anchor","Meat on the Bone","Busted Crown","Lantern","Ancient Tea Set","Boot","Darkstone Periapt","Lizard Tail","Nunchaku","Shuriken","Snake Skull"],"potions_floor_usage":[7,16,33,33,38,50,50,50,50,50],"damage_taken":[{"damage":5,"enemies":"Jaw Worm","floor":1,"turns":7},{"damage":0,"enemies":"Cultist","floor":2,"turns":5},{"damage":9,"enemies":"Small Slimes","floor":3,"turns":3},{"damage":22,"enemies":"Exordium Wildlife","floor":5,"turns":6},{"damage":10,"enemies":"3 Sentries","floor":7,"turns":6},{"damage":9,"enemies":"Large Slime","floor":8,"turns":7},{"damage":8,"enemies":"2 Fungi Beasts","floor":11,"turns":3},{"damage":7,"enemies":"The Guardian","floor":16,"turns":13},{"damage":12,"enemies":"Spheric Guardian","floor":18,"turns":5},{"damage":9,"enemies":"Chosen","floor":20,"turns":6},{"damage":0,"enemies":"Book of Stabbing","floor":24,"turns":6},{"damage":0,"enemies":"Snake Plant","floor":28,"turns":4},{"damage":0,"enemies":"Slavers","floor":29,"turns":7},{"damage":0,"enemies":"Centurion and Healer","floor":31,"turns":6},{"damage":1,"enemies":"Collector","floor":33,"turns":10},{"damage":9,"enemies":"3 Darklings","floor":35,"turns":6},{"damage":0,"enemies":"Orb Walker","floor":36,"turns":3},{"damage":41,"enemies":"Transient","floor":38,"turns":5},{"damage":6,"enemies":"Nemesis","floor":42,"turns":8},{"damage":1,"enemies":"Writhing Mass","floor":47,"turns":7},{"damage":13,"enemies":"Time Eater","floor":50,"turns":16}],"seed_played":"-3423590034038302467","potions_obtained":[{"floor":1,"key":"Dexterity Potion"},{"floor":3,"key":"SteroidPotion"},{"floor":5,"key":"SkillPotion"},{"floor":16,"key":"SteroidPotion"},{"floor":24,"key":"Regen Potion"},{"floor":28,"key":"Dexterity Potion"},{"floor":31,"key":"Explosive Potion"},{"floor":33,"key":"Ancient Potion"},{"floor":35,"key":"Strength Potion"},{"floor":42,"key":"EssenceOfSteel"}],"is_trial":false,"path_per_floor":["?","M","?","T","?","?","?","?","?","M","?","?","?","$","M","$"],"character_chosen":"THE_SILENT","items_purchased":["Nunchaku","Weak Potion","Well Laid Plans","GhostInAJar"],"campfire_rested":3,"item_purchase_floors":[40,40,46,48],"current_hp_per_floor":[65,65,56,56,34,34,24,15,15,38,30,12,35,35,35,40,68,56,56,47,47,38,38,38,38,38,38,38,38,33,33,33,32,40,31,31,31,33,49,49,49,43,43,43,43,43,48,48,55,42],"gold":20,"neow_bonus":"TEN_PERCENT_HP_BONUS","is_prod":false,"is_daily":false,"chose_seed":false,"campfire_upgraded":7,"win_rate":0,"timestamp":1554144347,"path_taken":["M","M","M","?","?","R","E","M","T","R","M","?","R","?","R","BOSS","M","?","M","?","?","R","E","R","T","?","M","E","?","?","R","BOSS","M","M","?","M","?","$","R","E","T","R","?","?","?","?","R","BOSS"],"build_version":"2019-01-23","purchased_purges":1,"victory":true,"max_hp_per_floor":[77,77,77,77,77,77,77,77,77,77,77,77,77,77,77,77,77,77,77,77,77,38,38,38,38,38,38,38,38,43,43,43,43,43,43,43,43,43,49,49,49,49,49,49,49,49,55,55,55,55],"card_choices":[{"not_picked":["Backflip","Quick Slash"],"picked":"Dash","floor":1},{"not_picked":["Underhanded Strike","Sucker Punch"],"picked":"Dagger Spray","floor":2},{"not_picked":["Backflip","Dagger Spray"],"picked":"Noxious Fumes","floor":3},{"not_picked":["Well Laid Plans","Tactician"],"picked":"Bane","floor":5},{"not_picked":["Finisher","Dagger Spray"],"picked":"Cloak And Dagger","floor":7},{"not_picked":["Quick Slash","Eviscerate"],"picked":"Blur","floor":8},{"not_picked":["Burst","Dodge and Roll"],"picked":"Backstab","floor":11},{"not_picked":["Phantasmal Killer","A Thousand Cuts"],"picked":"After Image","floor":16},{"not_picked":[],"picked":"Flying Knee","floor":18},{"not_picked":[],"picked":"Terror+1","floor":20},{"not_picked":["Tactician"],"picked":"SKIP","floor":24},{"not_picked":[],"picked":"Footwork","floor":28},{"not_picked":[],"picked":"Prepared","floor":29},{"not_picked":["Predator"],"picked":"SKIP","floor":31},{"not_picked":[],"picked":"Doppelganger","floor":33},{"not_picked":["Quick Slash"],"picked":"SKIP","floor":35},{"not_picked":[],"picked":"Sucker Punch+1","floor":36},{"not_picked":[],"picked":"PiercingWail","floor":38},{"not_picked":["All Out Attack"],"picked":"SKIP","floor":42},{"not_picked":["Sucker Punch+1"],"picked":"SKIP","floor":47}],"player_experience":425807,"relics_obtained":[{"floor":7,"key":"Potion Belt"},{"floor":9,"key":"PreservedInsect"},{"floor":14,"key":"Meat on the Bone"},{"floor":24,"key":"Lantern"},{"floor":26,"key":"Ancient Tea Set"},{"floor":29,"key":"Darkstone Periapt"},{"floor":42,"key":"Shuriken"},{"floor":43,"key":"Snake Skull"}],"event_choices":[{"damage_healed":0,"gold_gain":0,"player_choice":"Trade","damage_taken":0,"relics_obtained":["CultistMask"],"max_hp_gain":0,"max_hp_loss":0,"event_name":"FaceTrader","floor":4,"gold_loss":0},{"damage_healed":0,"gold_gain":0,"player_choice":"Success","damage_taken":18,"relics_obtained":["Anchor"],"max_hp_gain":0,"max_hp_loss":0,"event_name":"Scrap Ooze","floor":12,"gold_loss":0},{"damage_healed":0,"gold_gain":0,"player_choice":"Simplicity","damage_taken":0,"max_hp_gain":0,"max_hp_loss":0,"event_name":"Back to Basics","floor":19,"gold_loss":0,"cards_upgraded":["Defend_G","Defend_G","Defend_G","Defend_G","Defend_G","Strike_G","Strike_G","Strike_G","Strike_G","Strike_G"]},{"cards_removed":["Strike_G"],"damage_healed":0,"gold_gain":0,"player_choice":"Gave Gold","damage_taken":0,"max_hp_gain":0,"max_hp_loss":0,"event_name":"Beggar","floor":21,"gold_loss":75},{"damage_healed":0,"gold_gain":0,"player_choice":"Became a Ghost","damage_taken":0,"max_hp_gain":0,"max_hp_loss":39,"event_name":"Ghosts","floor":22,"gold_loss":0,"cards_obtained":["Ghostly","Ghostly","Ghostly","Ghostly","Ghostly"]},{"damage_healed":0,"gold_gain":0,"player_choice":"Obtained Relic","damage_taken":0,"relics_obtained":["Boot"],"max_hp_gain":0,"max_hp_loss":0,"event_name":"Addict","floor":27,"gold_loss":85},{"damage_healed":0,"gold_gain":0,"player_choice":"Shed Blood","damage_taken":10,"max_hp_gain":5,"max_hp_loss":0,"event_name":"Forgotten Altar","floor":30,"gold_loss":0},{"damage_healed":0,"gold_gain":0,"player_choice":"Ignored","damage_taken":0,"max_hp_gain":0,"max_hp_loss":0,"event_name":"Tomb of Lord Red Mask","floor":37,"gold_loss":0},{"damage_healed":11,"gold_gain":0,"player_choice":"Writhe","damage_taken":0,"max_hp_gain":0,"max_hp_loss":0,"event_name":"Winding Halls","floor":39,"gold_loss":0,"cards_obtained":["Writhe"]},{"damage_healed":0,"gold_gain":0,"player_choice":"Memory 1","damage_taken":0,"max_hp_gain":0,"max_hp_loss":0,"event_name":"SensoryStone","floor":45,"gold_loss":0}],"is_beta":false,"boss_relics":[{"not_picked":["Snecko Eye","Orrery"],"picked":"Busted Crown"},{"not_picked":["Ring of the Serpent","Black Star"],"picked":"Lizard Tail"}],"items_purged_floors":[40],"is_endless":false,"potions_floor_spawned":[1,3,5,16,24,28,31,33,35,42],"ascension_level":10}