{"gold_per_floor":[119,135,135,135,135,135,151,151,151,169,194,210,228,228,228,228],"floor_reached":16,"playtime":283,"items_purged":[],"score":92,"play_id":"e4c42bb0-06da-40d0-931c-079e9c91e46a","local_time":"20190208015652","is_ascension_mode":false,"campfire_choices":[{"data":"Bash","floor":6,"key":"SMITH"},{"data":"Defend_R","floor":8,"key":"SMITH"},{"floor":15,"key":"REST"}],"neow_cost":"NONE","seed_source_timestamp":58225453459100,"circlet_count":0,"master_deck":["Strike_R","Strike_R","Strike_R","Strike_R","Strike_R","Defend_R","Defend_R","Defend_R","Defend_R+1","Bash+1"],"relics":["Burning Blood","NeowsBlessing","Kunai","Odd Mushroom","Bag of Marbles"],"potions_floor_usage":[11,16,16],"damage_taken":[{"damage":0,"enemies":"Jaw Worm","floor":1,"turns":1},{"damage":0,"enemies":"2 Louse","floor":2,"turns":1},{"damage":0,"enemies":"Small Slimes","floor":7,"turns":1},{"damage":7,"enemies":"2 Fungi Beasts","floor":10,"turns":5},{"damage":29,"enemies":"The Mushroom Lair","floor":11,"turns":5},{"damage":8,"enemies":"Exordium Wildlife","floor":12,"turns":5},{"damage":12,"enemies":"Blue Slaver","floor":13,"turns":2},{"damage":71,"enemies":"Slime Boss","floor":16,"turns":7}],"seed_played":"-4329254177480177073","potions_obtained":[{"floor":1,"key":"Weak Potion"},{"floor":10,"key":"Energy Potion"},{"floor":13,"key":"Strength Potion"}],"is_trial":false,"path_per_floor":["M","M","?","?","?","R","M","R","T","M","?","M","M","?","R","B"],"character_chosen":"IRONCLAD","items_purchased":[],"campfire_rested":1,"item_purchase_floors":[],"current_hp_per_floor":[80,80,80,80,85,85,85,85,85,84,61,59,53,41,66,0],"gold":228,"neow_bonus":"THREE_ENEMY_KILL","is_prod":false,"is_daily":false,"chose_seed":false,"campfire_upgraded":2,"win_rate":0,"timestamp":1549609012,"path_taken":["M","M","?","?","?","R","?","R","T","M","?","M","M","?","R","BOSS"],"build_version":"2019-01-23","purchased_purges":0,"victory":false,"max_hp_per_floor":[80,80,80,80,85,85,85,85,85,85,85,85,85,85,85,85],"card_choices":[{"not_picked":["Clash","Armaments","Sword Boomerang"],"picked":"SKIP","floor":1},{"not_picked":["Perfected Strike","Clash","Shrug It Off"],"picked":"SKIP","floor":2},{"not_picked":["Rupture","Pommel Strike","Havoc"],"picked":"SKIP","floor":7},{"not_picked":["Rupture","Clothesline","Impervious"],"picked":"SKIP","floor":10},{"not_picked":["Heavy Blade","Cleave","Bloodletting"],"picked":"SKIP","floor":12},{"not_picked":["Searing Blow","Warcry","Sever Soul"],"picked":"SKIP","floor":13}],"player_experience":420764,"relics_obtained":[{"floor":9,"key":"Kunai"},{"floor":11,"key":"Odd Mushroom"}],"event_choices":[{"damage_healed":0,"gold_gain":0,"player_choice":"Ignored","damage_taken":0,"max_hp_gain":0,"max_hp_loss":0,"event_name":"Shining Light","floor":3,"gold_loss":0},{"damage_healed":0,"gold_gain":0,"player_choice":"Ignored","damage_taken":0,"max_hp_gain":0,"max_hp_loss":0,"event_name":"Liars Game","floor":4,"gold_loss":0},{"damage_healed":0,"gold_gain":0,"player_choice":"Donut","damage_taken":0,"max_hp_gain":5,"max_hp_loss":0,"event_name":"Big Fish","floor":5,"gold_loss":0},{"damage_healed":0,"gold_gain":0,"player_choice":"Fought Mushrooms","damage_taken":0,"max_hp_gain":0,"max_hp_loss":0,"event_name":"Mushrooms","floor":11,"gold_loss":0},{"damage_healed":0,"gold_gain":0,"player_choice":"Success","damage_taken":12,"relics_obtained":["Bag of Marbles"],"max_hp_gain":0,"max_hp_loss":0,"event_name":"Scrap Ooze","floor":14,"gold_loss":0}],"is_beta":false,"boss_relics":[],"items_purged_floors":[],"is_endless":false,"potions_floor_spawned":[1,10,13],"killed_by":"Slime Boss","ascension_level":0}