{"gold_per_floor":[115,125,125,138,21,21,296,296,296,296,310,354,97,135,135,228,228,247,162,162,178,32,32],"floor_reached":23,"playtime":1302,"items_purged":["Regret","Strike_G"],"score":494,"play_id":"e6ee5152-98dd-4010-ab78-39c08984bd9c","local_time":"20190425092312","is_ascension_mode":true,"campfire_choices":[{"data":"Skewer","floor":6,"key":"SMITH"},{"data":"Deadly Poison","floor":8,"key":"SMITH"},{"data":"Neutralize","floor":10,"key":"SMITH"},{"data":"Catalyst","floor":15,"key":"SMITH"}],"neow_cost":"NONE","seed_source_timestamp":596177112446447,"circlet_count":0,"master_deck":["AscendersBane","Defend_G","Defend_G","Defend_G","Defend_G","Defend_G","Strike_G","Strike_G","Strike_G","Strike_G","Survivor","Neutralize+1","Deadly Poison+1","Dagger Throw","Skewer+1","Well Laid Plans","Poisoned Stab","Dash","Catalyst+1","Burst","Calculated Gamble","Bandage Up+1","Backflip","Tools of the Trade","Backflip+1","Pain","Tactician","Dagger Spray","Backflip"],"relics":["Ring of the Serpent","Golden Idol","The Courier","MawBank","Blue Candle","War Paint","WarpedTongs"],"potions_floor_usage":[12,12,12,18,23],"damage_taken":[{"damage":1,"enemies":"2 Louse","floor":1,"turns":3},{"damage":4,"enemies":"Small Slimes","floor":2,"turns":4},{"damage":1,"enemies":"Cultist","floor":4,"turns":4},{"damage":9,"enemies":"Large Slime","floor":11,"turns":5},{"damage":17,"enemies":"Gremlin Nob","floor":12,"turns":4},{"damage":20,"enemies":"Lagavulin","floor":14,"turns":7},{"damage":0,"enemies":"Hexaghost","floor":16,"turns":7},{"damage":6,"enemies":"Chosen","floor":18,"turns":7},{"damage":29,"enemies":"2 Thieves","floor":21,"turns":4},{"damage":36,"enemies":"Book of Stabbing","floor":23,"turns":6}],"seed_played":"-1830026902907061910","potions_obtained":[{"floor":2,"key":"EntropicBrew"},{"floor":4,"key":"SpeedPotion"},{"floor":16,"key":"Poison Potion"},{"floor":18,"key":"GamblersBrew"}],"is_trial":false,"path_per_floor":["?","?","M","?","?","M"],"character_chosen":"THE_SILENT","items_purchased":["Well Laid Plans","Poisoned Stab","Burst","Calculated Gamble","Bandage Up","Dagger Spray","Backflip"],"campfire_rested":0,"item_purchase_floors":[5,5,13,13,13,22,22],"current_hp_per_floor":[64,60,60,59,59,59,59,59,59,59,50,33,33,17,17,21,54,52,52,52,29,29,0],"gold":32,"neow_bonus":"TEN_PERCENT_HP_BONUS","is_prod":false,"is_daily":false,"chose_seed":false,"campfire_upgraded":4,"win_rate":0,"timestamp":1556173392,"path_taken":["M","M","?","M","$","R","?","R","T","R","?","E","$","E","R","BOSS","M","?","?","?","$","E"],"build_version":"2019-01-23","purchased_purges":2,"victory":false,"max_hp_per_floor":[72,72,65,65,65,65,65,65,65,65,65,65,65,65,65,65,65,65,65,65,65,65,65],"card_choices":[{"not_picked":["Prepared","Blade Dance"],"picked":"Deadly Poison","floor":1},{"not_picked":["Eviscerate","Wraith Form v2"],"picked":"Dagger Throw","floor":2},{"not_picked":["Prepared","Distraction"],"picked":"Skewer","floor":4},{"not_picked":["Heel Hook","Backflip"],"picked":"Dash","floor":11},{"not_picked":["Slice","Flechettes"],"picked":"Catalyst","floor":12},{"not_picked":["Expertise","Dodge and Roll"],"picked":"Backflip","floor":14},{"not_picked":["Bullet Time","Venomology"],"picked":"Tools of the Trade","floor":16},{"not_picked":["Riddle With Holes+1","Acrobatics"],"picked":"Backflip","floor":18},{"not_picked":["Accuracy","Quick Slash"],"picked":"Tactician","floor":21}],"player_experience":1861813,"relics_obtained":[{"floor":9,"key":"The Courier"},{"floor":12,"key":"MawBank"},{"floor":14,"key":"Blue Candle"}],"event_choices":[{"damage_healed":0,"gold_gain":0,"player_choice":"Lose Max HP","damage_taken":0,"relics_obtained":["Golden Idol"],"max_hp_gain":0,"max_hp_loss":7,"event_name":"Golden Idol","floor":3,"gold_loss":0},{"damage_healed":0,"gold_gain":275,"player_choice":"Desecrate","damage_taken":0,"max_hp_gain":0,"max_hp_loss":0,"event_name":"Golden Shrine","floor":7,"gold_loss":0,"cards_obtained":["Regret"]},{"damage_healed":0,"gold_gain":0,"player_choice":"Obtained Relic","damage_taken":0,"relics_obtained":["War Paint"],"max_hp_gain":0,"max_hp_loss":0,"event_name":"Addict","floor":19,"gold_loss":85},{"damage_healed":0,"gold_gain":0,"player_choice":"Rummage","damage_taken":0,"relics_obtained":["WarpedTongs"],"max_hp_gain":0,"max_hp_loss":0,"event_name":"Accursed Blacksmith","floor":20,"gold_loss":0,"cards_obtained":["Pain"]}],"is_beta":false,"boss_relics":[{"not_picked":["Calling Bell","Busted Crown"],"picked":"Ring of the Serpent"}],"items_purged_floors":[13,22],"is_endless":false,"potions_floor_spawned":[2,4,16,18,21],"killed_by":"Book of Stabbing","ascension_level":20}