{"gold_per_floor":[214,232,232,252,36,36,67,67,67,67,94,94,104,114,114,189,189,205,130,130,141,158,158,175,175,231,280,290,290],"floor_reached":29,"playtime":1296,"items_purged":[],"score":470,"play_id":"2e085bc7-bfe0-499d-aa31-723612a3abf0","local_time":"20190420183700","is_ascension_mode":true,"campfire_choices":[{"data":"Neutralize","floor":6,"key":"SMITH"},{"data":"Caltrops","floor":8,"key":"SMITH"},{"data":"Footwork","floor":10,"key":"SMITH"},{"data":"Well Laid Plans","floor":12,"key":"SMITH"},{"data":"Predator","floor":15,"key":"SMITH"},{"data":"Wraith Form v2","floor":23,"key":"SMITH"},{"floor":25,"key":"REST"}],"neow_cost":"NONE","seed_source_timestamp":197396162535716,"circlet_count":0,"master_deck":["AscendersBane","Defend_G","Defend_G","Defend_G","Defend_G","Defend_G","Strike_G","Strike_G","Strike_G","Survivor","Neutralize+1","Flying Knee","Footwork+1","Grand Finale","Caltrops+1","Well Laid Plans+1","Poisoned Stab","Predator+1","Wraith Form v2+1","Footwork","Noxious Fumes","Acrobatics+1","Bullet Time+1"],"relics":["Ring of the Snake","Oddly Smooth Stone","Toxic Egg 2","Mango","Orichalcum","Velvet Choker","Tiny Chest","Art of War"],"potions_floor_usage":[7,7,28],"damage_taken":[{"damage":2,"enemies":"Cultist","floor":1,"turns":5},{"damage":2,"enemies":"2 Louse","floor":2,"turns":5},{"damage":4,"enemies":"Small Slimes","floor":4,"turns":3},{"damage":19,"enemies":"Gremlin Nob","floor":7,"turns":4},{"damage":29,"enemies":"3 Sentries","floor":11,"turns":11},{"damage":0,"enemies":"Red Slaver","floor":13,"turns":6},{"damage":0,"enemies":"Blue Slaver","floor":14,"turns":5},{"damage":2,"enemies":"Hexaghost","floor":16,"turns":9},{"damage":14,"enemies":"2 Thieves","floor":18,"turns":4},{"damage":2,"enemies":"Chosen","floor":21,"turns":7},{"damage":11,"enemies":"Shelled Parasite and Fungi","floor":22,"turns":6},{"damage":14,"enemies":"3 Cultists","floor":24,"turns":4},{"damage":4,"enemies":"Centurion and Healer","floor":28,"turns":3},{"damage":35,"enemies":"Slavers","floor":29,"turns":3}],"seed_played":"-2819882203891931887","potions_obtained":[{"floor":2,"key":"Fire Potion"},{"floor":7,"key":"FearPotion"},{"floor":11,"key":"Explosive Potion"},{"floor":21,"key":"SteroidPotion"},{"floor":22,"key":"Weak Potion"},{"floor":28,"key":"LiquidBronze"}],"is_trial":false,"path_per_floor":["?","M","?","?","M","T","M"],"character_chosen":"THE_SILENT","items_purchased":["Oddly Smooth Stone","Fire Potion"],"campfire_rested":1,"item_purchase_floors":[5,5],"current_hp_per_floor":[57,55,55,51,51,51,32,32,46,46,17,17,17,17,17,15,64,50,50,42,40,29,29,15,39,39,39,35,0],"gold":290,"neow_bonus":"HUNDRED_GOLD","is_prod":false,"is_daily":false,"chose_seed":false,"campfire_upgraded":6,"win_rate":0,"timestamp":1555774620,"path_taken":["M","M","?","M","$","R","E","R","T","R","E","R","M","?","R","BOSS","M","?","?","?","M","R","M","R","T","?","?","E"],"build_version":"2019-01-23","purchased_purges":0,"victory":false,"max_hp_per_floor":[66,66,66,66,66,66,66,66,80,80,80,80,80,80,80,80,80,80,80,80,80,80,80,80,80,80,80,80,80],"card_choices":[{"not_picked":["Prepared","Heel Hook"],"picked":"Flying Knee","floor":1},{"not_picked":["Backstab","Prepared"],"picked":"Footwork","floor":2},{"not_picked":["Blade Dance","Sucker Punch","Bane"],"picked":"SKIP","floor":4},{"not_picked":["Envenom","Dagger Spray"],"picked":"Caltrops","floor":7},{"not_picked":["A Thousand Cuts","Concentrate+1"],"picked":"Well Laid Plans","floor":11},{"not_picked":["Cloak And Dagger+1","Quick Slash"],"picked":"Poisoned Stab","floor":13},{"not_picked":["Sucker Punch","Slice"],"picked":"Predator","floor":14},{"not_picked":["Unload","After Image"],"picked":"Wraith Form v2","floor":16},{"not_picked":["Acrobatics+1","Backflip+1"],"picked":"Footwork","floor":18},{"not_picked":["Acrobatics+1","Outmaneuver+1"],"picked":"Noxious Fumes","floor":21},{"not_picked":["Flying Knee","All Out Attack"],"picked":"Acrobatics+1","floor":22},{"not_picked":["Dagger Spray","Outmaneuver+1"],"picked":"Bullet Time+1","floor":24},{"not_picked":["Setup+1","Sucker Punch","Accuracy+1"],"picked":"SKIP","floor":28}],"player_experience":1769765,"relics_obtained":[{"floor":7,"key":"Toxic Egg 2"},{"floor":9,"key":"Mango"},{"floor":11,"key":"Orichalcum"},{"floor":26,"key":"Tiny Chest"},{"floor":27,"key":"Art of War"}],"event_choices":[{"damage_healed":0,"gold_gain":0,"cards_transformed":["Strike_G"],"player_choice":"Transformed","damage_taken":0,"max_hp_gain":0,"max_hp_loss":0,"event_name":"Transmorgrifier","floor":3,"gold_loss":0,"cards_obtained":["Grand Finale"]},{"cards_removed":["Strike_G"],"damage_healed":0,"gold_gain":0,"player_choice":"Gave Gold","damage_taken":0,"max_hp_gain":0,"max_hp_loss":0,"event_name":"Beggar","floor":19,"gold_loss":75},{"damage_healed":0,"gold_gain":0,"player_choice":"","damage_taken":8,"max_hp_gain":0,"max_hp_loss":0,"event_name":"Knowing Skull","floor":20,"potions_obtained":[],"gold_loss":0,"cards_obtained":[]}],"is_beta":false,"boss_relics":[{"not_picked":["Cursed Key","Philosopher\u0027s Stone"],"picked":"Velvet Choker"}],"items_purged_floors":[],"is_endless":false,"potions_floor_spawned":[2,7,11,16,21,22,28],"killed_by":"Slavers","ascension_level":20}