{"gold_per_floor":[114,114,137,162,176,176,212,212,212,227,227,227,246,266,266,387,387,387,57,57,57,57,57,57,0,0,0,0,0,0,0,0,0,0,0,0,0,0,0,0,0,0,0,0,0,0,0,0,0,0],"floor_reached":50,"playtime":5298,"items_purged":[],"score":653,"play_id":"54b7fced-970c-4eb2-aaa3-5785d30d8167","local_time":"20180724013239","is_ascension_mode":false,"campfire_choices":[{"data":"Deadly Poison","floor":6.0,"key":"SMITH"},{"data":"Dash","floor":12.0,"key":"SMITH"},{"floor":15.0,"key":"REST"},{"floor":23.0,"key":"REST"},{"floor":29.0,"key":"REST"},{"floor":32.0,"key":"REST"},{"data":"Noxious Fumes","floor":40,"key":"SMITH"},{"floor":44,"key":"REST"},{"floor":47,"key":"REST"},{"data":"Noxious Fumes","floor":49,"key":"SMITH"}],"neow_cost":"NONE","seed_source_timestamp":0,"circlet_count":0,"master_deck":["Defend_G","Defend_G","Defend_G","Defend_G","Defend_G","Strike_G","Strike_G","Strike_G","Strike_G","Strike_G","Survivor","Neutralize","Deadly Poison+1","Backflip","Dash+1","Prepared","Masterful Stab+1","Outmaneuver+1","Dash","Blur+1","Die Die Die","Concentrate+1","Well Laid Plans","Backflip","Noxious Fumes+1","Noxious Fumes","Noxious Fumes","Skewer+1","Outmaneuver","Noxious Fumes+1","Madness","Writhe","Well Laid Plans","Footwork+1"],"special_seed":0,"relics":["Ring of the Snake","Strawberry","Golden Idol","Darkstone Periapt","Question Card","Ectoplasm","Letter Opener","Matryoshka","Lizard Tail","Incense Burner","War Paint","Bottled Tornado","Red Mask"],"potions_floor_usage":[37,41,50],"damage_taken":[{"damage":2.0,"enemies":"Small Slimes","floor":1.0,"turns":7.0},{"damage":4.0,"enemies":"Jaw Worm","floor":3.0,"turns":4.0},{"damage":0.0,"enemies":"2 Louse","floor":4.0,"turns":2.0},{"damage":0.0,"enemies":"Looter","floor":5.0,"turns":4.0},{"damage":26.0,"enemies":"3 Sentries","floor":7.0,"turns":11.0},{"damage":2.0,"enemies":"Exordium Thugs","floor":10.0,"turns":6.0},{"damage":8.0,"enemies":"Large Slime","floor":13.0,"turns":8.0},{"damage":0.0,"enemies":"Red Slaver","floor":14.0,"turns":4.0},{"damage":28.0,"enemies":"The Guardian","floor":16.0,"turns":13.0},{"damage":11.0,"enemies":"Chosen","floor":18.0,"turns":6.0},{"damage":29.0,"enemies":"Spheric Guardian","floor":20.0,"turns":6.0},{"damage":8.0,"enemies":"Snake Plant","floor":21.0,"turns":6.0},{"damage":0.0,"enemies":"3 Cultists","floor":24.0,"turns":4.0},{"damage":32.0,"enemies":"Sentry and Sphere","floor":27.0,"turns":10.0},{"damage":11.0,"enemies":"Cultist and Chosen","floor":28.0,"turns":8.0},{"damage":12.0,"enemies":"Snake Plant","floor":30.0,"turns":6.0},{"damage":8.0,"enemies":"3 Cultists","floor":31.0,"turns":4.0},{"damage":34.0,"enemies":"Collector","floor":33.0,"turns":12.0},{"damage":12.0,"enemies":"Orb Walker","floor":35.0,"turns":5.0},{"damage":10.0,"enemies":"Flame Bruiser 1 Orb","floor":36.0,"turns":7.0},{"damage":16,"floor":37,"turns":8},{"damage":0,"enemies":"Giant Head","floor":41,"turns":1},{"damage":26,"enemies":"Maw","floor":42,"turns":9},{"damage":3,"enemies":"3 Darklings","floor":45,"turns":5},{"damage":145,"enemies":"Awakened One","floor":50,"turns":11}],"seed_played":"7689385511306467070","potions_obtained":[{"floor":3.0,"key":"Regen Potion"},{"floor":7.0,"key":"SteroidPotion"},{"floor":14.0,"key":"Explosive Potion"},{"floor":18.0,"key":"Ancient Potion"},{"floor":21.0,"key":"AttackPotion"},{"floor":22.0,"key":"Block Potion"},{"floor":27.0,"key":"Fire Potion"},{"floor":30.0,"key":"SmokeBomb"},{"floor":31.0,"key":"GhostInAJar"},{"floor":35.0,"key":"Energy Potion"},{"floor":36,"key":"Block Potion"},{"floor":42,"key":"Swift Potion"}],"is_trial":false,"path_per_floor":["M","?","M","M","M","R","E","?","T","M","?","R","M","M","R","B",null,"M","$","M","M","?","R","M","?","T","M","M","R","M","M","R","B",null,"M","M","?","?","?","R","E","M","T","R","M","?","R","?","R"],"character_chosen":"THE_SILENT","items_purchased":["Letter Opener","Well Laid Plans"],"campfire_rested":6,"item_purchase_floors":[19,19],"current_hp_per_floor":[75,75,71,71,71,71,45,38,38,36,36,36,43,43,66,38,77,66,66,37,29,29,52,52,52,52,20,9,32,20,12,35,1,77,65,55,39,39,64,64,64,38,38,62,59,59,83,83,83,0],"gold":0,"neow_bonus":"RANDOM_COMMON_RELIC","is_prod":false,"is_daily":false,"chose_seed":false,"campfire_upgraded":4,"win_rate":0.0,"timestamp":1532410359,"path_taken":["M","?","M","M","M","R","E","?","T","?","?","R","M","M","R","BOSS","M","$","M","M","?","R","M","?","T","M","M","R","M","M","R","BOSS","M","M","?","?","?","R","E","M","T","R","?","?","R","?","R","BOSS"],"build_version":"2018-07-19","purchased_purges":0,"victory":false,"max_hp_per_floor":[77,77,77,77,77,77,77,77,77,77,77,77,77,77,77,77,77,77,77,77,77,77,77,77,77,77,77,77,77,77,77,77,77,77,77,77,77,77,83,83,83,83,83,83,83,83,83,83,83,83],"card_choices":[{"not_picked":["Sucker Punch","Deflect"],"picked":"Deadly Poison","floor":1.0},{"not_picked":["PiercingWail","Endless Agony"],"picked":"Backflip","floor":3.0},{"not_picked":["PiercingWail","Prepared"],"picked":"Dash","floor":4.0},{"not_picked":["Underhanded Strike","Reflex"],"picked":"Prepared","floor":5.0},{"not_picked":["Setup","Heel Hook"],"picked":"Masterful Stab","floor":7.0},{"not_picked":["Storm of Steel","Dodge and Roll","Leg Sweep"],"picked":"Outmaneuver","floor":10.0},{"not_picked":["Poisoned Stab","Masterful Stab","Leg Sweep"],"picked":"Dash","floor":13.0},{"not_picked":["Backflip","Dagger Spray","Quick Slash"],"picked":"Blur","floor":14.0},{"not_picked":["Night Terror","Adrenaline","Phantasmal Killer"],"picked":"Die Die Die","floor":16.0},{"not_picked":["Infinite Blades+1","Eviscerate","Crippling Poison"],"picked":"Concentrate+1","floor":18.0},{"not_picked":["Cloak And Dagger","Dagger Throw","PiercingWail","Infinite Blades+1"],"picked":"SKIP","floor":20.0},{"not_picked":["Expertise+1","Deflect","Heel Hook","Concentrate"],"picked":"SKIP","floor":21.0},{"not_picked":["PiercingWail+1","Prepared","Masterful Stab"],"picked":"Backflip","floor":24.0},{"not_picked":["Sucker Punch","Footwork","Escape Plan"],"picked":"Noxious Fumes","floor":27.0},{"not_picked":["Prepared","Deflect+1","Doppelganger"],"picked":"Noxious Fumes","floor":28.0},{"not_picked":["Quick Slash","Bane+1","Blade Dance"],"picked":"Noxious Fumes","floor":30.0},{"not_picked":["Reflex+1","Acrobatics","Deflect","Dagger Throw+1"],"picked":"SKIP","floor":31.0},{"not_picked":["Backflip+1","Accuracy","Choke+1"],"picked":"Skewer+1","floor":35.0},{"not_picked":["Dagger Spray+1","Quick Slash","Blur"],"picked":"Outmaneuver","floor":36},{"not_picked":["Accuracy+1","Skewer","Outmaneuver+1"],"picked":"Noxious Fumes","floor":37},{"not_picked":["Finesse","Discovery","Swift Strike"],"picked":"Madness","floor":38},{"not_picked":["Slice","Bane+1","Prepared+1"],"picked":"Well Laid Plans","floor":42},{"not_picked":["Quick Slash+1","Tactician","Setup+1"],"picked":"Footwork+1","floor":45}],"player_experience":223647,"relics_obtained":[{"floor":7.0,"key":"Darkstone Periapt"},{"floor":9.0,"key":"Question Card"},{"floor":26.0,"key":"Matryoshka"},{"floor":37,"key":"Incense Burner"},{"floor":43,"key":"War Paint"},{"floor":43,"key":"Bottled Tornado"}],"event_choices":[{"event_name":"Golden Idol","player_choice":"Take Wound","floor":2.0,"damage_taken":0.0},{"event_name":"Golden Wing","player_choice":"Card Removal","floor":8.0,"damage_taken":0.0},{"event_name":"Living Wall","player_choice":"Grow","floor":11.0,"damage_taken":0.0},{"event_name":"The Lab","player_choice":"Got Potions","floor":22.0,"damage_taken":0.0},{"event_name":"Masked Bandits","player_choice":"Paid Bandits 57 gold","floor":25.0,"damage_taken":0.0},{"event_name":"MindBloom","player_choice":"Fight","floor":37,"damage_taken":0},{"event_name":"SensoryStone","player_choice":"Memory 1","floor":38,"damage_taken":0},{"event_name":"Winding Halls","player_choice":"Writhe","floor":39,"damage_taken":0},{"event_name":"NoteForYourself","player_choice":"Ignored","floor":46,"damage_taken":0},{"event_name":"Tomb of Lord Red Mask","player_choice":"Paid","floor":48,"damage_taken":0}],"is_beta":true,"boss_relics":[{"not_picked":["Fusion Hammer","Pandora\u0027s Box"],"picked":"Ectoplasm"},{"not_picked":["Runic Dome","Calling Bell"],"picked":"Lizard Tail"}],"items_purged_floors":[],"is_endless":false,"potions_floor_spawned":[3,7,14,18,21,27,30,31,35,36,42],"killed_by":"Awakened One","ascension_level":0}