{"gold_per_floor":[111,130,147,147,147,186,14,14,69,108,132,132,151,167,167,296,296,312,18,38,38,53,53],"floor_reached":23,"playtime":2507,"items_purged":["Strike_G"],"score":365,"play_id":"0bace554-2762-47d4-8df6-dc59a7681e9d","local_time":"20190410160329","is_ascension_mode":true,"campfire_choices":[{"floor":12,"key":"REST"},{"data":"Noxious Fumes","floor":15,"key":"SMITH"}],"neow_cost":"NONE","seed_source_timestamp":62335103296906,"circlet_count":0,"master_deck":["AscendersBane","Defend_G","Defend_G","Defend_G","Defend_G","Defend_G","Strike_G+1","Strike_G","Strike_G+1","Survivor","Neutralize+1","Sucker Punch","Quick Slash","Noxious Fumes+1","Deadly Poison","Backflip","Adrenaline","Malaise","Bane","Dagger Spray","All Out Attack","Corpse Explosion","Backflip","Well Laid Plans","Prepared"],"relics":["Ring of the Snake","Bloody Idol","Ancient Tea Set","Tiny Chest","Whetstone","Sozu","PreservedInsect"],"potions_floor_usage":[10,10,16],"damage_taken":[{"damage":0,"enemies":"2 Louse","floor":1,"turns":5},{"damage":4,"enemies":"Jaw Worm","floor":2,"turns":4},{"damage":0,"enemies":"Small Slimes","floor":3,"turns":4},{"damage":42,"enemies":"Gremlin Nob","floor":6,"turns":6},{"damage":5,"enemies":"3 Sentries","floor":10,"turns":10},{"damage":6,"enemies":"Exordium Wildlife","floor":11,"turns":4},{"damage":0,"enemies":"Large Slime","floor":13,"turns":6},{"damage":0,"enemies":"Blue Slaver","floor":14,"turns":3},{"damage":14,"enemies":"Slime Boss","floor":16,"turns":8},{"damage":15,"enemies":"Spheric Guardian","floor":18,"turns":4},{"damage":8,"enemies":"Chosen","floor":20,"turns":5},{"damage":8,"enemies":"Centurion and Healer","floor":22,"turns":5},{"damage":30,"enemies":"Slavers","floor":23,"turns":2}],"seed_played":"7475055714905992988","potions_obtained":[{"floor":1,"key":"Explosive Potion"},{"floor":2,"key":"SkillPotion"},{"floor":14,"key":"PowerPotion"}],"is_trial":false,"path_per_floor":["?","?","?","M","?"],"character_chosen":"THE_SILENT","items_purchased":["Backflip","Adrenaline","Well Laid Plans","PreservedInsect"],"campfire_rested":1,"item_purchase_floors":[7,7,19,19],"current_hp_per_floor":[63,59,59,52,52,10,10,31,31,26,20,39,39,39,39,25,55,40,40,32,32,29,0],"gold":53,"neow_bonus":"UPGRADE_CARD","is_prod":false,"is_daily":false,"chose_seed":false,"campfire_upgraded":1,"win_rate":0,"timestamp":1554908609,"path_taken":["M","M","M","?","?","E","$","?","T","E","?","R","M","M","R","BOSS","M","$","M","?","M","E"],"build_version":"2019-01-23","purchased_purges":1,"victory":false,"max_hp_per_floor":[70,70,70,70,65,65,65,65,65,65,65,65,65,65,65,65,65,65,65,65,65,65,65],"card_choices":[{"not_picked":["Accuracy","Backflip"],"picked":"Sucker Punch","floor":1},{"not_picked":["Accuracy","Underhanded Strike"],"picked":"Quick Slash","floor":2},{"not_picked":["Deflect","Quick Slash"],"picked":"Noxious Fumes","floor":3},{"not_picked":["Reflex","Sucker Punch"],"picked":"Deadly Poison","floor":6},{"not_picked":["Deadly Poison","Expertise"],"picked":"Malaise","floor":10},{"not_picked":["Blade Dance","Riddle With Holes"],"picked":"Bane","floor":11},{"not_picked":["Bane","Flying Knee"],"picked":"Dagger Spray","floor":13},{"not_picked":["Caltrops","Prepared"],"picked":"All Out Attack","floor":14},{"not_picked":["Doppelganger","Tools of the Trade"],"picked":"Corpse Explosion","floor":16},{"not_picked":["Underhanded Strike","Noxious Fumes"],"picked":"Backflip","floor":18},{"not_picked":["Slice","Infinite Blades"],"picked":"Prepared","floor":20},{"not_picked":["Heel Hook","Slice","Underhanded Strike"],"picked":"SKIP","floor":22}],"player_experience":536935,"relics_obtained":[{"floor":6,"key":"Ancient Tea Set"},{"floor":9,"key":"Tiny Chest"},{"floor":10,"key":"Whetstone"}],"event_choices":[{"cards_removed":["Strike_G"],"damage_healed":0,"gold_gain":0,"player_choice":"Card Removal","damage_taken":7,"max_hp_gain":0,"max_hp_loss":0,"event_name":"Golden Wing","floor":4,"gold_loss":0},{"damage_healed":0,"gold_gain":0,"player_choice":"Lose Max HP","damage_taken":0,"relics_obtained":["Golden Idol"],"max_hp_gain":0,"max_hp_loss":5,"event_name":"Golden Idol","floor":5,"gold_loss":0},{"damage_healed":21,"gold_gain":0,"player_choice":"Banana","damage_taken":0,"max_hp_gain":0,"max_hp_loss":0,"event_name":"Big Fish","floor":8,"gold_loss":0},{"damage_healed":0,"gold_gain":0,"player_choice":"Gave Idol","damage_taken":0,"relics_obtained":["Bloody Idol"],"max_hp_gain":0,"max_hp_loss":0,"event_name":"Forgotten Altar","floor":21,"relics_lost":["Golden Idol"],"gold_loss":0}],"is_beta":false,"boss_relics":[{"not_picked":["Busted Crown","Calling Bell"],"picked":"Sozu"}],"items_purged_floors":[19],"is_endless":false,"potions_floor_spawned":[1,2,3,14,20],"killed_by":"Slavers","ascension_level":12}