{"gold_per_floor":[116,133,133,152,72,72,97,97,97,132,146,159,99,99,99,99],"floor_reached":16,"playtime":1101,"items_purged":[],"score":220,"play_id":"36499300-b45c-4e5d-9c7f-05d403408885","local_time":"20190423133103","is_ascension_mode":true,"campfire_choices":[{"data":"Skewer","floor":6,"key":"SMITH"},{"data":"Deadly Poison","floor":8,"key":"SMITH"},{"floor":15,"key":"REST"}],"neow_cost":"NONE","seed_source_timestamp":438447097632922,"circlet_count":0,"master_deck":["AscendersBane","Defend_G","Defend_G","Defend_G","Defend_G","Defend_G","Strike_G","Strike_G","Strike_G","Strike_G","Strike_G","Survivor","Neutralize","Noxious Fumes+1","Deadly Poison+1","Choke","Skewer+1","Cloak And Dagger","Dagger Spray","Dodge and Roll","Dodge and Roll"],"relics":["Ring of the Snake","Bottled Flame","Thread and Needle","Happy Flower"],"potions_floor_usage":[7,16,16],"damage_taken":[{"damage":0,"enemies":"2 Louse","floor":1,"turns":4},{"damage":2,"enemies":"Jaw Worm","floor":2,"turns":5},{"damage":1,"enemies":"Small Slimes","floor":4,"turns":4},{"damage":24,"enemies":"Gremlin Nob","floor":7,"turns":4},{"damage":6,"enemies":"3 Sentries","floor":10,"turns":6},{"damage":23,"enemies":"Exordium Thugs","floor":11,"turns":4},{"damage":0,"enemies":"Looter","floor":12,"turns":2},{"damage":32,"enemies":"Slime Boss","floor":16,"turns":5}],"seed_played":"-5441325505258664917","potions_obtained":[{"floor":1,"key":"Weak Potion"},{"floor":7,"key":"SpeedPotion"},{"floor":11,"key":"Explosive Potion"},{"floor":12,"key":"AttackPotion"}],"is_trial":false,"path_per_floor":["?","?","?"],"character_chosen":"THE_SILENT","items_purchased":["Skewer"],"campfire_rested":1,"item_purchase_floors":[5],"current_hp_per_floor":[65,63,63,62,62,62,38,38,38,32,9,9,9,9,30,0],"gold":99,"neow_bonus":"TEN_PERCENT_HP_BONUS","is_prod":false,"is_daily":false,"chose_seed":false,"campfire_upgraded":2,"win_rate":0,"timestamp":1556015463,"path_taken":["M","M","?","M","$","R","E","R","T","E","M","M","?","?","R","BOSS"],"build_version":"2019-01-23","purchased_purges":0,"victory":false,"max_hp_per_floor":[72,72,72,72,72,72,72,72,72,72,72,72,72,72,72,72],"card_choices":[{"not_picked":["Slice","Deadly Poison"],"picked":"Noxious Fumes","floor":1},{"not_picked":["Dagger Throw","Concentrate"],"picked":"Deadly Poison","floor":2},{"not_picked":["Backflip","Distraction"],"picked":"Choke","floor":4},{"not_picked":["Masterful Stab","Dagger Throw"],"picked":"Cloak And Dagger","floor":7},{"not_picked":["Tools of the Trade","Deflect"],"picked":"Dagger Spray","floor":10},{"not_picked":["Slice","Sucker Punch"],"picked":"Dodge and Roll","floor":11},{"not_picked":["Outmaneuver","Bane"],"picked":"Dodge and Roll","floor":12}],"player_experience":1828691,"relics_obtained":[{"floor":7,"key":"Bottled Flame"},{"floor":9,"key":"Thread and Needle"},{"floor":10,"key":"Happy Flower"}],"event_choices":[{"damage_healed":0,"gold_gain":0,"player_choice":"Grow","damage_taken":0,"max_hp_gain":0,"max_hp_loss":0,"event_name":"Living Wall","floor":3,"gold_loss":0,"cards_upgraded":["Noxious Fumes"]},{"damage_healed":0,"gold_gain":0,"player_choice":"Left Gold","damage_taken":0,"max_hp_gain":0,"max_hp_loss":0,"event_name":"World of Goop","floor":13,"gold_loss":60},{"damage_healed":0,"gold_gain":0,"player_choice":"Searched \u00270\u0027 times","damage_taken":0,"max_hp_gain":0,"max_hp_loss":0,"event_name":"Dead Adventurer","floor":14,"gold_loss":0}],"is_beta":false,"boss_relics":[],"items_purged_floors":[],"is_endless":false,"potions_floor_spawned":[1,7,11,12],"killed_by":"Slime Boss","ascension_level":20}