{"gold_per_floor":[111,286,19,39,39,78,90,118,154,166,190,202,241,253,265,377,389,418,121,171,221,232,232],"floor_reached":23,"playtime":623,"items_purged":["Doubt","Strike_B"],"score":255,"play_id":"c80fac35-2c8c-47ea-bb9e-57398542c5fc","local_time":"20181222002143","is_ascension_mode":true,"campfire_choices":[{"floor":7,"key":"REST"},{"floor":10,"key":"REST"},{"data":"Zap","floor":12,"key":"SMITH"},{"data":"Redo","floor":15,"key":"SMITH"}],"neow_cost":"PERCENT_DAMAGE","seed_source_timestamp":10663659929300,"circlet_count":0,"master_deck":["Strike_B","Strike_B","Strike_B","Defend_B","Defend_B","Defend_B","Defend_B","Zap+1","Dualcast","Sweeping Beam","Turbo","Ball Lightning","Redo+1","Leap","Steam","Auto Shields","Echo Form","Storm+1","Static Discharge","Conserve Battery"],"relics":["Cracked Core","Ginger","Vajra","MawBank","Bottled Lightning","Juzu Bracelet","Pen Nib","SsserpentHead","Sozu","Mummified Hand"],"potions_floor_usage":[13,13,23],"damage_taken":[{"damage":6,"enemies":"2 Louse","floor":1,"turns":3},{"damage":8,"enemies":"Small Slimes","floor":4,"turns":3},{"damage":25,"enemies":"3 Sentries","floor":6,"turns":5},{"damage":1,"enemies":"Cultist","floor":8,"turns":3},{"damage":0,"enemies":"Blue Slaver","floor":11,"turns":2},{"damage":0,"enemies":"Gremlin Nob","floor":13,"turns":3},{"damage":44,"enemies":"Slime Boss","floor":16,"turns":9},{"damage":17,"enemies":"Chosen","floor":18,"turns":5},{"damage":17,"enemies":"Colosseum Slavers","floor":20,"turns":4},{"damage":15,"enemies":"Shell Parasite","floor":22,"turns":4},{"damage":30,"enemies":"Slavers","floor":23,"turns":3}],"seed_played":"6794360380699136118","potions_obtained":[{"floor":4,"key":"FearPotion"},{"floor":11,"key":"Weak Potion"},{"floor":13,"key":"SpeedPotion"}],"is_trial":false,"path_per_floor":["M","?","$","M","?","E","R","M","T","R","M","R","E","?","R","B",null,"M","$","?","?","M","E"],"character_chosen":"DEFECT","items_purchased":["Vajra","Turbo","Mummified Hand"],"campfire_rested":2,"item_purchase_floors":[3,3,19],"current_hp_per_floor":[48,48,48,40,37,12,34,33,33,55,55,55,55,55,55,11,75,58,58,41,41,26,0],"gold":232,"neow_bonus":"ONE_RARE_RELIC","is_prod":false,"is_daily":false,"chose_seed":false,"campfire_upgraded":2,"win_rate":0,"timestamp":1545456103,"path_taken":["M","?","$","M","?","E","R","M","T","R","M","R","E","?","R","BOSS","M","?","?","?","M","E"],"build_version":"2018-12-20","purchased_purges":2,"victory":false,"max_hp_per_floor":[75,75,75,75,75,75,75,75,75,75,75,75,75,75,75,75,75,75,75,75,75,75,75],"card_choices":[{"not_picked":["Beam Cell","BootSequence"],"picked":"Sweeping Beam","floor":1},{"not_picked":["Double Energy","Redo"],"picked":"Ball Lightning","floor":4},{"not_picked":["Rainbow","Hologram"],"picked":"Redo","floor":6},{"not_picked":["Coolheaded","Recycle"],"picked":"Leap","floor":8},{"not_picked":["Recycle","Chaos"],"picked":"Steam","floor":11},{"not_picked":["Streamline","Redo"],"picked":"Auto Shields","floor":13},{"not_picked":["Creative AI","Machine Learning"],"picked":"Echo Form","floor":16},{"not_picked":["Leap","Barrage"],"picked":"Storm+1","floor":18},{"not_picked":["Barrage","Stack"],"picked":"Conserve Battery","floor":22}],"player_experience":312670,"relics_obtained":[{"floor":6,"key":"Bottled Lightning"},{"floor":9,"key":"Juzu Bracelet"},{"floor":13,"key":"Pen Nib"}],"event_choices":[{"damage_healed":0,"gold_gain":175,"player_choice":"AGREE","damage_taken":0,"max_hp_gain":0,"max_hp_loss":0,"event_name":"Liars Game","floor":2,"gold_loss":0,"cards_obtained":["Doubt"]},{"damage_healed":0,"gold_gain":0,"player_choice":"Success","damage_taken":3,"relics_obtained":["MawBank"],"max_hp_gain":0,"max_hp_loss":0,"event_name":"Scrap Ooze","floor":5,"gold_loss":0},{"damage_healed":0,"gold_gain":0,"player_choice":"Trade","damage_taken":0,"relics_obtained":["SsserpentHead"],"max_hp_gain":0,"max_hp_loss":0,"event_name":"FaceTrader","floor":14,"gold_loss":0},{"damage_healed":0,"gold_gain":0,"player_choice":"Fight","damage_taken":0,"max_hp_gain":0,"max_hp_loss":0,"event_name":"Colosseum","floor":20,"gold_loss":0},{"damage_healed":0,"gold_gain":0,"player_choice":"Fled From Nobs","damage_taken":0,"max_hp_gain":0,"max_hp_loss":0,"event_name":"Colosseum","floor":20,"gold_loss":0},{"damage_healed":0,"gold_gain":0,"player_choice":"Read","damage_taken":0,"max_hp_gain":0,"max_hp_loss":0,"event_name":"The Library","floor":21,"gold_loss":0,"cards_obtained":["Static Discharge"]}],"is_beta":false,"boss_relics":[{"not_picked":["Runic Dome","Coffee Dripper"],"picked":"Sozu"}],"items_purged_floors":[3,19],"is_endless":false,"potions_floor_spawned":[4,11,13,20,22],"killed_by":"Slavers","ascension_level":3}