{"path_per_floor":["M","M","M","M","?","?","M","$","T","M","M","R","$","M","R","B",null,"M","?","T","M","M","R","E","M","T","R"],"character_chosen":"THE_SILENT","items_purchased":["Bandage Up","Bandage Up"],"gold_per_floor":[119,137,152,171,235,235,250,69,125,138,159,159,64,80,80,203,203,223,223,248,262,287,287,331,345,345,345,345],"floor_reached":28,"campfire_rested":1,"playtime":1602,"current_hp_per_floor":[63,58,58,58,58,58,58,58,58,50,52,52,52,49,49,54,70,70,70,70,58,61,61,31,27,27,48,0],"items_purged":["Injury"],"gold":345,"score":234,"play_id":"52b76d80-f948-4318-828b-a12ab0a95f6e","local_time":"20180428142112","is_prod":false,"is_daily":false,"chose_seed":false,"is_ascension_mode":false,"campfire_upgraded":3,"timestamp":1524939672,"path_taken":["M","M","M","M","?","?","M","$","T","M","M","R","$","M","R","BOSS","M","?","?","M","M","R","E","M","T","R","M"],"build_version":"2018-04-27v3","seed_source_timestamp":7933992954840,"purchased_purges":1,"victory":false,"master_deck":["Defend_G","Defend_G","Defend_G","Defend_G","Defend_G","Strike_G","Strike_G","Strike_G","Strike_G","Strike_G","Survivor","Neutralize","Caltrops+1","Backstab+1","Acrobatics","Dagger Spray","Caltrops+1","Bandage Up","Leg Sweep","Bandage Up","Caltrops","After Image","Terror+1","Deflect"],"max_hp_per_floor":[70,70,70,70,70,70,70,70,70,70,70,70,70,70,70,70,70,70,70,70,70,70,70,72,72,72,72,72],"relics":["Ring of the Snake","Golden Idol","Tiny Chest","Sozu","Snake Skull","Singing Bowl","Art of War"],"card_choices":[{"not_picked":["Slice","Underhanded Strike"],"picked":"Caltrops","floor":1},{"not_picked":["Prepared","Blur"],"picked":"Backstab","floor":2},{"not_picked":["Slice","Bane"],"picked":"Acrobatics","floor":3},{"not_picked":["Escape Plan","Endless Agony"],"picked":"Dagger Spray","floor":4},{"not_picked":["Bane","PiercingWail"],"picked":"Caltrops","floor":7},{"not_picked":["Dagger Throw","Underhanded Strike"],"picked":"Leg Sweep","floor":11},{"not_picked":["Blade Dance","Corpse Explosion"],"picked":"Caltrops","floor":14},{"not_picked":["Wraith Form v2","Envenom"],"picked":"After Image","floor":16},{"not_picked":["Backflip","Malaise"],"picked":"Terror","floor":21},{"not_picked":["Slice","Flying Knee"],"picked":"Deflect","floor":25}],"player_experience":161520,"potions_floor_usage":[16,24,24],"damage_taken":[{"damage":7,"enemies":"2 Louse","floor":1,"turns":4},{"damage":5,"enemies":"Small Slimes","floor":2,"turns":4},{"damage":0,"enemies":"Cultist","floor":3,"turns":3},{"damage":0,"enemies":"Looter","floor":4,"turns":4},{"damage":0,"enemies":"2 Fungi Beasts","floor":7,"turns":2},{"damage":12,"enemies":"Large Slime","floor":10,"turns":7},{"damage":2,"enemies":"Looter","floor":11,"turns":4},{"damage":11,"enemies":"Exordium Wildlife","floor":14,"turns":7},{"damage":3,"enemies":"Hexaghost","floor":16,"turns":9},{"damage":0,"enemies":"3 Byrds","floor":18,"turns":3},{"damage":19,"enemies":"Chosen","floor":21,"turns":8},{"damage":5,"enemies":"Snecko","floor":22,"turns":5},{"damage":40,"enemies":"Slavers","floor":24,"turns":6},{"damage":12,"enemies":"Centurion and Healer","floor":25,"turns":9},{"damage":65,"enemies":"Cultist and Chosen","floor":28,"turns":5}],"event_choices":[{"event_name":"Golden Wing","player_choice":"Gained Gold","floor":5,"damage_taken":0},{"event_name":"Golden Idol","player_choice":"Take Wound","floor":6,"damage_taken":0},{"event_name":"Ghosts","player_choice":"Ignored","floor":19,"damage_taken":0}],"boss_relics":[{"not_picked":["Philosopher\u0027s Stone","Calling Bell"],"picked":"Sozu"}],"potions_floor_spawned":[3,7,10,14,18,25],"seed_played":"-5087443555790906476","killed_by":"Cultist and Chosen","ascension_level":0,"is_trial":false}