{"gold_per_floor":[117,117,117,133,81,81,0,34,34,45,76,76,93,106,106,205,205,223,223,223,223,234,266,266,277,329,329,344,359,48,67,67,172,172,192,212,231,231,85,116,116,126,126,155,175,175,125,125,125,125],"floor_reached":51,"playtime":2784,"items_purged":["Normality","Decay"],"score":762,"play_id":"932bf858-f5bb-4de1-ada6-7d0120de72b7","local_time":"20190420164045","is_ascension_mode":false,"campfire_choices":[{"data":"Disarm","floor":6,"key":"SMITH"},{"data":"Armaments","floor":15,"key":"SMITH"},{"floor":24,"key":"REST"},{"floor":27,"key":"REST"},{"data":"1","floor":32,"key":"LIFT"},{"floor":41,"key":"REST"},{"data":"2","floor":46,"key":"LIFT"},{"data":"3","floor":49,"key":"LIFT"}],"neow_cost":"NONE","seed_source_timestamp":366964609647534,"circlet_count":0,"master_deck":["Strike_R","Strike_R","Strike_R","Strike_R","Strike_R","Defend_R+1","Defend_R","Defend_R+1","Defend_R","Bash","Armaments+1","Disarm+1","Armaments+1","Blind","Thunderclap","Thunderclap","Heavy Blade","Thunderclap","Sword Boomerang","Reaper","Doubt","Cleave","Inflame","Inflame","Exhume","Pommel Strike+1","Dropkick","Bandage Up","Dropkick+1","Exhume","Spot Weakness+1","Shrug It Off+1","Uppercut+1","Exhume","Heavy Blade+1"],"relics":["Burning Blood","Vajra","Gremlin Horn","Turnip","Red Skull","Happy Flower","Calling Bell","Bag of Marbles","Pantograph","Girya","Nilry\u0027s Codex","War Paint","Prayer Wheel","Dream Catcher","Lantern","Philosopher\u0027s Stone","Bronze Scales","Anchor","Smiling Mask","Orichalcum"],"potions_floor_usage":[8,25,29,29,29,29,33,33,33,33,37,37,37,37,40,40,44,50],"damage_taken":[{"damage":9,"enemies":"Jaw Worm","floor":1,"turns":4},{"damage":1,"enemies":"2 Louse","floor":4,"turns":2},{"damage":24,"enemies":"3 Sentries","floor":8,"turns":12},{"damage":0,"enemies":"Small Slimes","floor":10,"turns":3},{"damage":34,"enemies":"Gremlin Nob","floor":11,"turns":5},{"damage":0,"enemies":"Blue Slaver","floor":13,"turns":3},{"damage":0,"enemies":"Looter","floor":14,"turns":2},{"damage":12,"enemies":"The Guardian","floor":16,"turns":10},{"damage":6,"enemies":"Chosen","floor":18,"turns":4},{"damage":13,"enemies":"Shell Parasite","floor":22,"turns":10},{"damage":41,"enemies":"Book of Stabbing","floor":23,"turns":5},{"damage":28,"enemies":"Snecko","floor":25,"turns":6},{"damage":14,"enemies":"Sentry and Sphere","floor":28,"turns":5},{"damage":21,"enemies":"Snake Plant","floor":29,"turns":3},{"damage":17,"enemies":"Snecko","floor":31,"turns":4},{"damage":73,"enemies":"Collector","floor":33,"turns":8},{"damage":13,"enemies":"Orb Walker","floor":35,"turns":4},{"damage":16,"enemies":"3 Darklings","floor":36,"turns":3},{"damage":57,"enemies":"Spire Growth","floor":37,"turns":6},{"damage":66,"enemies":"Giant Head","floor":40,"turns":8},{"damage":3,"enemies":"4 Shapes","floor":42,"turns":3},{"damage":29,"enemies":"Reptomancer","floor":44,"turns":6},{"damage":13,"enemies":"Transient","floor":45,"turns":5},{"damage":95,"enemies":"Time Eater","floor":50,"turns":8}],"seed_played":"7628697578840527005","potions_obtained":[{"floor":1,"key":"Fire Potion"},{"floor":10,"key":"Ancient Potion"},{"floor":13,"key":"Ancient Potion"},{"floor":23,"key":"FearPotion"},{"floor":25,"key":"EntropicBrew"},{"floor":36,"key":"Swift Potion"},{"floor":42,"key":"Weak Potion"},{"floor":45,"key":"Regen Potion"}],"is_trial":false,"path_per_floor":["M","?","?","M","$","R","$","E","T","M","E","?","M","M","R","B",null,"M","?","?","T","M","E","R","M","T","R","M","M","$","M","R","B",null,"M","M","M","?","$","E","R","M","T","E","M","R","$","?","R","B",null],"character_chosen":"IRONCLAD","items_purchased":["Armaments","Blind","Lantern","Bandage Up","Bronze Scales"],"campfire_rested":3,"item_purchase_floors":[5,7,30,30,39],"current_hp_per_floor":[77,82,82,85,85,85,85,67,67,73,45,33,39,45,45,39,85,85,69,53,53,52,24,51,39,39,66,58,53,53,57,57,27,90,90,90,73,73,73,21,48,73,73,54,47,47,47,47,47,35],"gold":125,"neow_bonus":"RANDOM_COMMON_RELIC","is_prod":false,"is_daily":false,"chose_seed":false,"campfire_upgraded":2,"win_rate":0,"timestamp":1555792845,"path_taken":["M","?","?","M","$","R","$","E","T","M","E","?","M","M","R","BOSS","M","?","?","?","M","E","R","M","T","R","M","M","$","M","R","BOSS","M","M","M","?","$","E","R","M","T","E","?","R","$","?","R","BOSS"],"build_version":"2019-01-23","purchased_purges":2,"victory":true,"max_hp_per_floor":[80,85,85,85,85,85,85,85,85,85,85,85,85,85,85,85,85,85,85,90,90,90,90,90,90,90,90,90,90,90,90,90,90,90,90,90,90,90,90,90,90,90,90,90,90,90,90,90,90,90],"card_choices":[{"not_picked":["Ghostly Armor","Cleave"],"picked":"Armaments","floor":1},{"not_picked":["Burning Pact","Shrug It Off"],"picked":"Disarm","floor":4},{"not_picked":["Second Wind","Clothesline"],"picked":"Thunderclap","floor":8},{"not_picked":["Havoc","Immolate"],"picked":"Thunderclap","floor":10},{"not_picked":["Cleave","Perfected Strike"],"picked":"Heavy Blade","floor":11},{"not_picked":["Warcry","Perfected Strike"],"picked":"Thunderclap","floor":13},{"not_picked":["Rampage","Thunderclap"],"picked":"Sword Boomerang","floor":14},{"not_picked":["Berserk","Offering"],"picked":"Reaper","floor":16},{"not_picked":["Wild Strike","Carnage+1"],"picked":"Cleave","floor":18},{"not_picked":["Sword Boomerang+1","Perfected Strike"],"picked":"Inflame","floor":22},{"not_picked":["Rupture+1","Burning Pact","Bludgeon"],"picked":"SKIP","floor":23},{"not_picked":["Rage","Iron Wave"],"picked":"Inflame","floor":25},{"not_picked":["Twin Strike+1","Thunderclap","Shrug It Off"],"picked":"SKIP","floor":25},{"not_picked":["Headbutt","Anger"],"picked":"Exhume","floor":28},{"not_picked":["Hemokinesis","Wild Strike","Headbutt"],"picked":"SKIP","floor":28},{"not_picked":["Flex","Cleave"],"picked":"Pommel Strike+1","floor":29},{"not_picked":["Shrug It Off","Warcry+1"],"picked":"Dropkick","floor":29},{"not_picked":["Heavy Blade","Clash"],"picked":"Dropkick+1","floor":31},{"not_picked":["Havoc","Rupture+1","Carnage"],"picked":"SKIP","floor":31},{"not_picked":["Fiend Fire","Barricade"],"picked":"Exhume","floor":33},{"not_picked":["Warcry","Rage"],"picked":"Spot Weakness+1","floor":35},{"not_picked":["Cleave","Dual Wield"],"picked":"Shrug It Off+1","floor":35},{"not_picked":["Bloodletting+1","Anger"],"picked":"Uppercut+1","floor":36},{"not_picked":["True Grit","Entrench","Power Through"],"picked":"SKIP","floor":36},{"not_picked":["Headbutt","Combust+1","True Grit+1"],"picked":"SKIP","floor":37},{"not_picked":["Rampage+1","Havoc","Thunderclap"],"picked":"SKIP","floor":37},{"not_picked":["Wild Strike","Rampage+1"],"picked":"Exhume","floor":40},{"not_picked":["Combust+1","Battle Trance"],"picked":"Heavy Blade+1","floor":41},{"not_picked":["Pummel","Pommel Strike","Iron Wave+1"],"picked":"SKIP","floor":42},{"not_picked":["Clothesline","Anger","Thunderclap"],"picked":"SKIP","floor":42},{"not_picked":["Flex+1","Pummel","Metallicize"],"picked":"SKIP","floor":44},{"not_picked":["Battle Trance","Warcry","Feel No Pain"],"picked":"SKIP","floor":45},{"not_picked":["Anger","Thunderclap","Sentinel+1"],"picked":"SKIP","floor":45}],"player_experience":329735,"relics_obtained":[{"floor":8,"key":"Gremlin Horn"},{"floor":9,"key":"Turnip"},{"floor":11,"key":"Red Skull"},{"floor":17,"key":"Bag of Marbles"},{"floor":17,"key":"Pantograph"},{"floor":17,"key":"Girya"},{"floor":19,"key":"Nilry\u0027s Codex"},{"floor":21,"key":"War Paint"},{"floor":23,"key":"Prayer Wheel"},{"floor":26,"key":"Dream Catcher"},{"floor":40,"key":"Anchor"},{"floor":43,"key":"Smiling Mask"},{"floor":44,"key":"Orichalcum"}],"event_choices":[{"damage_healed":0,"gold_gain":0,"player_choice":"Donut","damage_taken":0,"max_hp_gain":5,"max_hp_loss":0,"event_name":"Big Fish","floor":2,"gold_loss":0},{"damage_healed":0,"gold_gain":0,"player_choice":"Grow","damage_taken":0,"max_hp_gain":0,"max_hp_loss":0,"event_name":"Living Wall","floor":3,"gold_loss":0,"cards_upgraded":["Armaments"]},{"damage_healed":0,"gold_gain":0,"player_choice":"Success","damage_taken":12,"relics_obtained":["Happy Flower"],"max_hp_gain":0,"max_hp_loss":0,"event_name":"Scrap Ooze","floor":12,"gold_loss":0},{"damage_healed":0,"gold_gain":0,"player_choice":"Obtained Book","damage_taken":16,"max_hp_gain":0,"max_hp_loss":0,"event_name":"Cursed Tome","floor":19,"gold_loss":0},{"damage_healed":0,"gold_gain":0,"player_choice":"Shed Blood","damage_taken":21,"max_hp_gain":5,"max_hp_loss":0,"event_name":"Forgotten Altar","floor":20,"gold_loss":0},{"damage_healed":0,"gold_gain":0,"player_choice":"Ignored","damage_taken":0,"max_hp_gain":0,"max_hp_loss":0,"event_name":"SecretPortal","floor":38,"gold_loss":0},{"damage_healed":0,"gold_gain":0,"player_choice":"Ignored","damage_taken":0,"max_hp_gain":0,"max_hp_loss":0,"event_name":"Fountain of Cleansing","floor":48,"gold_loss":0}],"is_beta":false,"boss_relics":[{"not_picked":["Pandora\u0027s Box","Orrery"],"picked":"Calling Bell"},{"not_picked":["Astrolabe","Coffee Dripper"],"picked":"Philosopher\u0027s Stone"}],"items_purged_floors":[30,47],"is_endless":false,"potions_floor_spawned":[1,10,13,23,25,33,36,42,45],"ascension_level":0}