{"gold_per_floor":[119,69,69,69,79,113,131,159,159,85,85,102,33,47,47,144,144,163,174,99,99,111,111,127,127],"floor_reached":25,"playtime":682,"items_purged":[],"score":238,"play_id":"cf389cfc-7b58-4efa-a43b-fc5f39cd1505","local_time":"20190411212621","is_ascension_mode":false,"campfire_choices":[{"data":"Loop","floor":15,"key":"SMITH"},{"floor":23,"key":"REST"}],"neow_cost":"NONE","seed_source_timestamp":40232832419349,"circlet_count":0,"master_deck":["Strike_B","Strike_B","Defend_B","Defend_B","Zap+1","Dualcast","Hologram","Go for the Eyes","Melter","Sweeping Beam","Coolheaded","Loop+1","Doom and Gloom","Streamline","Loop","Loop","Conserve Battery+1","Defragment","Cold Snap+1"],"relics":["Cracked Core","NeowsBlessing","NlothsMask","Letter Opener","Centennial Puzzle","Philosopher\u0027s Stone"],"potions_floor_usage":[12],"damage_taken":[{"damage":0,"enemies":"Cultist","floor":1,"turns":1},{"damage":0,"enemies":"Small Slimes","floor":5,"turns":1},{"damage":0,"enemies":"3 Sentries","floor":6,"turns":1},{"damage":11,"enemies":"Jaw Worm","floor":7,"turns":2},{"damage":26,"enemies":"Gremlin Nob","floor":8,"turns":4},{"damage":3,"enemies":"Lots of Slimes","floor":12,"turns":2},{"damage":12,"enemies":"Large Slime","floor":14,"turns":4},{"damage":16,"enemies":"The Guardian","floor":16,"turns":9},{"damage":0,"enemies":"Spheric Guardian","floor":18,"turns":1},{"damage":23,"enemies":"Shell Parasite","floor":19,"turns":4},{"damage":29,"enemies":"Chosen and Byrds","floor":22,"turns":5},{"damage":28,"enemies":"3 Cultists","floor":24,"turns":4},{"damage":22,"enemies":"Snake Plant","floor":25,"turns":1}],"seed_played":"6844949581205720658","potions_obtained":[{"floor":1,"key":"Explosive Potion"},{"floor":8,"key":"Dexterity Potion"},{"floor":12,"key":"LiquidBronze"},{"floor":14,"key":"Swift Potion"}],"is_trial":false,"path_per_floor":["M","?","?","?","M","E","M","E","T","$","?","M","$","M","R","B",null,"M","M","?","?","M","R","M","M"],"character_chosen":"DEFECT","items_purchased":["Loop","Loop"],"campfire_rested":1,"item_purchase_floors":[10,13],"current_hp_per_floor":[75,75,75,75,75,75,64,38,38,38,38,35,35,23,23,7,75,75,52,52,52,23,45,17,0],"gold":127,"neow_bonus":"THREE_ENEMY_KILL","is_prod":false,"is_daily":false,"chose_seed":false,"campfire_upgraded":1,"win_rate":0,"timestamp":1555032381,"path_taken":["M","?","?","?","M","E","?","E","T","$","?","M","$","M","R","BOSS","M","?","?","?","M","R","M","M"],"build_version":"2019-01-23","purchased_purges":0,"victory":false,"max_hp_per_floor":[75,75,75,75,75,75,75,75,75,75,75,75,75,75,75,75,75,75,75,75,75,75,75,75,75],"card_choices":[{"not_picked":["Aggregate","Compile Driver"],"picked":"Hologram","floor":1},{"not_picked":["Chaos","Turbo"],"picked":"Go for the Eyes","floor":5},{"not_picked":["Compile Driver","Sweeping Beam"],"picked":"Melter","floor":6},{"not_picked":["Rip and Tear","Darkness"],"picked":"Sweeping Beam","floor":7},{"not_picked":["Stack","Double Energy"],"picked":"Coolheaded","floor":8},{"not_picked":["Compile Driver","Auto Shields"],"picked":"Streamline","floor":12},{"not_picked":["Scrape","Coolheaded"],"picked":"Loop","floor":14},{"not_picked":["Streamline","Turbo","Storm"],"picked":"SKIP","floor":18},{"not_picked":["Undo","Lockon"],"picked":"Conserve Battery+1","floor":19},{"not_picked":["Darkness","Lockon"],"picked":"Defragment","floor":22},{"not_picked":["Gash","Consume"],"picked":"Cold Snap+1","floor":24}],"player_experience":299431,"relics_obtained":[{"floor":6,"key":"Letter Opener"},{"floor":8,"key":"Centennial Puzzle"}],"event_choices":[{"cards_removed":["Defend_B"],"damage_healed":0,"gold_gain":0,"player_choice":"Card Removal","damage_taken":0,"max_hp_gain":0,"max_hp_loss":0,"event_name":"The Cleric","floor":2,"gold_loss":50},{"damage_healed":0,"gold_gain":0,"player_choice":"Grow","damage_taken":0,"max_hp_gain":0,"max_hp_loss":0,"event_name":"Living Wall","floor":3,"gold_loss":0,"cards_upgraded":["Zap"]},{"damage_healed":0,"gold_gain":0,"player_choice":"Trade","damage_taken":0,"relics_obtained":["NlothsMask"],"max_hp_gain":0,"max_hp_loss":0,"event_name":"FaceTrader","floor":4,"gold_loss":0},{"damage_healed":0,"gold_gain":0,"cards_transformed":["Strike_B"],"player_choice":"Transformed","damage_taken":0,"max_hp_gain":0,"max_hp_loss":0,"event_name":"Transmorgrifier","floor":11,"gold_loss":0,"cards_obtained":["Doom and Gloom"]},{"cards_removed":["Strike_B"],"damage_healed":0,"gold_gain":0,"player_choice":"Gave Gold","damage_taken":0,"max_hp_gain":0,"max_hp_loss":0,"event_name":"Beggar","floor":20,"gold_loss":75},{"cards_removed":["Defend_B"],"damage_healed":0,"gold_gain":0,"player_choice":"Offered Basic","damage_taken":0,"max_hp_gain":0,"max_hp_loss":0,"event_name":"Bonfire Elementals","floor":21,"gold_loss":0}],"is_beta":false,"boss_relics":[{"not_picked":["Snecko Eye","Calling Bell"],"picked":"Philosopher\u0027s Stone"}],"items_purged_floors":[],"is_endless":false,"potions_floor_spawned":[1,8,12,14,16,18,22],"killed_by":"Snake Plant","ascension_level":0}