{"gold_per_floor":[109,109,128,278,278,278,305,43,66,95,110,4,31,45,45,119,119,137,137,153,164,31,56,56,81,150,190,221,248,287,299,311,401,413,438,550,163,163,180,208,208,232,232,232,20,31,31,58,58,58,58],"floor_reached":52,"playtime":2911,"items_purged":["Doubt","Strike_B","Strike_B"],"score":2268,"play_id":"d22af9a9-fa20-469a-ada1-ba233bfe28af","local_time":"20190418052844","is_ascension_mode":true,"campfire_choices":[{"data":"Fission","floor":6.0,"key":"SMITH"},{"data":"Genetic Algorithm","floor":15.0,"key":"SMITH"},{"floor":24.0,"key":"REST"},{"floor":32.0,"key":"RECALL"},{"data":"Strike_B","floor":41.0,"key":"PURGE"},{"data":"Strike_B","floor":44.0,"key":"PURGE"},{"data":"Defend_B","floor":47.0,"key":"PURGE"},{"data":"Capacitor","floor":49.0,"key":"SMITH"}],"neow_cost":"NONE","seed_source_timestamp":2983791966379,"circlet_count":0,"master_deck":["AscendersBane","Defend_B","Defend_B","Defend_B","Zap+1","Dualcast","Chill","Conserve Battery","Fission+1","Cold Snap","Rainbow","Gash","Genetic Algorithm+1","Rainbow","Gash","Fission+1","White Noise+1","Self Repair+1","Gash","Coolheaded","Leap","Compile Driver","Multi-Cast","Leap","Machine Learning","Hologram","Capacitor+1","White Noise+1","Electrodynamics","Meteor Strike"],"special_seed":0,"relics":["Cracked Core","NeowsBlessing","Smiling Mask","Cables","Bag of Preparation","Dream Catcher","Vajra","Black Star","Ginger","Bronze Scales","MawBank","Dead Branch","Tiny Chest","Darkstone Periapt","Lantern","Ancient Tea Set","Philosopher\u0027s Stone","Girya","Pear","Peace Pipe","Bag of Marbles","Question Card","Oddly Smooth Stone","DataDisk","PreservedInsect"],"potions_floor_usage":[50,50],"damage_taken":[{"damage":0.0,"enemies":"Jaw Worm","floor":1.0,"turns":1.0},{"damage":0.0,"enemies":"2 Louse","floor":3.0,"turns":1.0},{"damage":0.0,"enemies":"Gremlin Nob","floor":7.0,"turns":1.0},{"damage":0.0,"enemies":"3 Sentries","floor":10.0,"turns":9.0},{"damage":0.0,"enemies":"Cultist","floor":11.0,"turns":3.0},{"damage":0.0,"enemies":"Gremlin Nob","floor":13.0,"turns":3.0},{"damage":0.0,"enemies":"Large Slime","floor":14.0,"turns":4.0},{"damage":23.0,"enemies":"The Guardian","floor":16.0,"turns":11.0},{"damage":15.0,"enemies":"Shell Parasite","floor":18.0,"turns":4.0},{"damage":0.0,"enemies":"Spheric Guardian","floor":20.0,"turns":3.0},{"damage":0.0,"enemies":"Centurion and Healer","floor":21.0,"turns":6.0},{"damage":70.0,"enemies":"Slavers","floor":23.0,"turns":10.0},{"damage":20.0,"enemies":"Book of Stabbing","floor":25.0,"turns":5.0},{"damage":19.0,"enemies":"Slavers","floor":27.0,"turns":5.0},{"damage":0.0,"enemies":"Cultist and Chosen","floor":28.0,"turns":4.0},{"damage":0.0,"enemies":"3 Cultists","floor":29.0,"turns":5.0},{"damage":45.0,"enemies":"Automaton","floor":33.0,"turns":11.0},{"damage":0.0,"enemies":"Orb Walker","floor":35.0,"turns":3.0},{"damage":0.0,"enemies":"Mind Bloom Boss Battle","floor":36.0,"turns":3.0},{"damage":0.0,"enemies":"3 Darklings","floor":39.0,"turns":3.0},{"damage":0.0,"enemies":"Giant Head","floor":40.0,"turns":5.0},{"damage":0.0,"enemies":"4 Shapes","floor":46.0,"turns":4.0},{"damage":0.0,"enemies":"Nemesis","floor":48.0,"turns":3.0},{"damage":35,"enemies":"Time Eater","floor":50,"turns":8},{"damage":49,"enemies":"Donu and Deca","floor":51,"turns":9}],"seed_played":"4818915524908004019","potions_obtained":[{"floor":1.0,"key":"Strength Potion"},{"floor":11.0,"key":"Block Potion"},{"floor":13.0,"key":"Regen Potion"},{"floor":18.0,"key":"Regen Potion"},{"floor":23.0,"key":"Dexterity Potion"},{"floor":28.0,"key":"Poison Potion"},{"floor":46.0,"key":"Swift Potion"},{"floor":48.0,"key":"FocusPotion"}],"is_trial":false,"path_per_floor":["M","?","M","?","?","R","E","$","T","E","M","$","E","M","R","B",null,"M","?","M","M","$","E","R","E","T","E","M","M","T","?","R","B",null,"M","?","$","?","M","E","R","T","T","R","$","M","R","E","R","B","B",null],"character_chosen":"DEFECT","items_purchased":["Cables","Gash","Gash","Coolheaded","Leap","Capacitor","Pear","Oddly Smooth Stone"],"campfire_rested":1,"item_purchase_floors":[8,12,22,22,22,37,37,45],"current_hp_per_floor":[64,64,64,64,64,64,64,64,64,64,64,64,64,64,64,41,64,49,49,49,49,49,43,64,64,64,55,65,71,71,51,51,16,61,71,71,81,81,86,86,86,86,86,86,86,86,86,86,86,61,22],"gold":58,"neow_bonus":"THREE_ENEMY_KILL","is_prod":false,"is_daily":false,"chose_seed":false,"campfire_upgraded":3,"win_rate":0,"timestamp":1555558124,"path_taken":["M","?","M","?","?","R","E","$","T","E","?","$","E","M","R","BOSS","M","?","M","M","$","E","R","E","T","E","?","M","?","?","R","BOSS","M","?","$","?","M","E","R","?","T","R","$","M","R","E","R","BOSS","BOSS"],"build_version":"2019-04-04","purchased_purges":3,"victory":true,"max_hp_per_floor":[71,71,71,71,71,71,71,71,71,71,71,71,71,71,71,71,71,71,71,71,71,71,71,71,71,71,71,71,71,71,76,76,76,76,76,76,86,86,86,86,86,86,86,86,86,86,86,86,86,86,86],"card_choices":[{"not_picked":["Leap","Streamline"],"picked":"Chill","floor":1.0},{"not_picked":["Rebound","Force Field"],"picked":"Conserve Battery","floor":3.0},{"not_picked":["Steam","Reprogram"],"picked":"Rainbow","floor":7.0},{"not_picked":["Ball Lightning","Conserve Battery","Rebound"],"picked":"SKIP","floor":10.0},{"not_picked":["Conserve Battery","Turbo"],"picked":"Gash","floor":11.0},{"not_picked":["Auto Shields","Cold Snap"],"picked":"Genetic Algorithm","floor":13.0},{"not_picked":["Static Discharge","Rip and Tear","Ball Lightning"],"picked":"SKIP","floor":14.0},{"not_picked":["Thunder Strike","Hyperbeam"],"picked":"Rainbow","floor":16.0},{"not_picked":["Steam","Melter"],"picked":"Gash","floor":18.0},{"not_picked":["Reinforced Body","Coolheaded"],"picked":"White Noise+1","floor":20.0},{"not_picked":["Sweeping Beam","Redo"],"picked":"Self Repair+1","floor":21.0},{"not_picked":["Blizzard","Beam Cell"],"picked":"Compile Driver","floor":23.0},{"not_picked":["Redo","Cold Snap"],"picked":"Multi-Cast","floor":24.0},{"not_picked":["Sweeping Beam","Self Repair"],"picked":"Leap","floor":25.0},{"not_picked":["Coolheaded","Heatsinks","Blizzard"],"picked":"SKIP","floor":27.0},{"not_picked":["Sweeping Beam+1","Sunder","Stack"],"picked":"SKIP","floor":28.0},{"not_picked":["Turbo","Go for the Eyes","Barrage"],"picked":"SKIP","floor":29.0},{"not_picked":["Thunder Strike","Amplify"],"picked":"Machine Learning","floor":33.0},{"not_picked":["Reinforced Body+1","Leap"],"picked":"Hologram","floor":35.0},{"not_picked":["FTL","Conserve Battery"],"picked":"White Noise+1","floor":39.0},{"not_picked":["Cold Snap","Leap+1","Compile Driver+1"],"picked":"SKIP","floor":40.0},{"not_picked":["Hologram","Turbo","Compile Driver"],"picked":"Electrodynamics","floor":46.0},{"not_picked":["Tempest","Beam Cell+1","Machine Learning"],"picked":"Meteor Strike","floor":48.0}],"player_experience":1155011,"relics_obtained":[{"floor":7.0,"key":"Smiling Mask"},{"floor":9.0,"key":"Bag of Preparation"},{"floor":10.0,"key":"Dream Catcher"},{"floor":13.0,"key":"Vajra"},{"floor":23.0,"key":"Ginger"},{"floor":23.0,"key":"Bronze Scales"},{"floor":25.0,"key":"MawBank"},{"floor":25.0,"key":"Dead Branch"},{"floor":26.0,"key":"Tiny Chest"},{"floor":27.0,"key":"Darkstone Periapt"},{"floor":27.0,"key":"Lantern"},{"floor":30.0,"key":"Ancient Tea Set"},{"floor":36.0,"key":"Girya"},{"floor":40.0,"key":"Peace Pipe"},{"floor":40.0,"key":"Bag of Marbles"},{"floor":43.0,"key":"Question Card"},{"floor":48.0,"key":"DataDisk"},{"floor":48.0,"key":"PreservedInsect"}],"event_choices":[{"damage_healed":0.0,"max_hp_gain":0.0,"max_hp_loss":0.0,"gold_gain":0.0,"event_name":"Living Wall","player_choice":"Grow","floor":2.0,"gold_loss":0.0,"damage_taken":0.0,"cards_upgraded":["Zap"]},{"damage_healed":0.0,"max_hp_gain":0.0,"max_hp_loss":0.0,"gold_gain":150.0,"event_name":"Liars Game","player_choice":"AGREE","floor":4.0,"gold_loss":0.0,"damage_taken":0.0,"cards_obtained":["Doubt"]},{"damage_healed":0.0,"max_hp_gain":0.0,"max_hp_loss":0.0,"gold_gain":0.0,"event_name":"Match and Keep!","player_choice":"2 cards matched","floor":5.0,"gold_loss":0.0,"damage_taken":0.0,"cards_obtained":["Fission","Cold Snap"]},{"damage_healed":0.0,"max_hp_gain":0.0,"max_hp_loss":0.0,"gold_gain":0.0,"event_name":"Duplicator","player_choice":"Copied","floor":19.0,"gold_loss":0.0,"damage_taken":0.0,"cards_obtained":["Fission"]},{"damage_healed":0.0,"max_hp_gain":5.0,"max_hp_loss":0.0,"gold_gain":0.0,"event_name":"Forgotten Altar","player_choice":"Shed Blood","floor":31.0,"gold_loss":0.0,"damage_taken":25.0},{"damage_healed":0.0,"max_hp_gain":0.0,"max_hp_loss":0.0,"gold_gain":0.0,"event_name":"MindBloom","player_choice":"Fight","floor":36.0,"gold_loss":0.0,"damage_taken":0.0},{"cards_removed":["Gash"],"damage_healed":0.0,"max_hp_gain":0.0,"max_hp_loss":0.0,"gold_gain":0.0,"event_name":"Falling","player_choice":"Removed Attack","floor":38.0,"gold_loss":0.0,"damage_taken":0.0}],"is_beta":true,"boss_relics":[{"not_picked":["White Beast Statue","Eternal Feather"],"picked":"Black Star"},{"not_picked":["Tiny House","Coffee Dripper"],"picked":"Philosopher\u0027s Stone"}],"items_purged_floors":[12,37,45],"is_endless":false,"potions_floor_spawned":[1,11,13,18,23,28,40,46,48],"ascension_level":20}