{"path_per_floor":["M","M","?","?","?","R","M","M","T","R","M","$","M","M","R","B",null,"M","?","?","M","M","R","M","R","T","M","M","E","R","M","R","B",null,"M","$","?","?","T","E","?","T","T","$","M","M","E","?","R"],"character_chosen":"IRONCLAD","items_purchased":["Metallicize","Mummified Hand","Whirlwind"],"gold_per_floor":[111,130,130,205,205,205,221,234,257,257,269,196,207,224,224,320,320,337,337,287,297,308,308,320,320,320,331,351,383,383,395,395,492,492,511,190,0,0,30,61,61,61,130,130,141,151,186,186,186],"floor_reached":50,"campfire_rested":3,"playtime":4806,"current_hp_per_floor":[80,80,80,69,80,80,80,80,80,80,80,80,80,79,79,63,80,36,36,36,42,40,40,29,53,53,57,57,22,46,52,52,17,80,70,70,70,60,60,13,70,70,70,70,70,63,39,39,60],"items_purged":[],"gold":186,"play_id":"92c3aa69-681d-4d55-9f62-2659318badbb","is_prod":false,"is_daily":false,"is_ascension_mode":false,"campfire_upgraded":5,"path_taken":["M","M","?","?","?","R","M","M","T","R","M","$","M","M","R","BOSS","M","?","?","M","M","R","?","R","T","M","M","E","R","M","R","BOSS","M","$","?","?","?","E","?","?","T","?","?","M","E","?","R","BOSS"],"build_version":"2018-01-25-PROD3","purchased_purges":0,"victory":false,"master_deck":["Strike_R","Strike_R","Strike_R","Strike_R","Strike_R+1","Defend_R","Defend_R","Defend_R","Defend_R","Searing Blow+6","Shrug It Off","Headbutt","Metallicize","Headbutt","Barricade","Shrug It Off","Armaments","Juggernaut","Whirlwind","Madness","Madness"],"max_hp_per_floor":[80,80,80,80,80,80,80,80,80,80,80,80,80,80,80,80,80,80,80,80,80,80,80,80,80,80,80,80,80,80,80,80,80,80,80,80,80,80,80,80,70,70,70,70,70,70,70,70,70],"relics":["Burning Blood","Oddly Smooth Stone","Sozu","Thread and Needle","Bottled Lightning","Velvet Choker","Mummified Hand","Red Mask","Tiny Chest","Bronze Scales","Whetstone","Paper Frog","Toolbox"],"card_choices":[{"not_picked":["Corruption","Rage"],"picked":"Searing Blow"},{"not_picked":["Disarm","Fire Breathing"],"picked":"Shrug It Off"},{"not_picked":["Flex","Iron Wave"],"picked":"Headbutt"},{"not_picked":["Pummel","Fire Breathing"],"picked":"Headbutt"},{"not_picked":["Fiend Fire","Dark Embrace"],"picked":"Barricade"},{"not_picked":["True Grit","Warcry"],"picked":"Shrug It Off"},{"not_picked":["Reckless Charge","Rupture"],"picked":"Armaments"},{"not_picked":["Feed","Limit Break"],"picked":"Juggernaut"}],"player_experience":49073,"potions_floor_usage":[],"damage_taken":[{"damage":2.0,"enemies":"Small Slimes","floor":1.0,"turns":3.0},{"damage":6.0,"enemies":"Blue Slaver","floor":2.0,"turns":6.0},{"damage":0.0,"enemies":"Cultist","floor":7.0,"turns":3.0},{"damage":4.0,"enemies":"Exordium Wildlife","floor":8.0,"turns":4.0},{"damage":0.0,"enemies":"Exordium Thugs","floor":11.0,"turns":4.0},{"damage":2.0,"enemies":"3 Louse","floor":13.0,"turns":4.0},{"damage":7.0,"enemies":"Red Slaver","floor":14.0,"turns":3.0},{"damage":22.0,"enemies":"Slime Boss","floor":16.0,"turns":14.0},{"damage":50.0,"enemies":"2 Thieves","floor":18.0,"turns":4.0},{"damage":0,"enemies":"Chosen","floor":21,"turns":7},{"damage":8,"enemies":"Centurion and Healer","floor":22,"turns":7},{"damage":17,"enemies":"Snake Plant","floor":24,"turns":6},{"damage":2,"enemies":"Snecko","floor":27,"turns":5},{"damage":6,"enemies":"Slaver and Parasite","floor":28,"turns":8},{"damage":41,"enemies":"Gremlin Leader","floor":29,"turns":9},{"damage":0,"enemies":"3 Cultists","floor":31,"turns":5},{"damage":41,"enemies":"Automaton","floor":33,"turns":11},{"damage":16,"enemies":"3 Darklings","floor":35,"turns":7},{"damage":53,"enemies":"Giant Head","floor":40,"turns":8},{"damage":2,"enemies":"Orb Walker","floor":45,"turns":4},{"damage":13,"enemies":"Sphere and 2 Shapes","floor":46,"turns":7},{"damage":30,"enemies":"Nemesis","floor":47,"turns":10},{"damage":60,"enemies":"Time Eater","floor":50,"turns":7}],"event_choices":[{"event_name":"Bonfire Elementals","player_choice":"BASIC","floor":3.0,"damage_taken":0.0},{"event_name":"World of Goop","player_choice":"Gather Gold","floor":4.0,"damage_taken":0.0},{"event_name":"Wheel of Change","player_choice":"Full Heal","floor":5.0,"damage_taken":0.0},{"event_name":"Beggar","player_choice":"Ignored","floor":19.0,"damage_taken":0.0},{"event_name":"The Joust","player_choice":"Bet on Murderer","floor":20.0,"damage_taken":0.0},{"event_name":"Tomb of Lord Red Mask","player_choice":"Paid","floor":37,"damage_taken":0},{"event_name":"Winding Halls","player_choice":"Embrace Madness","floor":38,"damage_taken":0},{"event_name":"The Moai Head","player_choice":"Heal","floor":41,"damage_taken":0},{"event_name":"Mysterious Sphere","player_choice":"Ignore","floor":48,"damage_taken":0}],"boss_relics":[{"not_picked":["Astrolabe","Eternal Feather"],"picked":"Velvet Choker"}],"potions_floor_spawned":[1,2,7,21,22,28,33,45,47],"seed_played":"8037017019872810921","killed_by":"Time Eater","ascension_level":0,"is_trial":false}