{"gold_per_floor":[114,189,209,209,220,220,236,36,36,69,89,146,146],"floor_reached":13,"playtime":8463,"items_purged":[],"score":136,"play_id":"0289af32-bc6d-46c4-9a1b-9b3ae676182e","local_time":"20190321220235","is_ascension_mode":true,"campfire_choices":[{"floor":6,"key":"REST"}],"neow_cost":"NONE","seed_source_timestamp":0,"circlet_count":0,"master_deck":["Defend_G","Defend_G","Defend_G+1","Defend_G","Defend_G","Strike_G","Strike_G","Strike_G","Strike_G","Strike_G+1","Survivor","Neutralize","Caltrops","Footwork","Dagger Spray","Backflip","Quick Slash","Dagger Throw","Crippling Poison"],"special_seed":0,"relics":["Ring of the Snake","Bag of Preparation","Mercury Hourglass","Pear","Blood Vial"],"potions_floor_usage":[10],"damage_taken":[{"damage":7.0,"enemies":"2 Louse","floor":1.0,"turns":3.0},{"damage":1,"enemies":"Small Slimes","floor":3,"turns":5},{"damage":0,"enemies":"Cultist","floor":5,"turns":5},{"damage":10,"enemies":"Large Slime","floor":7,"turns":8},{"damage":8,"enemies":"Gremlin Nob","floor":10,"turns":5},{"damage":11,"enemies":"Gremlin Gang","floor":11,"turns":3},{"damage":17,"enemies":"Lagavulin Event","floor":12,"turns":8},{"damage":27,"enemies":"Lagavulin","floor":13,"turns":6}],"seed_played":"7856734975873725024","potions_obtained":[{"floor":3,"key":"SkillPotion"},{"floor":11,"key":"Strength Potion"},{"floor":12,"key":"FearPotion"}],"is_trial":false,"path_per_floor":["?","?","?"],"character_chosen":"THE_SILENT","items_purchased":["Backflip","Bag of Preparation"],"campfire_rested":1,"item_purchase_floors":[8,8],"current_hp_per_floor":[63,52,51,36,36,59,49,49,49,51,40,25,0],"gold":146,"neow_bonus":"TEN_PERCENT_HP_BONUS","is_prod":false,"is_daily":false,"chose_seed":false,"campfire_upgraded":0,"win_rate":0,"timestamp":1553205755,"path_taken":["M","?","M","?","M","R","M","$","T","E","M","?","E"],"build_version":"2019-01-23","purchased_purges":0,"victory":false,"max_hp_per_floor":[77,77,77,77,77,77,77,77,77,87,87,87,87],"card_choices":[{"not_picked":["Deflect","PiercingWail"],"picked":"Caltrops","floor":1},{"not_picked":["Slice","Dagger Throw"],"picked":"Footwork","floor":3},{"not_picked":["Endless Agony","Reflex"],"picked":"Dagger Spray","floor":5},{"not_picked":["Riddle With Holes","Underhanded Strike","Catalyst"],"picked":"SKIP","floor":7},{"not_picked":["Concentrate","Distraction"],"picked":"Quick Slash","floor":10},{"not_picked":["Blade Dance","Setup"],"picked":"Dagger Throw","floor":11},{"not_picked":["Dagger Spray","Backstab"],"picked":"Crippling Poison","floor":12}],"player_experience":256304,"relics_obtained":[{"floor":9,"key":"Mercury Hourglass"},{"floor":10,"key":"Pear"}],"event_choices":[{"damage_healed":0,"gold_gain":75,"player_choice":"Gather Gold","damage_taken":11,"max_hp_gain":0,"max_hp_loss":0,"event_name":"World of Goop","floor":2,"gold_loss":0},{"damage_healed":0,"gold_gain":0,"player_choice":"Entered Light","damage_taken":15,"max_hp_gain":0,"max_hp_loss":0,"event_name":"Shining Light","floor":4,"gold_loss":0,"cards_upgraded":["Strike_G","Defend_G"]},{"damage_healed":0,"gold_gain":0,"player_choice":"Searched \u00272\u0027 times","damage_taken":0,"relics_obtained":["Blood Vial"],"max_hp_gain":0,"max_hp_loss":0,"event_name":"Dead Adventurer","floor":12,"gold_loss":0}],"is_beta":false,"boss_relics":[],"items_purged_floors":[],"is_endless":false,"potions_floor_spawned":[3,11,12],"killed_by":"Lagavulin","ascension_level":6}