{"gold_per_floor":[115,64,80,92,92,92,105,105,105,105,105,130,140,160,160,261,261,279,279,2,2,18,43,43,62,111,123,151,174,200,412,424,436],"floor_reached":33,"playtime":1064,"items_purged":[],"score":415,"play_id":"b5c93e16-2b16-4e88-98a6-39c9ee991cde","local_time":"20190222165144","is_ascension_mode":true,"campfire_choices":[{"data":"Biased Cognition","floor":6,"key":"SMITH"},{"data":"Zap","floor":8,"key":"SMITH"},{"data":"Beam Cell","floor":11,"key":"SMITH"},{"floor":15,"key":"REST"},{"data":"Fission","floor":27,"key":"SMITH"},{"data":"Defragment","floor":32,"key":"SMITH"}],"neow_cost":"NONE","seed_source_timestamp":10921232937300,"circlet_count":0,"master_deck":["Strike_B","Strike_B","Strike_B","Strike_B","Defend_B","Defend_B","Defend_B","Defend_B","Zap+1","Dualcast","Beam Cell+1","Ball Lightning","Biased Cognition+1","Ball Lightning","BootSequence","Heatsinks","Conserve Battery","Seek","Ghostly","Ghostly","Ghostly","Ghostly","Ghostly","Defragment+1","Amplify","Necronomicurse","Fission+1","Shame"],"relics":["Cracked Core","Bird Faced Urn","Mummified Hand","Runic Pyramid","Necronomicon","Ancient Tea Set","Anchor","MawBank"],"potions_floor_usage":[12,16,23,33,33,33],"damage_taken":[{"damage":6,"enemies":"2 Louse","floor":1,"turns":3},{"damage":7,"enemies":"Jaw Worm","floor":3,"turns":3},{"damage":12,"enemies":"Small Slimes","floor":4,"turns":3},{"damage":3,"enemies":"Blue Slaver","floor":7,"turns":2},{"damage":15,"enemies":"3 Sentries","floor":12,"turns":5},{"damage":6,"enemies":"3 Louse","floor":13,"turns":3},{"damage":10,"enemies":"Exordium Wildlife","floor":14,"turns":3},{"damage":22,"enemies":"Slime Boss","floor":16,"turns":7},{"damage":0,"enemies":"Chosen","floor":18,"turns":2},{"damage":0,"enemies":"Spheric Guardian","floor":22,"turns":4},{"damage":1,"enemies":"Gremlin Leader","floor":23,"turns":5},{"damage":4,"enemies":"Centurion and Healer","floor":25,"turns":7},{"damage":13,"enemies":"Snecko","floor":28,"turns":5},{"damage":0,"enemies":"Sentry and Sphere","floor":29,"turns":5},{"damage":1,"enemies":"Centurion and Healer","floor":30,"turns":5},{"damage":51,"enemies":"Automaton","floor":33,"turns":6}],"seed_played":"-3088617544966360937","potions_obtained":[{"floor":0,"key":"Dexterity Potion"},{"floor":0,"key":"EntropicBrew"},{"floor":0,"key":"Poison Potion"},{"floor":1,"key":"FocusPotion"},{"floor":13,"key":"Dexterity Potion"},{"floor":16,"key":"Swift Potion"},{"floor":25,"key":"Fire Potion"}],"is_trial":false,"path_per_floor":["M","$","M","M","?","R","M","R","T","$","R","E","M","M","R","B",null,"M","?","$","?","M","E","?","M","T","R","M","M","M","?","R","B"],"character_chosen":"DEFECT","items_purchased":["Ball Lightning","Defragment","Amplify","PowerPotion"],"campfire_rested":1,"item_purchase_floors":[2,20,20,20],"current_hp_per_floor":[62,62,55,43,43,43,40,40,40,40,40,27,25,19,41,23,62,64,37,37,21,27,36,36,37,37,37,26,30,37,37,37,0],"gold":436,"neow_bonus":"THREE_SMALL_POTIONS","is_prod":false,"is_daily":false,"chose_seed":false,"campfire_upgraded":5,"win_rate":0,"timestamp":1550872304,"path_taken":["M","$","M","M","?","R","M","R","T","?","R","E","M","M","R","BOSS","M","?","$","?","M","E","?","M","T","R","M","?","M","?","R","BOSS"],"build_version":"2019-01-23","purchased_purges":0,"victory":false,"max_hp_per_floor":[75,75,75,75,75,75,75,75,75,75,75,75,75,75,75,75,75,75,37,37,37,37,37,37,37,37,37,37,37,37,37,37,37],"card_choices":[{"not_picked":["Redo","Compile Driver"],"picked":"Beam Cell","floor":1},{"not_picked":["Consume","Hologram"],"picked":"Biased Cognition","floor":3},{"not_picked":["Compile Driver","Blizzard"],"picked":"Ball Lightning","floor":4},{"not_picked":["Reprogram","Gash"],"picked":"BootSequence","floor":7},{"not_picked":["Darkness","Recycle"],"picked":"Heatsinks","floor":12},{"not_picked":["Stack","Leap"],"picked":"Conserve Battery","floor":13},{"not_picked":["FTL","Sunder","Steam"],"picked":"SKIP","floor":14},{"not_picked":["All For One","Machine Learning"],"picked":"Seek","floor":16},{"not_picked":["Blizzard+1","Go for the Eyes+1","Turbo"],"picked":"SKIP","floor":18},{"not_picked":["Stack","Steam","Cold Snap"],"picked":"SKIP","floor":22},{"not_picked":["Go for the Eyes","Sweeping Beam+1"],"picked":"Fission","floor":23},{"not_picked":["Tempest","Turbo","Cold Snap"],"picked":"SKIP","floor":25},{"not_picked":["Beam Cell+1","Leap+1","Chill+1"],"picked":"SKIP","floor":28},{"not_picked":["Fusion+1","Go for the Eyes","Darkness"],"picked":"SKIP","floor":29},{"not_picked":["Double Energy","Blizzard","Auto Shields"],"picked":"SKIP","floor":30}],"player_experience":479104,"relics_obtained":[{"floor":9,"key":"Bird Faced Urn"},{"floor":12,"key":"Mummified Hand"},{"floor":21,"key":"Necronomicon"},{"floor":23,"key":"Ancient Tea Set"},{"floor":26,"key":"MawBank"}],"event_choices":[{"damage_healed":0,"gold_gain":0,"player_choice":"Ignored","damage_taken":0,"max_hp_gain":0,"max_hp_loss":0,"event_name":"Liars Game","floor":5,"gold_loss":0},{"damage_healed":0,"gold_gain":0,"player_choice":"Became a Ghost","damage_taken":0,"max_hp_gain":0,"max_hp_loss":38,"event_name":"Ghosts","floor":19,"gold_loss":0,"cards_obtained":["Ghostly","Ghostly","Ghostly","Ghostly","Ghostly"]},{"damage_healed":0,"gold_gain":0,"player_choice":"Obtained Book","damage_taken":16,"max_hp_gain":0,"max_hp_loss":0,"event_name":"Cursed Tome","floor":21,"gold_loss":0},{"damage_healed":0,"gold_gain":0,"player_choice":"Stole Relic","damage_taken":0,"relics_obtained":["Anchor"],"max_hp_gain":0,"max_hp_loss":0,"event_name":"Addict","floor":24,"gold_loss":0,"cards_obtained":["Shame"]},{"damage_healed":0,"gold_gain":200,"player_choice":"Gold","damage_taken":0,"max_hp_gain":0,"max_hp_loss":0,"event_name":"Wheel of Change","floor":31,"gold_loss":0}],"is_beta":false,"boss_relics":[{"not_picked":["Eternal Feather","Calling Bell"],"picked":"Runic Pyramid"}],"items_purged_floors":[],"is_endless":false,"potions_floor_spawned":[1,7,13,16,22,25,29,30],"killed_by":"Automaton","ascension_level":9}