{"path_per_floor":["M","M","?","M","?","R","E","R","T","R","M","M","M","M","R","B",null,"M","M","$","M","?","R","M","R","T","E","R","?","R","?","R","B",null,"M","$","$","M","M","R","M","?","T","?","R","M","?","M","R"],"character_chosen":"DEFECT","items_purchased":["Ginger","Leap","Pantograph"],"gold_per_floor":[116,130,80,90,90,90,121,121,146,146,166,178,198,218,218,315,315,332,347,11,21,21,21,36,36,36,65,65,65,65,265,265,362,362,378,52,52,67,82,82,100,100,127,127,127,139,139,149,149,149],"floor_reached":50,"campfire_rested":5,"playtime":2330,"current_hp_per_floor":[69,66,66,66,66,66,50,50,50,50,50,50,50,50,50,37,75,75,67,67,48,48,48,23,47,47,12,36,36,60,60,60,12,83,52,52,52,52,33,58,26,74,74,74,74,12,12,3,25,0],"items_purged":["Regret"],"gold":149,"score":464,"play_id":"453d6cdc-5ca8-4f3f-ad81-ff3ac652dd20","local_time":"20180503200108","is_prod":false,"is_daily":false,"chose_seed":false,"is_ascension_mode":false,"campfire_upgraded":7,"timestamp":1525392068,"path_taken":["M","M","?","M","?","R","E","R","T","R","M","M","M","M","R","BOSS","M","M","$","M","?","R","M","R","T","E","R","?","R","?","R","BOSS","M","?","$","M","M","R","?","?","T","?","R","M","?","M","R","BOSS"],"build_version":"2018-05-02","seed_source_timestamp":9605128609255,"purchased_purges":1,"victory":false,"master_deck":["Strike_B","Strike_B","Strike_B","Defend_B","Defend_B","Defend_B","Zap+1","Dualcast","Buffer+1","Genetic Algorithm+1","Streamline+1","Melter","Defragment+1","Defragment+1","Ball Lightning","Defragment+1","Machine Learning+1","Leap+1","Leap","Seek","Writhe","Clumsy","Rebound+1","Stack+1","Capacitor+1","Turbo+1"],"max_hp_per_floor":[75,75,75,75,75,75,75,75,75,75,75,75,75,75,75,75,75,75,77,77,79,79,79,81,81,81,83,83,83,83,83,83,83,83,83,83,83,83,85,85,85,74,74,74,74,74,74,76,76,76],"relics":["Cracked Core","Anchor","Singing Bowl","Sozu","Ginger","Kunai","Pen Nib","Calling Bell","Art of War","Ornamental Fan","Thread and Needle","Pantograph","Juzu Bracelet"],"card_choices":[{"not_picked":["BootSequence","Steam Power"],"picked":"Buffer","floor":1},{"not_picked":["Rebound","Streamline"],"picked":"Genetic Algorithm","floor":2},{"not_picked":["Tempest","Consume"],"picked":"Streamline","floor":4},{"not_picked":["Stack","Streamline"],"picked":"Melter","floor":7},{"not_picked":["Rebound","Chill"],"picked":"Defragment","floor":11},{"not_picked":["Barrage","Melter"],"picked":"Defragment","floor":12},{"not_picked":["Turbo","Hologram"],"picked":"Ball Lightning","floor":13},{"not_picked":["Impulse","Coolheaded"],"picked":"Defragment","floor":14},{"not_picked":["Rainbow","Prime"],"picked":"Machine Learning","floor":16},{"not_picked":["Hologram","FTL"],"picked":"Leap","floor":18},{"not_picked":["Creative AI","Rainbow"],"picked":"Seek","floor":33},{"not_picked":["Tempest","Go for the Eyes"],"picked":"Rebound","floor":35},{"not_picked":["Barrage","Chill"],"picked":"Stack","floor":38},{"not_picked":["Cold Snap","Chill"],"picked":"Capacitor","floor":41},{"not_picked":["Cold Snap","Force Field"],"picked":"Turbo","floor":46}],"player_experience":195347,"potions_floor_usage":[24,27,50],"damage_taken":[{"damage":6,"enemies":"2 Louse","floor":1,"turns":3},{"damage":3,"enemies":"Small Slimes","floor":2,"turns":3},{"damage":0,"enemies":"Cultist","floor":4,"turns":4},{"damage":16,"enemies":"Lagavulin","floor":7,"turns":6},{"damage":0,"enemies":"Large Slime","floor":11,"turns":4},{"damage":0,"enemies":"Blue Slaver","floor":12,"turns":2},{"damage":0,"enemies":"Exordium Wildlife","floor":13,"turns":3},{"damage":0,"enemies":"2 Fungi Beasts","floor":14,"turns":4},{"damage":13,"enemies":"The Guardian","floor":16,"turns":7},{"damage":0,"enemies":"Chosen","floor":18,"turns":4},{"damage":10,"enemies":"2 Thieves","floor":19,"turns":4},{"damage":21,"enemies":"Snake Plant","floor":21,"turns":5},{"damage":27,"enemies":"Chosen and Byrds","floor":24,"turns":4},{"damage":46,"enemies":"Slavers","floor":27,"turns":7},{"damage":48,"enemies":"Champ","floor":33,"turns":10},{"damage":31,"enemies":"3 Shapes","floor":35,"turns":8},{"damage":0,"enemies":"3 Darklings","floor":38,"turns":6},{"damage":21,"enemies":"4 Shapes","floor":39,"turns":5},{"damage":32,"enemies":"Sphere and 2 Shapes","floor":41,"turns":6},{"damage":62,"enemies":"Flame Bruiser 2 Orb","floor":46,"turns":8},{"damage":11,"enemies":"3 Darklings","floor":48,"turns":7},{"damage":50,"enemies":"Donu and Deca","floor":50,"turns":7}],"event_choices":[{"event_name":"The Cleric","player_choice":"Card Removal","floor":3,"damage_taken":0},{"event_name":"Upgrade Shrine","player_choice":"Upgraded","floor":5,"damage_taken":0},{"event_name":"Beggar","player_choice":"Ignored","floor":22,"damage_taken":0},{"event_name":"Vampires","player_choice":"Ignored","floor":29,"damage_taken":0},{"event_name":"Wheel of Change","player_choice":"Gold","floor":31,"damage_taken":0},{"event_name":"The Moai Head","player_choice":"Heal","floor":42,"damage_taken":0},{"event_name":"Mysterious Sphere","player_choice":"Ignore","floor":47,"damage_taken":0}],"boss_relics":[{"not_picked":["Runic Dome","Runic Pyramid"],"picked":"Sozu"},{"not_picked":["Pandora\u0027s Box","Tiny House"],"picked":"Calling Bell"}],"potions_floor_spawned":[1,2,4,19,27,33,39,46,48],"seed_played":"-7693657981675607119","killed_by":"Donu and Deca","ascension_level":0,"is_trial":false}