{"gold_per_floor":[115,130,130,31,56,56,97,124,199,212,228,228,251,225,225,225],"floor_reached":16,"playtime":1315,"items_purged":["Injury"],"score":161,"play_id":"50fd2f15-8dd0-442e-a1de-851c4ff52437","local_time":"20190404181500","is_ascension_mode":true,"campfire_choices":[{"data":"Neutralize","floor":6,"key":"SMITH"},{"floor":12,"key":"REST"},{"floor":15,"key":"REST"}],"neow_cost":"NONE","seed_source_timestamp":261060076781813,"circlet_count":0,"master_deck":["AscendersBane","Defend_G","Defend_G","Defend_G","Defend_G","Defend_G","Strike_G","Strike_G","Strike_G","Strike_G","Strike_G","Survivor","Neutralize+1","Cloak And Dagger","Blade Dance","Dagger Spray","Sucker Punch","Backstab","Skewer","Quick Slash","PiercingWail","PiercingWail"],"relics":["Ring of the Snake","Ancient Tea Set","Golden Idol","Snake Skull","Dream Catcher","Gremlin Horn"],"potions_floor_usage":[7,16,16],"damage_taken":[{"damage":3,"enemies":"Cultist","floor":1,"turns":5},{"damage":2,"enemies":"Jaw Worm","floor":2,"turns":4},{"damage":5,"enemies":"2 Louse","floor":5,"turns":2},{"damage":28,"enemies":"Gremlin Nob","floor":7,"turns":5},{"damage":0,"enemies":"Looter","floor":10,"turns":3},{"damage":14,"enemies":"Exordium Wildlife","floor":11,"turns":4},{"damage":0,"enemies":"3 Louse","floor":13,"turns":3},{"damage":0,"enemies":"Exordium Thugs","floor":14,"turns":5},{"damage":54,"enemies":"Slime Boss","floor":16,"turns":13}],"seed_played":"-7029117943646090776","potions_obtained":[{"floor":5,"key":"GamblersBrew"},{"floor":10,"key":"Block Potion"},{"floor":11,"key":"PowerPotion"}],"is_trial":false,"path_per_floor":["M","?","T","M"],"character_chosen":"THE_SILENT","items_purchased":["Dagger Spray"],"campfire_rested":2,"item_purchase_floors":[4],"current_hp_per_floor":[60,58,58,58,53,53,25,25,25,25,11,32,32,32,53,0],"gold":225,"neow_bonus":"RANDOM_COMMON_RELIC","is_prod":false,"is_daily":false,"chose_seed":false,"campfire_upgraded":1,"win_rate":0,"timestamp":1554398100,"path_taken":["M","?","?","$","M","R","E","?","T","M","M","R","?","M","R","BOSS"],"build_version":"2019-01-23","purchased_purges":1,"victory":false,"max_hp_per_floor":[70,70,70,70,70,70,70,70,70,70,70,70,70,70,70,70],"card_choices":[{"not_picked":["Deadly Poison","Well Laid Plans"],"picked":"Cloak And Dagger","floor":1},{"not_picked":["Setup","Deflect"],"picked":"Blade Dance","floor":2},{"not_picked":["Heel Hook","Deadly Poison"],"picked":"Sucker Punch","floor":5},{"not_picked":["Blade Dance","Distraction"],"picked":"Backstab","floor":7},{"not_picked":["Prepared","Acrobatics"],"picked":"Skewer","floor":10},{"not_picked":["Deflect","Phantasmal Killer"],"picked":"Quick Slash","floor":11},{"not_picked":["Infinite Blades","Deadly Poison"],"picked":"PiercingWail","floor":12},{"not_picked":["Underhanded Strike","Expertise","Bane"],"picked":"SKIP","floor":13},{"not_picked":["Concentrate","Quick Slash","Eviscerate"],"picked":"SKIP","floor":14},{"not_picked":["Catalyst","Eviscerate"],"picked":"PiercingWail","floor":15}],"player_experience":452951,"relics_obtained":[{"floor":7,"key":"Snake Skull"},{"floor":8,"key":"Dream Catcher"},{"floor":9,"key":"Gremlin Horn"}],"event_choices":[{"damage_healed":0,"gold_gain":0,"player_choice":"Take Wound","damage_taken":0,"relics_obtained":["Golden Idol"],"max_hp_gain":0,"max_hp_loss":0,"event_name":"Golden Idol","floor":3,"gold_loss":0,"cards_obtained":["Injury"]}],"is_beta":false,"boss_relics":[],"items_purged_floors":[4],"is_endless":false,"potions_floor_spawned":[5,10,11],"killed_by":"Slime Boss","ascension_level":11}