{"gold_per_floor":[115,127,142,162,181,181,199,1,1,0,0,0,18,38,38,135,135,148,168,168],"floor_reached":20,"playtime":835,"items_purged":[],"score":179,"play_id":"58e19ed1-d767-4638-9e46-0309deb37da5","local_time":"20181023220516","is_ascension_mode":true,"campfire_choices":[{"data":"Static Discharge","floor":6,"key":"SMITH"},{"floor":11,"key":"REST"},{"data":"Sunder","floor":15,"key":"SMITH"}],"neow_cost":"NONE","seed_source_timestamp":14224951707600,"circlet_count":0,"master_deck":["Strike_B","Strike_B","Strike_B","Defend_B","Defend_B","Defend_B","Defend_B","Zap","Dualcast","Hologram","Heatsinks","Sweeping Beam","Static Discharge+1","Conserve Battery","Tempest","Sunder+1","Thunder Strike"],"relics":["FrozenCore","Runic Capacitor","Question Card"],"potions_floor_usage":[5,14,16,16,18],"damage_taken":[{"damage":6,"enemies":"2 Louse","floor":1,"turns":2},{"damage":0,"enemies":"Small Slimes","floor":2,"turns":3},{"damage":3,"enemies":"Jaw Worm","floor":3,"turns":3},{"damage":13,"enemies":"Blue Slaver","floor":4,"turns":4},{"damage":14,"enemies":"Exordium Wildlife","floor":5,"turns":5},{"damage":35,"enemies":"Exordium Thugs","floor":7,"turns":4},{"damage":5,"enemies":"2 Fungi Beasts","floor":13,"turns":5},{"damage":11,"enemies":"Red Slaver","floor":14,"turns":4},{"damage":26,"enemies":"Slime Boss","floor":16,"turns":9},{"damage":42,"enemies":"2 Thieves","floor":18,"turns":4},{"damage":27,"enemies":"3 Byrds","floor":19,"turns":5},{"damage":6,"enemies":"Snecko","floor":20,"turns":2}],"seed_played":"8025054972788950865","potions_obtained":[{"floor":1,"key":"Strength Potion"},{"floor":2,"key":"Regen Potion"},{"floor":7,"key":"Regen Potion"},{"floor":13,"key":"Fire Potion"},{"floor":14,"key":"Weak Potion"}],"is_trial":false,"path_per_floor":["M","M","M","M","M","R","M","$","T","?","R","?","M","M","R","B",null,"M","M"],"character_chosen":"DEFECT","items_purchased":["Runic Capacitor"],"campfire_rested":1,"item_purchase_floors":[8],"current_hp_per_floor":[69,69,66,53,53,53,18,18,18,18,40,65,60,61,61,35,75,33,6,0],"gold":168,"neow_bonus":"TRANSFORM_CARD","is_prod":false,"is_daily":false,"chose_seed":false,"campfire_upgraded":2,"win_rate":0,"timestamp":1540346716,"path_taken":["M","M","M","M","M","R","M","$","T","?","R","?","M","M","R","BOSS","M","M","M"],"build_version":"2018-10-22","purchased_purges":0,"victory":false,"max_hp_per_floor":[75,75,75,75,75,75,75,75,75,75,75,75,75,75,75,75,75,75,75,75],"card_choices":[{"not_picked":["Turbo","Go for the Eyes"],"picked":"Heatsinks","floor":1},{"not_picked":["Lockon","Cold Snap"],"picked":"Sweeping Beam","floor":2},{"not_picked":["Seek","Stack"],"picked":"Static Discharge","floor":3},{"not_picked":["Steam","Hologram","Sweeping Beam"],"picked":"SKIP","floor":4},{"not_picked":["Rip and Tear","Cold Snap"],"picked":"Conserve Battery","floor":5},{"not_picked":["Steam","Beam Cell"],"picked":"Tempest","floor":7},{"not_picked":["All For One","Beam Cell","Scrape"],"picked":"Sunder","floor":13},{"not_picked":["Streamline","Turbo","Compile Driver","Double Energy"],"picked":"SKIP","floor":14},{"not_picked":["Buffer","Seek","Meteor Strike"],"picked":"Thunder Strike","floor":16},{"not_picked":["Rebound","Recycle","Steam","Steam Power"],"picked":"SKIP","floor":18},{"not_picked":["Ball Lightning","Stack","Compile Driver","Redo"],"picked":"SKIP","floor":19}],"player_experience":241080,"relics_obtained":[{"floor":9,"key":"Question Card"}],"event_choices":[{"damage_healed":0,"gold_gain":0,"player_choice":"Left Gold","damage_taken":0,"max_hp_gain":0,"max_hp_loss":0,"event_name":"World of Goop","floor":10,"gold_loss":1},{"damage_healed":25,"gold_gain":0,"player_choice":"Banana","damage_taken":0,"max_hp_gain":0,"max_hp_loss":0,"event_name":"Big Fish","floor":12,"gold_loss":0}],"is_beta":true,"boss_relics":[{"not_picked":["Fusion Hammer","Inserter"],"picked":"FrozenCore"}],"items_purged_floors":[],"is_endless":false,"potions_floor_spawned":[1,2,7,13,14],"killed_by":"Snecko","ascension_level":1}