{"gold_per_floor":[110,110,126,139,139,139,154,79,79,97,128,128,145,174,174,246,246,266,276,276,293,307,307,337,347,347,379,379,414,432,450,450,524,524,534,1533,1533,1546,901,934,327,345,345,345,373,385,397,397,397,397,397,397,397,166,198,198],"floor_reached":56,"playtime":4030,"items_purged":["Pain","Strike_B","Strike_B","Parasite"],"score":1962,"play_id":"b3b4322c-3ecd-4c22-a71a-f866442c84e5","local_time":"20190418181730","is_ascension_mode":true,"campfire_choices":[{"data":"Hologram","floor":12.0,"key":"SMITH"},{"data":"Consume","floor":15.0,"key":"SMITH"},{"data":"White Noise","floor":23.0,"key":"SMITH"},{"floor":28.0,"key":"REST"},{"floor":32.0,"key":"REST"},{"floor":44.0,"key":"RECALL"},{"data":"Biased Cognition","floor":49.0,"key":"SMITH"},{"data":"Chill","floor":53.0,"key":"SMITH"}],"neow_cost":"NONE","seed_source_timestamp":2061500494494,"circlet_count":0,"master_deck":["AscendersBane","Strike_B","Strike_B","Defend_B","Defend_B","Defend_B","Defend_B","Zap+1","Dualcast","Steam","Ball Lightning","Glacier","Gash+1","Sweeping Beam","Hologram+1","Chill+1","Consume+1","Biased Cognition+1","Genetic Algorithm","White Noise+1","Blizzard","Blizzard","All For One+1","Cold Snap","Skim","White Noise","Core Surge","Hologram","Hologram+1","Defragment","Coolheaded","Go for the Eyes","Reprogram+1","BootSequence+1","Coolheaded+1","Defragment","Glacier"],"special_seed":0,"relics":["Cracked Core","WarpedTongs","Bird Faced Urn","DataDisk","Shuriken","Philosopher\u0027s Stone","Girya","Anchor","Omamori","Bag of Marbles","Sozu","Medical Kit","Ancient Tea Set","Centennial Puzzle","Kunai","ClockworkSouvenir","Strawberry","Thread and Needle","Question Card","Whetstone"],"potions_floor_usage":[56],"damage_taken":[{"damage":3.0,"enemies":"2 Louse","floor":1.0,"turns":2.0},{"damage":1.0,"enemies":"Cultist","floor":3.0,"turns":3.0},{"damage":10.0,"enemies":"Jaw Worm","floor":4.0,"turns":4.0},{"damage":16.0,"enemies":"Lots of Slimes","floor":7.0,"turns":4.0},{"damage":3.0,"enemies":"Blue Slaver","floor":10.0,"turns":3.0},{"damage":5.0,"enemies":"3 Sentries","floor":11.0,"turns":8.0},{"damage":0.0,"enemies":"Red Slaver","floor":13.0,"turns":1.0},{"damage":3.0,"enemies":"Gremlin Nob","floor":14.0,"turns":3.0},{"damage":4.0,"enemies":"The Guardian","floor":16.0,"turns":13.0},{"damage":3.0,"enemies":"Spheric Guardian","floor":18.0,"turns":4.0},{"damage":6.0,"enemies":"Shell Parasite","floor":19.0,"turns":6.0},{"damage":6.0,"enemies":"Snake Plant","floor":21.0,"turns":5.0},{"damage":0.0,"enemies":"3 Cultists","floor":22.0,"turns":5.0},{"damage":11.0,"enemies":"Slavers","floor":24.0,"turns":3.0},{"damage":0.0,"enemies":"Centurion and Healer","floor":25.0,"turns":7.0},{"damage":41.0,"enemies":"Book of Stabbing","floor":27.0,"turns":6.0},{"damage":14.0,"enemies":"Slavers","floor":29.0,"turns":7.0},{"damage":14.0,"enemies":"Cultist and Chosen","floor":30.0,"turns":7.0},{"damage":4.0,"enemies":"Chosen and Byrds","floor":31.0,"turns":6.0},{"damage":9.0,"enemies":"Champ","floor":33.0,"turns":30.0},{"damage":0.0,"enemies":"Orb Walker","floor":35.0,"turns":2.0},{"damage":2.0,"enemies":"3 Darklings","floor":38.0,"turns":7.0},{"damage":45.0,"enemies":"Nemesis","floor":40.0,"turns":9.0},{"damage":0.0,"enemies":"Spire Growth","floor":42.0,"turns":7.0},{"damage":8.0,"enemies":"Giant Head","floor":45.0,"turns":10.0},{"damage":0.0,"enemies":"Maw","floor":46.0,"turns":8.0},{"damage":0.0,"enemies":"Writhing Mass","floor":47.0,"turns":8.0},{"damage":18.0,"enemies":"Donu and Deca","floor":50.0,"turns":13.0},{"damage":15.0,"enemies":"Time Eater","floor":51.0,"turns":16.0},{"damage":50.0,"enemies":"Shield and Spear","floor":55.0,"turns":9.0},{"damage":36,"enemies":"The Heart","floor":56,"turns":3}],"seed_played":"-5793019428344288689","potions_obtained":[{"floor":7.0,"key":"AttackPotion"},{"floor":10.0,"key":"SteroidPotion"},{"floor":13.0,"key":"SteroidPotion"},{"floor":14.0,"key":"Energy Potion"},{"floor":16.0,"key":"SneckoOil"},{"floor":20.0,"key":"PowerPotion"},{"floor":20.0,"key":"Strength Potion"},{"floor":21.0,"key":"Dexterity Potion"},{"floor":24.0,"key":"Strength Potion"},{"floor":27.0,"key":"Fire Potion"},{"floor":29.0,"key":"FocusPotion"},{"floor":30.0,"key":"Weak Potion"},{"floor":33.0,"key":"EssenceOfSteel"}],"is_trial":false,"path_per_floor":["M","?","M","M","?","T","M","$","T","M","E","R","M","E","R","B",null,"M","M","?","M","M","R","E","M","T","E","R","E","M","M","R","B",null,"M","?","?","M","$","E","$","M","T","R","E","M","M","?","R","B","B",null,"R","$","E","B"],"character_chosen":"DEFECT","items_purchased":["Medical Kit","Ancient Tea Set","Centennial Puzzle","Defragment","ClockworkSouvenir","Strawberry","Coolheaded","Defragment"],"campfire_rested":2,"item_purchase_floors":[39,39,39,41,41,41,41,54],"current_hp_per_floor":[61,61,60,50,55,55,39,39,39,36,31,31,31,28,28,24,63,62,58,58,58,64,64,59,63,63,26,48,38,28,30,52,76,76,76,76,76,76,76,35,42,50,50,50,58,66,74,74,74,80,68,79,79,79,30,0],"gold":198,"neow_bonus":"UPGRADE_CARD","is_prod":false,"is_daily":false,"chose_seed":false,"campfire_upgraded":5,"win_rate":0,"timestamp":1555604250,"path_taken":["M","?","?","M","?","?","M","$","T","?","E","R","M","E","R","BOSS","M","M","?","M","M","R","E","M","T","E","R","E","M","?","R","BOSS","M","?","?","M","?","E","$","M","T","R","E","M","M","?","R","BOSS","BOSS","R","$","E","BOSS"],"build_version":"2019-04-04","purchased_purges":4,"victory":false,"max_hp_per_floor":[71,71,71,71,76,76,76,76,76,76,76,76,76,76,76,76,76,76,76,76,76,76,76,76,76,76,76,76,76,76,76,76,76,76,76,76,76,76,76,76,83,83,83,83,83,83,83,83,83,83,83,83,83,80,80,80],"card_choices":[{"not_picked":["Beam Cell","Turbo"],"picked":"Steam","floor":1.0},{"not_picked":["Streamline","Hologram"],"picked":"Ball Lightning","floor":3.0},{"not_picked":["Chaos","Hologram"],"picked":"Glacier","floor":4.0},{"not_picked":["Loop","Streamline"],"picked":"Gash","floor":7.0},{"not_picked":["Stack","Chaos"],"picked":"Sweeping Beam","floor":10.0},{"not_picked":["Blizzard","Go for the Eyes"],"picked":"Hologram","floor":11.0},{"not_picked":["Streamline","Sweeping Beam"],"picked":"Chill","floor":13.0},{"not_picked":["Steam","Tempest"],"picked":"Consume","floor":14.0},{"not_picked":["Rainbow","Reboot"],"picked":"Biased Cognition","floor":16.0},{"not_picked":["Go for the Eyes","Steam"],"picked":"Genetic Algorithm","floor":18.0},{"not_picked":["Conserve Battery","Barrage"],"picked":"White Noise","floor":19.0},{"not_picked":["Coolheaded","Stack"],"picked":"Blizzard","floor":21.0},{"not_picked":["Consume","Leap","Scrape"],"picked":"SKIP","floor":22.0},{"not_picked":["White Noise","Fusion"],"picked":"Blizzard","floor":24.0},{"not_picked":["Redo","Skim"],"picked":"All For One","floor":25.0},{"not_picked":["Skim","Ball Lightning"],"picked":"Cold Snap","floor":27.0},{"not_picked":["Rip and Tear","Turbo"],"picked":"Skim","floor":29.0},{"not_picked":["Scrape","Sweeping Beam"],"picked":"White Noise","floor":30.0},{"not_picked":["Melter","Barrage","Consume"],"picked":"SKIP","floor":31.0},{"not_picked":["Electrodynamics","All For One"],"picked":"Core Surge","floor":33.0},{"not_picked":["Redo","Hologram","Undo"],"picked":"SKIP","floor":35.0},{"not_picked":["Redo","Undo"],"picked":"Hologram","floor":35.0},{"not_picked":["Self Repair","Streamline","Stack"],"picked":"SKIP","floor":38.0},{"not_picked":["Genetic Algorithm","Auto Shields+1"],"picked":"Hologram+1","floor":40.0},{"not_picked":["Cold Snap+1","Conserve Battery"],"picked":"Go for the Eyes","floor":42.0},{"not_picked":["Sweeping Beam","Barrage"],"picked":"Reprogram+1","floor":45.0},{"not_picked":["Rebound","Hologram","Beam Cell"],"picked":"BootSequence+1","floor":46.0},{"not_picked":["Rebound","Beam Cell","Steam"],"picked":"Coolheaded+1","floor":47.0},{"not_picked":["Rainbow","Thunder Strike","Turbo"],"picked":"Glacier","floor":55.0}],"player_experience":1157922,"relics_obtained":[{"floor":9.0,"key":"Bird Faced Urn"},{"floor":11.0,"key":"DataDisk"},{"floor":14.0,"key":"Shuriken"},{"floor":24.0,"key":"Girya"},{"floor":26.0,"key":"Anchor"},{"floor":27.0,"key":"Omamori"},{"floor":29.0,"key":"Bag of Marbles"},{"floor":40.0,"key":"Kunai"},{"floor":43.0,"key":"Thread and Needle"},{"floor":45.0,"key":"Question Card"},{"floor":55.0,"key":"Whetstone"}],"event_choices":[{"damage_healed":0.0,"max_hp_gain":0.0,"max_hp_loss":0.0,"gold_gain":0.0,"event_name":"Accursed Blacksmith","player_choice":"Rummage","floor":2.0,"gold_loss":0.0,"damage_taken":0.0,"relics_obtained":["WarpedTongs"],"cards_obtained":["Pain"]},{"damage_healed":0.0,"max_hp_gain":5.0,"max_hp_loss":0.0,"gold_gain":0.0,"event_name":"Big Fish","player_choice":"Donut","floor":5.0,"gold_loss":0.0,"damage_taken":0.0},{"damage_healed":0.0,"max_hp_gain":0.0,"max_hp_loss":0.0,"gold_gain":0.0,"event_name":"Lab","player_choice":"Got Potions","floor":20.0,"gold_loss":0.0,"damage_taken":0.0},{"damage_healed":0.0,"max_hp_gain":0.0,"max_hp_loss":0.0,"gold_gain":999.0,"event_name":"MindBloom","player_choice":"Gold","floor":36.0,"gold_loss":0.0,"damage_taken":0.0,"cards_obtained":["Normality","Normality"]},{"damage_healed":0.0,"max_hp_gain":0.0,"max_hp_loss":0.0,"gold_gain":0.0,"event_name":"Mysterious Sphere","player_choice":"Ignored","floor":37.0,"gold_loss":0.0,"damage_taken":0.0},{"damage_healed":0.0,"max_hp_gain":0.0,"max_hp_loss":0.0,"gold_gain":0.0,"event_name":"Tomb of Lord Red Mask","player_choice":"Ignored","floor":48.0,"gold_loss":0.0,"damage_taken":0.0}],"is_beta":true,"boss_relics":[{"not_picked":["Velvet Choker","Runic Pyramid"],"picked":"Philosopher\u0027s Stone"},{"not_picked":["Black Star","Tiny House"],"picked":"Sozu"}],"items_purged_floors":[8,39,41,54],"is_endless":false,"potions_floor_spawned":[7,10,13,14,16,21,24,27,29,30,33,38,40],"killed_by":"The Heart","ascension_level":20}