{"gold_per_floor":[112,112,128,140,93,93,124,134,134,134,165,165,195,208,208,312,312,327,346,43,59,59,92,110,110,110,141,141,141,3,36,36,36],"floor_reached":33,"playtime":1194,"items_purged":[],"score":452,"play_id":"bd81904a-654a-4123-b4aa-75244abbb06e","local_time":"20190207234652","is_ascension_mode":true,"campfire_choices":[{"data":"Dualcast","floor":6.0,"key":"SMITH"},{"data":"Sunder","floor":10.0,"key":"SMITH"},{"floor":15.0,"key":"REST"},{"floor":25.0,"key":"REST"},{"floor":28.0,"key":"REST"},{"data":"Chill","floor":32.0,"key":"SMITH"}],"neow_cost":"NONE","seed_source_timestamp":49414834302900,"circlet_count":0,"master_deck":["Strike_B+1","Strike_B+1","Strike_B+1","Strike_B+1","Defend_B+1","Defend_B+1","Defend_B+1","Defend_B+1","Zap+1","Dualcast+1","Static Discharge","Sweeping Beam","Rip and Tear","Cold Snap","Sunder+1","Storm","Amplify","Cold Snap","Electrodynamics","Loop","Self Repair+1","Glacier+1","Machine Learning","Chill+1","Tempest"],"special_seed":0,"relics":["Cracked Core","Strawberry","Potion Belt","Mummified Hand","Ginger","Inserter","Membership Card","PreservedInsect","Bag of Marbles","Mercury Hourglass","Ancient Tea Set","CultistMask","DataDisk","Regal Pillow"],"potions_floor_usage":[33],"damage_taken":[{"damage":1.0,"enemies":"Small Slimes","floor":1.0,"turns":3.0},{"damage":0.0,"enemies":"Cultist","floor":3.0,"turns":4.0},{"damage":9.0,"enemies":"Jaw Worm","floor":4.0,"turns":4.0},{"damage":16.0,"enemies":"Gremlin Nob","floor":7.0,"turns":3.0},{"damage":8.0,"enemies":"Lots of Slimes","floor":8.0,"turns":2.0},{"damage":7.0,"enemies":"Lagavulin","floor":11.0,"turns":4.0},{"damage":28.0,"enemies":"3 Sentries","floor":13.0,"turns":6.0},{"damage":3.0,"enemies":"2 Fungi Beasts","floor":14.0,"turns":3.0},{"damage":3.0,"enemies":"Slime Boss","floor":16.0,"turns":6.0},{"damage":4.0,"enemies":"3 Byrds","floor":18.0,"turns":3.0},{"damage":2.0,"enemies":"Chosen","floor":19.0,"turns":5.0},{"damage":19.0,"enemies":"Snake Plant","floor":21.0,"turns":3.0},{"damage":23.0,"enemies":"Book of Stabbing","floor":23.0,"turns":4.0},{"damage":23.0,"enemies":"Centurion and Healer","floor":24.0,"turns":4.0},{"damage":35.0,"enemies":"Slavers","floor":27.0,"turns":3.0},{"damage":0.0,"enemies":"Gremlin Leader","floor":31.0,"turns":2.0},{"damage":69,"enemies":"Automaton","floor":33,"turns":6}],"seed_played":"2019085870957273381","potions_obtained":[{"floor":1.0,"key":"Energy Potion"},{"floor":2.0,"key":"EntropicBrew"},{"floor":2.0,"key":"GamblersBrew"},{"floor":13.0,"key":"Poison Potion"},{"floor":14.0,"key":"Poison Potion"},{"floor":16.0,"key":"PowerPotion"},{"floor":18.0,"key":"Fire Potion"},{"floor":24.0,"key":"AttackPotion"},{"floor":31.0,"key":"Weak Potion"}],"is_trial":false,"path_per_floor":["M","?","M","M","$","R","E","M","T","R","E","?","E","M","R","B",null,"M","M","$","M","?","E","M","R","T","E","R","?","$","E","R","B"],"character_chosen":"DEFECT","items_purchased":["Cold Snap","Membership Card","Loop","PreservedInsect","DataDisk","Chill","PowerPotion"],"campfire_rested":3,"item_purchase_floors":[5,20,20,20,30,30,30],"current_hp_per_floor":[67,67,67,58,58,58,49,41,41,41,34,61,33,30,54,51,74,70,68,68,49,49,36,23,47,47,32,56,56,56,66,66,0],"gold":36,"neow_bonus":"UPGRADE_CARD","is_prod":false,"is_daily":false,"chose_seed":false,"campfire_upgraded":3,"win_rate":0,"timestamp":1549601212,"path_taken":["M","?","M","M","?","R","E","M","T","R","E","?","E","?","R","BOSS","M","?","$","M","?","E","M","R","T","E","R","?","$","E","R","BOSS"],"build_version":"2019-01-23","purchased_purges":0,"victory":false,"max_hp_per_floor":[75,75,75,75,75,75,82,82,82,82,82,82,82,82,82,82,82,82,82,82,82,82,82,82,82,82,82,82,82,82,82,82,82],"card_choices":[{"not_picked":["Heatsinks","Skim"],"picked":"Static Discharge","floor":1.0},{"not_picked":["Rip and Tear","Leap"],"picked":"Sweeping Beam","floor":3.0},{"not_picked":["Barrage","Redo"],"picked":"Rip and Tear","floor":4.0},{"not_picked":["Beam Cell","Stack"],"picked":"Sunder","floor":7.0},{"not_picked":["Hologram","Barrage","Turbo"],"picked":"SKIP","floor":8.0},{"not_picked":["Steam Power","Darkness"],"picked":"Storm","floor":11.0},{"not_picked":["Beam Cell","Coolheaded"],"picked":"Amplify","floor":13.0},{"not_picked":["Hello World","Sunder"],"picked":"Cold Snap","floor":14.0},{"not_picked":["Core Surge","Multi-Cast"],"picked":"Electrodynamics","floor":16.0},{"not_picked":["Streamline","Aggregate","Beam Cell"],"picked":"SKIP","floor":18.0},{"not_picked":["Aggregate+1","Sweeping Beam","Redo"],"picked":"SKIP","floor":19.0},{"not_picked":["Melter","Reprogram"],"picked":"Self Repair+1","floor":21.0},{"not_picked":["Rainbow","Turbo","Stack"],"picked":"SKIP","floor":23.0},{"not_picked":["Heatsinks","Hologram"],"picked":"Glacier+1","floor":24.0},{"not_picked":["Hyperbeam","Compile Driver"],"picked":"Machine Learning","floor":27.0},{"not_picked":["Barrage","Turbo+1"],"picked":"Tempest","floor":31.0}],"player_experience":415370,"relics_obtained":[{"floor":7.0,"key":"Strawberry"},{"floor":9.0,"key":"Potion Belt"},{"floor":11.0,"key":"Mummified Hand"},{"floor":13.0,"key":"Ginger"},{"floor":23.0,"key":"Bag of Marbles"},{"floor":26.0,"key":"Mercury Hourglass"},{"floor":27.0,"key":"Ancient Tea Set"},{"floor":31.0,"key":"Regal Pillow"}],"event_choices":[{"damage_healed":0.0,"max_hp_gain":0.0,"max_hp_loss":0.0,"gold_gain":0.0,"event_name":"Lab","player_choice":"Got Potions","floor":2.0,"gold_loss":0.0,"damage_taken":0.0},{"damage_healed":27.0,"max_hp_gain":0.0,"max_hp_loss":0.0,"gold_gain":0.0,"event_name":"Big Fish","player_choice":"Banana","floor":12.0,"gold_loss":0.0,"damage_taken":0.0},{"damage_healed":0.0,"max_hp_gain":0.0,"max_hp_loss":0.0,"gold_gain":0.0,"event_name":"Back to Basics","player_choice":"Simplicity","floor":22.0,"gold_loss":0.0,"damage_taken":0.0,"cards_upgraded":["Strike_B","Strike_B","Strike_B","Strike_B","Defend_B","Defend_B","Defend_B","Defend_B"]},{"damage_healed":0.0,"max_hp_gain":0.0,"max_hp_loss":0.0,"gold_gain":0.0,"event_name":"FaceTrader","player_choice":"Trade","floor":29.0,"gold_loss":0.0,"damage_taken":0.0,"relics_obtained":["CultistMask"]}],"is_beta":false,"boss_relics":[{"not_picked":["Cursed Key","Snecko Eye"],"picked":"Inserter"}],"items_purged_floors":[],"is_endless":false,"potions_floor_spawned":[1,13,14,16,18,24,31],"killed_by":"Automaton","ascension_level":6}