{"gold_per_floor":[112,112,112,127,141,166,179,198,268,268,283,283,283,298,298,400,400,418,191,224,274,286,286,286],"floor_reached":24,"playtime":1854,"items_purged":["Strike_B"],"score":198,"play_id":"af176c4c-94fd-4593-a246-e5fb5c4045a2","local_time":"20181211200319","is_ascension_mode":false,"campfire_choices":[{"floor":10,"key":"REST"},{"floor":12,"key":"REST"},{"data":"Double Energy","floor":15,"key":"SMITH"},{"floor":23,"key":"REST"}],"neow_cost":"NONE","seed_source_timestamp":415907631866163,"circlet_count":0,"master_deck":["Strike_B","Strike_B","Strike_B+1","Defend_B","Defend_B","Defend_B","Zap+1","Dualcast","Genetic Algorithm+1","Double Energy+1","Cold Snap","Cold Snap","Loop","Conserve Battery","Barrage","Creative AI","Self Repair","Conserve Battery"],"relics":["Cracked Core","PreservedInsect","Shuriken","White Beast Statue","Happy Flower","Red Mask"],"potions_floor_usage":[6,16,18,20,22,22],"damage_taken":[{"damage":1,"enemies":"Cultist","floor":1,"turns":3},{"damage":4,"enemies":"2 Louse","floor":4,"turns":3},{"damage":3,"enemies":"Jaw Worm","floor":5,"turns":3},{"damage":27,"enemies":"3 Sentries","floor":6,"turns":8},{"damage":6,"enemies":"2 Fungi Beasts","floor":7,"turns":3},{"damage":19,"enemies":"Lots of Slimes","floor":8,"turns":4},{"damage":0,"enemies":"Exordium Thugs","floor":11,"turns":4},{"damage":5,"enemies":"Blue Slaver","floor":14,"turns":3},{"damage":8,"enemies":"Slime Boss","floor":16,"turns":10},{"damage":10,"enemies":"Shell Parasite","floor":18,"turns":7},{"damage":50,"enemies":"Masked Bandits","floor":20,"turns":9},{"damage":10,"enemies":"3 Byrds","floor":22,"turns":5},{"damage":66,"enemies":"Gremlin Leader","floor":24,"turns":7}],"seed_played":"-1780088489911490573","potions_obtained":[{"floor":4,"key":"SpeedPotion"},{"floor":5,"key":"Weak Potion"},{"floor":11,"key":"Weak Potion"},{"floor":14,"key":"Swift Potion"},{"floor":16,"key":"Block Potion"},{"floor":18,"key":"Weak Potion"},{"floor":20,"key":"Fruit Juice"},{"floor":22,"key":"FearPotion"}],"is_trial":false,"path_per_floor":["M","?","?","M","M","E","M","M","T","R","M","R","?","M","R","B",null,"M","$","?","?","M","R","E"],"character_chosen":"DEFECT","items_purchased":["Happy Flower"],"campfire_rested":3,"item_purchase_floors":[19],"current_hp_per_floor":[81,65,65,61,58,31,25,6,6,30,30,54,54,49,49,41,82,72,72,29,29,31,57,0],"gold":286,"neow_bonus":"TEN_PERCENT_HP_BONUS","is_prod":false,"is_daily":false,"chose_seed":false,"campfire_upgraded":1,"win_rate":0.0,"timestamp":1544576599,"path_taken":["M","?","?","M","?","E","M","?","T","R","M","R","?","M","R","BOSS","M","$","?","?","M","R","E"],"build_version":"2018-12-06","purchased_purges":1,"victory":false,"max_hp_per_floor":[82,82,82,82,82,82,82,82,82,82,82,82,82,82,82,82,82,82,82,82,82,87,87,87],"card_choices":[{"not_picked":["Streamline","Beam Cell"],"picked":"Genetic Algorithm","floor":1},{"not_picked":["Redo","Force Field"],"picked":"Cold Snap","floor":4},{"not_picked":["Sweeping Beam","Blizzard"],"picked":"Cold Snap","floor":5},{"not_picked":["Coolheaded","Reinforced Body"],"picked":"Loop","floor":6},{"not_picked":["Gash","Coolheaded","Steam Power"],"picked":"SKIP","floor":7},{"not_picked":["Glacier","Cold Snap"],"picked":"Conserve Battery","floor":8},{"not_picked":["Aggregate","Rebound","Go for the Eyes"],"picked":"SKIP","floor":11},{"not_picked":["Skim","Darkness"],"picked":"Barrage","floor":14},{"not_picked":["Amplify","Fission"],"picked":"Creative AI","floor":16},{"not_picked":["Reinforced Body","Reprogram+1"],"picked":"Self Repair","floor":18},{"not_picked":["Rebound","Redo"],"picked":"Conserve Battery","floor":22}],"player_experience":29947,"relics_obtained":[{"floor":6,"key":"PreservedInsect"},{"floor":9,"key":"Shuriken"},{"floor":20,"key":"Red Mask"}],"event_choices":[{"damage_healed":0,"gold_gain":0,"player_choice":"Entered Light","damage_taken":16,"max_hp_gain":0,"max_hp_loss":0,"event_name":"Shining Light","floor":2,"gold_loss":0,"cards_upgraded":["Strike_B","Zap"]},{"damage_healed":0,"gold_gain":0,"cards_transformed":["Defend_B"],"player_choice":"Transformed","damage_taken":0,"max_hp_gain":0,"max_hp_loss":0,"event_name":"Transmorgrifier","floor":3,"gold_loss":0,"cards_obtained":["Double Energy"]},{"damage_healed":0,"gold_gain":0,"player_choice":"Grow","damage_taken":0,"max_hp_gain":0,"max_hp_loss":0,"event_name":"Living Wall","floor":13,"gold_loss":0,"cards_upgraded":["Genetic Algorithm"]},{"damage_healed":0,"gold_gain":0,"player_choice":"Fought Bandits","damage_taken":0,"max_hp_gain":0,"max_hp_loss":0,"event_name":"Masked Bandits","floor":20,"gold_loss":0},{"damage_healed":0,"gold_gain":100,"player_choice":"Bet on Murderer","damage_taken":0,"max_hp_gain":0,"max_hp_loss":0,"event_name":"The Joust","floor":21,"gold_loss":50}],"is_beta":false,"boss_relics":[{"not_picked":["Philosopher\u0027s Stone","Sozu"],"picked":"White Beast Statue"}],"items_purged_floors":[19],"is_endless":false,"potions_floor_spawned":[4,5,11,14,16,18,20,22],"killed_by":"Gremlin Leader","ascension_level":0}