{"gold_per_floor":[118,132,149,223,234,234,253,287,287,387,400,417,446,460,460,558,558,570,602,303,303,313,313,346,346],"floor_reached":25,"playtime":1484,"items_purged":["Storm"],"score":247,"play_id":"7cfbcbc1-1409-4ba3-9927-27fb96ffc0f2","local_time":"20190130234754","is_ascension_mode":true,"campfire_choices":[{"data":"Zap","floor":6.0,"key":"SMITH"},{"data":"Hologram","floor":15.0,"key":"SMITH"},{"data":"Lockon","floor":23.0,"key":"SMITH"}],"neow_cost":"NONE","seed_source_timestamp":0,"circlet_count":0,"master_deck":["Zap+1","Dualcast","BootSequence","Reinforced Body","Thunder Strike","Compile Driver","Stack","Conserve Battery","Hologram+1","Auto Shields","Multi-Cast","Gash","Seek","Genetic Algorithm","Conserve Battery","Melter","Lockon","Sweeping Beam","Reinforced Body","Hologram","Defragment","Chaos","FTL","Lockon+1","Tempest+1"],"special_seed":0,"relics":["Cracked Core","NeowsBlessing","Omamori","Incense Burner","Oddly Smooth Stone","Pandora\u0027s Box","Red Mask","MutagenicStrength","Bag of Preparation"],"potions_floor_usage":[25],"damage_taken":[{"damage":0.0,"enemies":"Cultist","floor":1.0,"turns":1.0},{"damage":0.0,"enemies":"Small Slimes","floor":2.0,"turns":1.0},{"damage":0.0,"enemies":"Jaw Worm","floor":3.0,"turns":1.0},{"damage":0.0,"enemies":"Blue Slaver","floor":5.0,"turns":4.0},{"damage":0.0,"enemies":"Exordium Wildlife","floor":7.0,"turns":2.0},{"damage":24.0,"enemies":"3 Sentries","floor":8.0,"turns":6.0},{"damage":0.0,"enemies":"Lots of Slimes","floor":11.0,"turns":3.0},{"damage":0.0,"enemies":"Red Slaver","floor":12.0,"turns":4.0},{"damage":7.0,"enemies":"Lagavulin","floor":13.0,"turns":9.0},{"damage":0.0,"enemies":"Blue Slaver","floor":14.0,"turns":4.0},{"damage":38.0,"enemies":"Slime Boss","floor":16.0,"turns":15.0},{"damage":20.0,"enemies":"2 Thieves","floor":18.0,"turns":5.0},{"damage":29.0,"enemies":"Masked Bandits","floor":19.0,"turns":6.0},{"damage":0.0,"enemies":"Spheric Guardian","floor":22.0,"turns":1.0},{"damage":16.0,"enemies":"Book of Stabbing","floor":24.0,"turns":7.0},{"damage":11,"enemies":"Snecko","floor":25,"turns":2}],"seed_played":"4728852626608583988","potions_obtained":[{"floor":1.0,"key":"SteroidPotion"},{"floor":3.0,"key":"Explosive Potion"},{"floor":5.0,"key":"FocusPotion"},{"floor":8.0,"key":"SteroidPotion"},{"floor":12.0,"key":"Energy Potion"},{"floor":18.0,"key":"Strength Potion"},{"floor":24,"key":"AttackPotion"}],"is_trial":false,"path_per_floor":["T","M","?","?","?"],"character_chosen":"DEFECT","items_purchased":["Defragment","Chaos","FTL"],"campfire_rested":0,"item_purchase_floors":[20,20,20],"current_hp_per_floor":[75,75,75,75,75,75,75,51,51,51,51,51,44,44,44,6,75,55,26,26,26,26,26,10,0],"gold":346,"neow_bonus":"THREE_ENEMY_KILL","is_prod":false,"is_daily":false,"chose_seed":false,"campfire_upgraded":3,"win_rate":0,"timestamp":1548920874,"path_taken":["M","M","M","?","?","R","M","E","T","?","M","M","E","M","R","BOSS","M","?","$","?","M","R","E","M"],"build_version":"2019-01-23","purchased_purges":1,"victory":false,"max_hp_per_floor":[75,75,75,75,75,75,75,75,75,75,75,75,75,75,75,75,75,75,75,75,75,75,75,75,75],"card_choices":[{"not_picked":["Tempest","Storm"],"picked":"BootSequence","floor":1.0},{"not_picked":["Coolheaded","Compile Driver","Turbo"],"picked":"SKIP","floor":2.0},{"not_picked":["Redo","Go for the Eyes"],"picked":"Reinforced Body","floor":3.0},{"not_picked":["Cold Snap","Conserve Battery"],"picked":"Thunder Strike","floor":5.0},{"not_picked":["Coolheaded","Beam Cell"],"picked":"Compile Driver","floor":7.0},{"not_picked":["Core Surge","Glacier","Aggregate"],"picked":"SKIP","floor":8.0},{"not_picked":["Skim","Barrage"],"picked":"Stack","floor":11.0},{"not_picked":["Turbo","Compile Driver"],"picked":"Conserve Battery","floor":12.0},{"not_picked":["Reprogram","Self Repair"],"picked":"Hologram","floor":13.0},{"not_picked":["Chaos","Double Energy"],"picked":"Auto Shields","floor":14.0},{"not_picked":["Core Surge","Fission"],"picked":"Multi-Cast","floor":16.0},{"not_picked":["Sweeping Beam","Undo"],"picked":"Reinforced Body","floor":18.0},{"not_picked":["Rip and Tear","Skim"],"picked":"Hologram","floor":19.0},{"not_picked":["Fusion","Turbo"],"picked":"Lockon","floor":22.0},{"not_picked":["Stack","Rebound"],"picked":"Tempest+1","floor":24}],"player_experience":33181,"relics_obtained":[{"floor":8.0,"key":"Omamori"},{"floor":9.0,"key":"Incense Burner"},{"floor":13.0,"key":"Oddly Smooth Stone"},{"floor":19.0,"key":"Red Mask"},{"floor":24,"key":"Bag of Preparation"}],"event_choices":[{"damage_healed":0.0,"max_hp_gain":0.0,"max_hp_loss":0.0,"gold_gain":100.0,"event_name":"Golden Shrine","player_choice":"Pray","floor":10.0,"gold_loss":0.0,"damage_taken":0.0},{"damage_healed":0.0,"max_hp_gain":0.0,"max_hp_loss":0.0,"gold_gain":0.0,"event_name":"Masked Bandits","player_choice":"Fought Bandits","floor":19.0,"gold_loss":0.0,"damage_taken":0.0},{"damage_healed":0.0,"max_hp_gain":0.0,"max_hp_loss":0.0,"gold_gain":0.0,"event_name":"Drug Dealer","player_choice":"Inject Mutagens","floor":21.0,"gold_loss":0.0,"damage_taken":0.0,"relics_obtained":["MutagenicStrength"]}],"is_beta":false,"boss_relics":[{"not_picked":["Astrolabe","Runic Pyramid"],"picked":"Pandora\u0027s Box"}],"items_purged_floors":[20],"is_endless":false,"potions_floor_spawned":[1,3,5,8,12,14,18,24],"killed_by":"Snecko","ascension_level":1}