{"gold_per_floor":[109,125,125,140,152,152,177,177,177,177,210,227,4,18,18,18],"floor_reached":16,"playtime":679,"items_purged":[],"score":224,"play_id":"16baeee7-241f-4b6c-8e99-db658237a353","local_time":"20190421085832","is_ascension_mode":true,"campfire_choices":[{"data":"Deadly Poison","floor":6,"key":"SMITH"},{"data":"Deadly Poison","floor":10,"key":"SMITH"},{"data":"Corpse Explosion","floor":15,"key":"SMITH"}],"neow_cost":"NONE","seed_source_timestamp":249708191727174,"circlet_count":0,"master_deck":["AscendersBane","Defend_G","Defend_G","Defend_G","Defend_G","Defend_G","Strike_G","Strike_G","Strike_G+1","Strike_G","Strike_G","Survivor","Neutralize","Deadly Poison+1","Deadly Poison+1","Cloak And Dagger","Poisoned Stab+1","Footwork","Die Die Die+1","Sucker Punch+1","Footwork","Corpse Explosion+1","Skewer+1"],"relics":["Ring of the Snake","Whetstone","Molten Egg 2","Nunchaku"],"potions_floor_usage":[4,5,5,5,16,16],"damage_taken":[{"damage":4,"enemies":"Jaw Worm","floor":1,"turns":6},{"damage":0,"enemies":"Cultist","floor":2,"turns":4},{"damage":4,"enemies":"Small Slimes","floor":4,"turns":4},{"damage":4,"enemies":"Exordium Thugs","floor":5,"turns":5},{"damage":20,"enemies":"Lagavulin","floor":7,"turns":7},{"damage":30,"enemies":"3 Sentries","floor":11,"turns":9},{"damage":0,"enemies":"3 Louse","floor":12,"turns":2},{"damage":7,"enemies":"Exordium Wildlife","floor":14,"turns":3},{"damage":20,"enemies":"The Guardian","floor":16,"turns":2}],"seed_played":"-8516358660816059586","potions_obtained":[{"floor":1,"key":"GamblersBrew"},{"floor":2,"key":"Ancient Potion"},{"floor":3,"key":"FearPotion"},{"floor":3,"key":"EntropicBrew"},{"floor":11,"key":"EntropicBrew"}],"is_trial":false,"path_per_floor":["?","M","?","$"],"character_chosen":"THE_SILENT","items_purchased":["Footwork","Corpse Explosion"],"campfire_rested":0,"item_purchase_floors":[13,13],"current_hp_per_floor":[61,61,61,57,53,53,33,57,57,57,27,27,27,20,20,0],"gold":18,"neow_bonus":"TEN_PERCENT_HP_BONUS","is_prod":false,"is_daily":false,"chose_seed":false,"campfire_upgraded":3,"win_rate":0,"timestamp":1555826312,"path_taken":["M","M","?","M","?","R","E","?","T","R","E","M","?","M","R","BOSS"],"build_version":"2019-01-23","purchased_purges":0,"victory":false,"max_hp_per_floor":[72,72,72,72,72,72,72,72,72,72,72,72,72,72,72,72],"card_choices":[{"not_picked":["Accuracy","Flying Knee"],"picked":"Deadly Poison","floor":1},{"not_picked":["Accuracy","Calculated Gamble"],"picked":"Deadly Poison","floor":2},{"not_picked":["Slice","Terror"],"picked":"Cloak And Dagger","floor":4},{"not_picked":["Dagger Throw","Backflip"],"picked":"Poisoned Stab","floor":5},{"not_picked":["Dagger Throw","Dagger Spray"],"picked":"Footwork","floor":7},{"not_picked":["Finisher+1","Dagger Spray+1"],"picked":"Die Die Die+1","floor":11},{"not_picked":["Slice+1","Flying Knee+1"],"picked":"Sucker Punch+1","floor":12},{"not_picked":["Slice+1","Endless Agony+1"],"picked":"Skewer+1","floor":14}],"player_experience":1776906,"relics_obtained":[{"floor":7,"key":"Whetstone"},{"floor":9,"key":"Molten Egg 2"},{"floor":11,"key":"Nunchaku"}],"event_choices":[{"damage_healed":0,"gold_gain":0,"player_choice":"Got Potions","damage_taken":0,"max_hp_gain":0,"max_hp_loss":0,"event_name":"Lab","floor":3,"gold_loss":0},{"damage_healed":24,"gold_gain":0,"player_choice":"Banana","damage_taken":0,"max_hp_gain":0,"max_hp_loss":0,"event_name":"Big Fish","floor":8,"gold_loss":0}],"is_beta":false,"boss_relics":[],"items_purged_floors":[],"is_endless":false,"potions_floor_spawned":[1,2,11],"killed_by":"The Guardian","ascension_level":20}