{"gold_per_floor":[113,113,113,131,145,145,171,171,218,218,143,143,43,72,72,176,176,187,205,205,225,33,33,47,124,154,4,17,17,34,53,53,149,149,161,161,176,86,103,103,116,136,160,36,51,62,0,18,18,18],"floor_reached":51,"playtime":1831,"items_purged":["Strike_R","Strike_R","Strike_R+1","Sever Soul+1"],"score":786,"play_id":"41101412-5579-40fe-8877-f5a4d46573c1","local_time":"20190208181140","is_ascension_mode":false,"campfire_choices":[{"data":"Dropkick","floor":6.0,"key":"SMITH"},{"floor":8.0,"key":"REST"},{"data":"Strike_R","floor":10.0,"key":"SMITH"},{"data":"Strike_R","floor":12.0,"key":"SMITH"},{"floor":15.0,"key":"REST"},{"floor":23.0,"key":"REST"},{"floor":32.0,"key":"REST"},{"floor":40,"key":"RECALL"},{"floor":49,"key":"REST"}],"neow_cost":"NONE","seed_source_timestamp":15457187146700,"circlet_count":0,"master_deck":["Bash+1","Dropkick+1","Intimidate+1","Dropkick+1","Dropkick+1"],"special_seed":0,"relics":["Burning Blood","Ancient Tea Set","Gambling Chip","Vajra","Mercury Hourglass","Astrolabe","Bottled Lightning","Tiny Chest","Empty Cage","Bag of Marbles","Red Mask"],"potions_floor_usage":[37,42],"damage_taken":[{"damage":11.0,"enemies":"Jaw Worm","floor":1.0,"turns":2.0},{"damage":6.0,"enemies":"2 Louse","floor":4.0,"turns":2.0},{"damage":0.0,"enemies":"Cultist","floor":5.0,"turns":2.0},{"damage":27.0,"enemies":"Gremlin Nob","floor":7.0,"turns":4.0},{"damage":22.0,"enemies":"3 Sentries","floor":14.0,"turns":5.0},{"damage":16.0,"enemies":"Slime Boss","floor":16.0,"turns":6.0},{"damage":10.0,"enemies":"Spheric Guardian","floor":18.0,"turns":3.0},{"damage":21.0,"enemies":"2 Thieves","floor":19.0,"turns":3.0},{"damage":1.0,"enemies":"Snecko","floor":21.0,"turns":3.0},{"damage":0.0,"enemies":"Cultist and Chosen","floor":24.0,"turns":4.0},{"damage":11.0,"enemies":"Shelled Parasite and Fungi","floor":28.0,"turns":2.0},{"damage":1.0,"enemies":"Snecko","floor":30.0,"turns":3.0},{"damage":0.0,"enemies":"Snake Plant","floor":31.0,"turns":2.0},{"damage":43,"enemies":"Automaton","floor":33,"turns":5},{"damage":0,"enemies":"Orb Walker","floor":35,"turns":1},{"damage":13,"enemies":"3 Shapes","floor":37,"turns":4},{"damage":0,"enemies":"Writhing Mass","floor":39,"turns":1},{"damage":0,"enemies":"Spire Growth","floor":41,"turns":1},{"damage":49,"enemies":"4 Shapes","floor":42,"turns":3},{"damage":0,"enemies":"Transient","floor":45,"turns":1},{"damage":0,"enemies":"Maw","floor":46,"turns":1},{"damage":0,"enemies":"Spire Growth","floor":48,"turns":1},{"damage":0,"enemies":"Donu and Deca","floor":50,"turns":1}],"seed_played":"-3623666199433762706","potions_obtained":[{"floor":7.0,"key":"FearPotion"},{"floor":19.0,"key":"Regen Potion"},{"floor":28.0,"key":"SkillPotion"},{"floor":30.0,"key":"SpeedPotion"},{"floor":31.0,"key":"GamblersBrew"},{"floor":35,"key":"FearPotion"},{"floor":39,"key":"Dexterity Potion"}],"is_trial":false,"path_per_floor":["M","?","?","M","M","R","E","R","T","R","$","R","$","E","R","B",null,"M","M","?","M","$","R","M","T","T","$","M","$","M","M","R","B",null,"M","?","M","?","M","R","M","M","T","$","M","M","?","M","R","B",null],"character_chosen":"IRONCLAD","items_purchased":["Dropkick","EssenceOfSteel","SteroidPotion"],"campfire_rested":5,"item_purchase_floors":[22,44,44],"current_hp_per_floor":[75,50,50,50,56,56,35,59,59,59,59,59,59,43,67,57,80,76,61,61,66,66,80,80,80,80,80,75,75,80,80,80,43,80,80,76,69,69,75,75,76,33,33,33,39,45,45,51,73,76],"gold":18,"neow_bonus":"UPGRADE_CARD","is_prod":false,"is_daily":false,"chose_seed":false,"campfire_upgraded":3,"win_rate":0,"timestamp":1549667500,"path_taken":["M","?","?","M","?","R","E","R","T","R","$","R","?","E","R","BOSS","M","M","?","?","$","R","M","?","T","?","M","?","?","M","R","BOSS","M","?","M","?","M","R","M","M","T","$","?","M","?","M","R","BOSS"],"build_version":"2019-01-23","purchased_purges":4,"victory":true,"max_hp_per_floor":[80,80,80,80,80,80,80,80,80,80,80,80,80,80,80,80,80,80,80,80,80,80,80,80,80,80,80,80,80,80,80,80,80,80,80,76,76,76,76,76,76,76,76,76,76,76,76,76,76,76],"card_choices":[{"not_picked":["Pommel Strike","Thunderclap","Clash"],"picked":"SKIP","floor":1.0},{"not_picked":["Headbutt","Combust"],"picked":"Dropkick","floor":4.0},{"not_picked":["Bloodletting","Headbutt","True Grit"],"picked":"SKIP","floor":5.0},{"not_picked":["Intimidate","Cleave","Rage"],"picked":"SKIP","floor":7.0},{"not_picked":["Thunderclap","Pommel Strike","Wild Strike"],"picked":"SKIP","floor":14.0},{"not_picked":["Inflame","Thunderclap","Ghostly Armor"],"picked":"SKIP","floor":18.0},{"not_picked":["Headbutt+1","Disarm","Ghostly Armor+1"],"picked":"SKIP","floor":19.0},{"not_picked":["Heavy Blade","Clash","Seeing Red"],"picked":"SKIP","floor":21.0},{"not_picked":["Thunderclap+1","Uppercut+1","Pommel Strike"],"picked":"SKIP","floor":24.0},{"not_picked":["True Grit","Intimidate","Iron Wave"],"picked":"SKIP","floor":28.0},{"not_picked":["Combust","Thunderclap","Clothesline+1"],"picked":"SKIP","floor":30.0},{"not_picked":["Shrug It Off+1","Twin Strike","Cleave+1"],"picked":"SKIP","floor":31.0},{"not_picked":["Rupture+1","Clothesline+1","Twin Strike"],"picked":"SKIP","floor":35},{"not_picked":["Havoc+1","Bloodletting","Iron Wave+1"],"picked":"SKIP","floor":37},{"not_picked":["Havoc","Rupture","Flex+1"],"picked":"SKIP","floor":39},{"not_picked":["Inflame+1","Seeing Red","Shrug It Off"],"picked":"SKIP","floor":41},{"not_picked":["Infernal Blade","Hemokinesis","Cleave+1"],"picked":"SKIP","floor":42},{"not_picked":["Perfected Strike+1","Flex","Iron Wave"],"picked":"SKIP","floor":45},{"not_picked":["Body Slam+1","Flex+1","Rage+1"],"picked":"SKIP","floor":46},{"not_picked":["Disarm+1","Evolve","Sword Boomerang+1"],"picked":"SKIP","floor":48}],"player_experience":427151,"relics_obtained":[{"floor":7.0,"key":"Gambling Chip"},{"floor":9.0,"key":"Vajra"},{"floor":14.0,"key":"Mercury Hourglass"},{"floor":25.0,"key":"Bottled Lightning"},{"floor":26.0,"key":"Tiny Chest"},{"floor":43,"key":"Bag of Marbles"}],"event_choices":[{"damage_healed":0.0,"max_hp_gain":0.0,"max_hp_loss":0.0,"gold_gain":0.0,"event_name":"Scrap Ooze","player_choice":"Success","floor":2.0,"gold_loss":0.0,"damage_taken":25.0,"relics_obtained":["Ancient Tea Set"]},{"cards_removed":["Defend_R"],"damage_healed":0.0,"max_hp_gain":0.0,"max_hp_loss":0.0,"gold_gain":0.0,"event_name":"Purifier","player_choice":"Purged","floor":3.0,"gold_loss":0.0,"damage_taken":0.0},{"damage_healed":0.0,"max_hp_gain":0.0,"max_hp_loss":0.0,"gold_gain":0.0,"event_name":"Duplicator","player_choice":"Copied","floor":20.0,"gold_loss":0.0,"damage_taken":0.0,"cards_obtained":["Dropkick"]},{"damage_healed":0,"gold_gain":0,"player_choice":"Max HP","damage_taken":0,"max_hp_gain":0,"max_hp_loss":4,"event_name":"Winding Halls","floor":36,"gold_loss":0},{"cards_removed":["Defend_R"],"damage_healed":0,"gold_gain":0,"player_choice":"Upgrade and Remove","damage_taken":0,"max_hp_gain":0,"max_hp_loss":0,"event_name":"Designer","floor":38,"gold_loss":90,"cards_upgraded":["Dropkick"]},{"damage_healed":0,"gold_gain":0,"player_choice":"Paid","damage_taken":0,"relics_obtained":["Red Mask"],"max_hp_gain":0,"max_hp_loss":0,"event_name":"Tomb of Lord Red Mask","floor":47,"gold_loss":62}],"is_beta":false,"boss_relics":[{"not_picked":["Runic Pyramid","Pandora\u0027s Box"],"picked":"Astrolabe"},{"not_picked":["Lizard Tail","Orrery"],"picked":"Empty Cage"}],"items_purged_floors":[11,13,22,27],"is_endless":false,"potions_floor_spawned":[7,19,28,30,31,33,35,39,46],"ascension_level":0}