{"gold_per_floor":[110,285,235,299,317,346,377,405,457,487,520,555,54,54,54,151,151,165,165,264,274,274,300,330,348,374,52,52,52,52,52,52,153,153,164,175,0,51,51,78,78,58,58,83,117,147,181,195,195,195],"floor_reached":51,"playtime":3133,"items_purged":[],"score":1321,"play_id":"9db33561-91bc-40ae-b032-022b2ad8ccaf","local_time":"20190403200207","daily_mods":["Draft","Specialized","Heirloom","Flight","Binary","Elite Swarm"],"is_ascension_mode":false,"campfire_choices":[{"data":"Buffer","floor":15,"key":"SMITH"},{"data":"Creative AI","floor":29,"key":"SMITH"},{"data":"Seek","floor":32,"key":"SMITH"},{"data":"Machine Learning","floor":41,"key":"SMITH"},{"data":"Amplify","floor":49,"key":"SMITH"}],"neow_cost":"","seed_source_timestamp":0,"circlet_count":0,"master_deck":["Coolheaded","Coolheaded","Coolheaded","Coolheaded","Beam Cell","Go for the Eyes","White Noise","Compile Driver","Ball Lightning","Melter","Beam Cell","Stack","Gash","Barrage","Stack","Stack","Barrage","Beam Cell","Redo","Ball Lightning","Sweeping Beam","Creative AI+1","All For One","All For One","All For One","Echo Form+1","Buffer+1","Flash of Steel","Go for the Eyes","Machine Learning+1","Capacitor+1","Redo+1","Melter","Conserve Battery","Aggregate","Amplify+1","Seek+1","Conserve Battery","Storm","Shame","Seek","Stack+1","Go for the Eyes","Rebound+1","Skim","White Noise+1","Writhe","Reboot","Electrodynamics+1","Seek","All For One","Echo Form+1","Ball Lightning+1","Static Discharge+1"],"relics":["Cracked Core","Calipers","Prayer Wheel","Orichalcum","Pear","Strawberry","Ancient Tea Set","Dodecahedron","Nunchaku","Sling","Happy Flower","Coffee Dripper","Pen Nib","PreservedInsect","Anchor","Frozen Egg 2","Emotion Chip","MutagenicStrength","Eternal Feather","Red Mask","Incense Burner","Mummified Hand","Darkstone Periapt","Centennial Puzzle","Bag of Marbles","Bronze Scales","The Courier"],"potions_floor_usage":[7,21,23,23,33,33,38,44,46,50,50,50],"damage_taken":[{"damage":6,"enemies":"Small Slimes","floor":1,"turns":2},{"damage":0,"enemies":"2 Louse","floor":5,"turns":2},{"damage":0,"enemies":"Lagavulin","floor":6,"turns":4},{"damage":9,"enemies":"3 Sentries","floor":7,"turns":4},{"damage":1,"enemies":"Lagavulin","floor":8,"turns":4},{"damage":0,"enemies":"3 Sentries","floor":10,"turns":6},{"damage":8,"enemies":"Gremlin Nob","floor":11,"turns":3},{"damage":12,"enemies":"Lagavulin","floor":12,"turns":6},{"damage":21,"enemies":"Hexaghost","floor":16,"turns":6},{"damage":0,"enemies":"Chosen","floor":18,"turns":2},{"damage":10,"enemies":"2 Thieves","floor":21,"turns":3},{"damage":5,"enemies":"Book of Stabbing","floor":23,"turns":3},{"damage":43,"enemies":"Slavers","floor":24,"turns":5},{"damage":10,"enemies":"Sentry and Sphere","floor":25,"turns":3},{"damage":0,"enemies":"Automaton","floor":33,"turns":7},{"damage":0,"enemies":"3 Shapes","floor":35,"turns":2},{"damage":9,"enemies":"Orb Walker","floor":36,"turns":4},{"damage":22,"enemies":"2 Orb Walkers","floor":38,"turns":4},{"damage":29,"enemies":"Nemesis","floor":40,"turns":5},{"damage":12,"enemies":"Reptomancer","floor":44,"turns":5},{"damage":0,"enemies":"Giant Head","floor":45,"turns":4},{"damage":0,"enemies":"Reptomancer","floor":46,"turns":4},{"damage":0,"enemies":"Nemesis","floor":47,"turns":3},{"damage":0,"enemies":"Maw","floor":48,"turns":5},{"damage":0,"enemies":"Time Eater","floor":50,"turns":10}],"seed_played":"7656123519802997947","potions_obtained":[{"floor":1,"key":"AttackPotion"},{"floor":6,"key":"FearPotion"},{"floor":10,"key":"SteroidPotion"},{"floor":12,"key":"Block Potion"},{"floor":25,"key":"SkillPotion"},{"floor":33,"key":"SpeedPotion"},{"floor":35,"key":"Poison Potion"},{"floor":40,"key":"FocusPotion"},{"floor":42,"key":"Explosive Potion"},{"floor":44,"key":"Explosive Potion"},{"floor":46,"key":"EssenceOfSteel"},{"floor":48,"key":"Fire Potion"}],"is_trial":true,"path_per_floor":["M","?","?","?","M","E","E","E","T","E","E","E","$","?","R","B",null,"M","?","?","M","?","E","E","M","T","$","?","R","?","?","R","B",null,"M","M","?","?","?","E","R","?","T","E","E","E","E","M","R","B",null],"character_chosen":"DEFECT","items_purchased":["Sling","Happy Flower","Flash of Steel","Go for the Eyes","Frozen Egg 2","Regen Potion"],"campfire_rested":0,"item_purchase_floors":[13,13,13,13,27,27],"current_hp_per_floor":[69,69,69,69,69,69,60,69,76,76,68,56,56,56,56,35,92,92,74,74,64,64,59,16,6,6,6,6,6,6,6,6,21,97,97,88,88,66,90,61,88,88,88,76,76,76,76,76,97,97],"gold":195,"neow_bonus":"","is_prod":false,"is_daily":false,"chose_seed":false,"campfire_upgraded":5,"win_rate":0,"timestamp":1554336127,"path_taken":["M","?","?","?","?","E","E","E","T","E","E","E","$","?","R","BOSS","M","?","?","M","?","E","E","?","T","$","?","R","?","?","R","BOSS","M","M","?","?","?","E","R","?","T","E","E","E","E","?","R","BOSS"],"build_version":"2019-01-23","purchased_purges":0,"victory":true,"max_hp_per_floor":[75,75,75,75,75,75,75,85,92,92,92,92,92,92,92,92,92,92,97,97,97,97,97,97,97,97,97,97,97,97,97,97,97,97,97,97,97,97,97,97,97,97,97,97,97,97,97,97,97,97],"card_choices":[{"not_picked":["Storm","Conserve Battery"],"picked":"Beam Cell","floor":0},{"not_picked":["Barrage","Leap"],"picked":"Go for the Eyes","floor":0},{"not_picked":["Force Field","Leap"],"picked":"White Noise","floor":0},{"not_picked":["Coolheaded","Glacier"],"picked":"Compile Driver","floor":0},{"not_picked":["Darkness","Stack"],"picked":"Ball Lightning","floor":0},{"not_picked":["Sunder","Glacier"],"picked":"Melter","floor":0},{"not_picked":["Hologram","Stack"],"picked":"Beam Cell","floor":0},{"not_picked":["Redo","Static Discharge"],"picked":"Stack","floor":0},{"not_picked":["Undo","Hologram"],"picked":"Gash","floor":0},{"not_picked":["Coolheaded","Static Discharge"],"picked":"Barrage","floor":0},{"not_picked":["Cold Snap","Hologram"],"picked":"Stack","floor":0},{"not_picked":["Cold Snap","Storm"],"picked":"Stack","floor":0},{"not_picked":["White Noise","Steam"],"picked":"Barrage","floor":0},{"not_picked":["Barrage","Genetic Algorithm"],"picked":"Beam Cell","floor":0},{"not_picked":["Streamline","Go for the Eyes"],"picked":"Redo","floor":0},{"not_picked":["Conserve Battery"],"picked":"Ball Lightning","floor":1},{"not_picked":["Ball Lightning"],"picked":"Sweeping Beam","floor":5},{"not_picked":["Thunder Strike"],"picked":"Creative AI","floor":6},{"not_picked":["Thunder Strike"],"picked":"All For One","floor":7},{"not_picked":["Core Surge"],"picked":"All For One","floor":8},{"not_picked":["Multi-Cast"],"picked":"All For One","floor":10},{"not_picked":["Meteor Strike"],"picked":"Echo Form","floor":11},{"not_picked":["Reboot"],"picked":"Buffer","floor":12},{"not_picked":["All For One"],"picked":"Machine Learning","floor":16},{"not_picked":["Coolheaded"],"picked":"Capacitor+1","floor":18},{"not_picked":["Coolheaded"],"picked":"Redo+1","floor":18},{"not_picked":["Lockon"],"picked":"Melter","floor":21},{"not_picked":["Chaos"],"picked":"Conserve Battery","floor":21},{"not_picked":["Core Surge"],"picked":"Amplify","floor":23},{"not_picked":["Amplify"],"picked":"Seek","floor":24},{"not_picked":["Streamline"],"picked":"Conserve Battery","floor":25},{"not_picked":["Auto Shields"],"picked":"Storm","floor":25},{"not_picked":["Biased Cognition+1"],"picked":"Seek","floor":33},{"not_picked":["Tempest"],"picked":"Stack+1","floor":35},{"not_picked":["Auto Shields+1"],"picked":"Go for the Eyes","floor":35},{"not_picked":["Auto Shields"],"picked":"Rebound+1","floor":36},{"not_picked":["Cold Snap+1"],"picked":"Skim","floor":36},{"not_picked":["Streamline"],"picked":"White Noise+1","floor":38},{"not_picked":["Multi-Cast"],"picked":"Reboot","floor":40},{"not_picked":["Meteor Strike"],"picked":"Electrodynamics+1","floor":44},{"not_picked":["Thunder Strike"],"picked":"Seek","floor":45},{"not_picked":["Fission"],"picked":"All For One","floor":46},{"not_picked":["Fission"],"picked":"Echo Form+1","floor":47},{"not_picked":["Coolheaded+1"],"picked":"Ball Lightning+1","floor":48},{"not_picked":["Turbo+1"],"picked":"Static Discharge+1","floor":48}],"player_experience":260093,"relics_obtained":[{"floor":6,"key":"Prayer Wheel"},{"floor":7,"key":"Orichalcum"},{"floor":8,"key":"Pear"},{"floor":9,"key":"Strawberry"},{"floor":10,"key":"Ancient Tea Set"},{"floor":11,"key":"Dodecahedron"},{"floor":12,"key":"Nunchaku"},{"floor":23,"key":"Pen Nib"},{"floor":24,"key":"PreservedInsect"},{"floor":26,"key":"Anchor"},{"floor":38,"key":"Incense Burner"},{"floor":40,"key":"Mummified Hand"},{"floor":43,"key":"Darkstone Periapt"},{"floor":44,"key":"Centennial Puzzle"},{"floor":45,"key":"Bag of Marbles"},{"floor":46,"key":"Bronze Scales"},{"floor":47,"key":"The Courier"}],"event_choices":[{"damage_healed":0,"gold_gain":175,"player_choice":"AGREE","damage_taken":0,"max_hp_gain":0,"max_hp_loss":0,"event_name":"Liars Game","floor":2,"gold_loss":0,"cards_obtained":["Doubt"]},{"cards_removed":["Doubt"],"damage_healed":0,"gold_gain":0,"player_choice":"Card Removal","damage_taken":0,"max_hp_gain":0,"max_hp_loss":0,"event_name":"The Cleric","floor":3,"gold_loss":50},{"damage_healed":0,"gold_gain":64,"player_choice":"Gained Gold","damage_taken":0,"max_hp_gain":0,"max_hp_loss":0,"event_name":"Golden Wing","floor":4,"gold_loss":0},{"damage_healed":0,"gold_gain":0,"player_choice":"Grow","damage_taken":0,"max_hp_gain":0,"max_hp_loss":0,"event_name":"Living Wall","floor":14,"gold_loss":0,"cards_upgraded":["Echo Form"]},{"damage_healed":0,"gold_gain":0,"player_choice":"Shed Blood","damage_taken":23,"max_hp_gain":5,"max_hp_loss":0,"event_name":"Forgotten Altar","floor":19,"gold_loss":0},{"damage_healed":0,"gold_gain":99,"player_choice":"Stole From Cult","damage_taken":0,"max_hp_gain":0,"max_hp_loss":0,"event_name":"Nest","floor":20,"gold_loss":0},{"damage_healed":0,"gold_gain":0,"cards_transformed":["Coolheaded"],"player_choice":"Transformed","damage_taken":0,"max_hp_gain":0,"max_hp_loss":0,"event_name":"Transmorgrifier","floor":22,"gold_loss":0,"cards_obtained":["Aggregate"]},{"damage_healed":0,"gold_gain":0,"player_choice":"Ignored","damage_taken":0,"max_hp_gain":0,"max_hp_loss":0,"event_name":"Cursed Tome","floor":28,"gold_loss":0},{"damage_healed":0,"gold_gain":0,"player_choice":"Stole Relic","damage_taken":0,"relics_obtained":["Emotion Chip"],"max_hp_gain":0,"max_hp_loss":0,"event_name":"Addict","floor":30,"gold_loss":0,"cards_obtained":["Shame"]},{"damage_healed":0,"gold_gain":0,"player_choice":"Inject Mutagens","damage_taken":0,"relics_obtained":["MutagenicStrength"],"max_hp_gain":0,"max_hp_loss":0,"event_name":"Drug Dealer","floor":31,"gold_loss":0},{"damage_healed":0,"gold_gain":0,"player_choice":"Paid","damage_taken":0,"relics_obtained":["Red Mask"],"max_hp_gain":0,"max_hp_loss":0,"event_name":"Tomb of Lord Red Mask","floor":37,"gold_loss":175},{"damage_healed":0,"gold_gain":0,"player_choice":"Fight","damage_taken":0,"max_hp_gain":0,"max_hp_loss":0,"event_name":"Mysterious Sphere","floor":38,"gold_loss":0},{"damage_healed":24,"gold_gain":0,"player_choice":"Writhe","damage_taken":0,"max_hp_gain":0,"max_hp_loss":0,"event_name":"Winding Halls","floor":39,"gold_loss":0,"cards_obtained":["Writhe"]},{"damage_healed":0,"gold_gain":0,"player_choice":"Bought 1 Potion","damage_taken":0,"max_hp_gain":0,"max_hp_loss":0,"event_name":"The Woman in Blue","floor":42,"gold_loss":0}],"is_beta":false,"boss_relics":[{"not_picked":["Snecko Eye","Runic Pyramid"],"picked":"Coffee Dripper"},{"not_picked":["FrozenCore","Cursed Key"],"picked":"Eternal Feather"}],"items_purged_floors":[],"is_endless":false,"potions_floor_spawned":[1,6,10,12,18,25,33,35,40,44,46,48],"ascension_level":0}