{"gold_per_floor":[114,127,137,137,161,161,196,210,233,233,274,354,374,418,418,549,549,570,570,570,591,27,68,68,68,144,29,65,65,65,81,81,201,201,216,23,46,46,46,46,81,81,132,0,0,0,19,34,34,34],"floor_reached":51,"playtime":5246,"items_purged":["Strike_G"],"score":1049,"play_id":"a5b96f8e-e1c5-4f94-9a0c-4110b074f22f","local_time":"20190331035420","is_ascension_mode":true,"campfire_choices":[{"data":"Neutralize","floor":6,"key":"SMITH"},{"floor":10,"key":"REST"},{"floor":15,"key":"REST"},{"floor":24,"key":"REST"},{"data":"After Image","floor":29,"key":"SMITH"},{"data":"Footwork","floor":32,"key":"SMITH"},{"data":"Caltrops","floor":40,"key":"SMITH"},{"floor":42,"key":"REST"},{"data":"A Thousand Cuts","floor":45,"key":"SMITH"},{"floor":49,"key":"REST"}],"neow_cost":"NONE","seed_source_timestamp":126352230747627,"circlet_count":0,"master_deck":["Defend_G","Defend_G","Defend_G","Defend_G","Defend_G","Strike_G","Strike_G","Strike_G","Strike_G","Survivor","Neutralize+1","Flying Knee","Caltrops+1","Finisher","Predator","Poisoned Stab","Footwork","Dodge and Roll","Choke","A Thousand Cuts+1","After Image+1","Crippling Poison+1","RitualDagger","Footwork+1","Sucker Punch+1","Backflip","Blur+1","Caltrops+1","Backflip+1","Backflip+1","Corpse Explosion+1","Dash+1","Skewer+1","PiercingWail+1"],"relics":["Ring of the Snake","Omamori","Golden Idol","Incense Burner","Boot","PreservedInsect","Smiling Mask","Letter Opener","Velvet Choker","Necronomicon","Bronze Scales","Molten Egg 2","Bag of Preparation","Toxic Egg 2","Bottled Tornado","WristBlade","Question Card","Lantern","Red Mask"],"potions_floor_usage":[7,12,12,14,16,23,23,33,33,41,47,50],"damage_taken":[{"damage":4,"enemies":"2 Louse","floor":1,"turns":3},{"damage":0,"enemies":"Jaw Worm","floor":2,"turns":5},{"damage":1,"enemies":"Small Slimes","floor":3,"turns":4},{"damage":8,"enemies":"2 Fungi Beasts","floor":5,"turns":4},{"damage":17,"enemies":"3 Sentries","floor":7,"turns":8},{"damage":2,"enemies":"Blue Slaver","floor":8,"turns":4},{"damage":4,"enemies":"Gremlin Nob","floor":11,"turns":4},{"damage":0,"enemies":"Gremlin Nob","floor":12,"turns":2},{"damage":11,"enemies":"Lots of Slimes","floor":13,"turns":4},{"damage":21,"enemies":"Lagavulin","floor":14,"turns":5},{"damage":27,"enemies":"The Guardian","floor":16,"turns":14},{"damage":2,"enemies":"Chosen","floor":18,"turns":6},{"damage":12,"enemies":"2 Thieves","floor":21,"turns":4},{"damage":3,"enemies":"Slavers","floor":23,"turns":3},{"damage":0,"enemies":"Gremlin Leader","floor":28,"turns":5},{"damage":8,"enemies":"Shelled Parasite and Fungi","floor":31,"turns":4},{"damage":14,"enemies":"Champ","floor":33,"turns":11},{"damage":9,"enemies":"3 Shapes","floor":35,"turns":4},{"damage":0,"enemies":"Orb Walker","floor":37,"turns":4},{"damage":21,"enemies":"Giant Head","floor":41,"turns":11},{"damage":38,"enemies":"Jaw Worm Horde","floor":47,"turns":4},{"damage":5,"enemies":"Sphere and 2 Shapes","floor":48,"turns":6},{"damage":30,"enemies":"Time Eater","floor":50,"turns":11}],"seed_played":"5893494252744860527","potions_obtained":[{"floor":5,"key":"Fire Potion"},{"floor":7,"key":"Fire Potion"},{"floor":8,"key":"GamblersBrew"},{"floor":11,"key":"Energy Potion"},{"floor":14,"key":"GamblersBrew"},{"floor":18,"key":"Energy Potion"},{"floor":28,"key":"LiquidBronze"},{"floor":31,"key":"AttackPotion"},{"floor":35,"key":"Weak Potion"},{"floor":37,"key":"SteroidPotion"}],"is_trial":false,"path_per_floor":["?","?","?","?","?","$","?","M","$","?","?","?","M"],"character_chosen":"THE_SILENT","items_purchased":["Bronze Scales","Footwork","Molten Egg 2","Sucker Punch+1","GhostInAJar","Blur+1","Caltrops","EssenceOfSteel","Dash+1"],"campfire_rested":5,"item_purchase_floors":[22,22,22,22,22,27,27,36,36],"current_hp_per_floor":[59,59,58,58,50,50,33,31,31,52,48,48,37,16,37,10,55,53,37,31,19,19,16,37,37,37,37,37,37,60,52,52,38,62,53,53,53,53,53,53,32,53,53,53,53,53,15,10,31,1],"gold":34,"neow_bonus":"RANDOM_COMMON_RELIC","is_prod":false,"is_daily":false,"chose_seed":false,"campfire_upgraded":5,"win_rate":0,"timestamp":1554000860,"path_taken":["M","M","M","?","M","R","E","M","T","R","E","?","M","E","R","BOSS","M","?","?","M","$","E","R","?","T","?","E","R","?","?","R","BOSS","M","?","M","$","?","R","E","R","T","?","R","?","?","M","R","BOSS"],"build_version":"2019-01-23","purchased_purges":1,"victory":true,"max_hp_per_floor":[70,70,70,70,70,70,70,70,70,70,70,70,70,70,70,70,70,70,70,70,70,70,70,70,70,70,70,70,70,70,70,70,70,70,70,70,70,70,70,70,70,70,70,70,70,70,70,70,70,70],"card_choices":[{"not_picked":["Bane","Backflip"],"picked":"Flying Knee","floor":1},{"not_picked":["PiercingWail","Dagger Spray"],"picked":"Caltrops","floor":2},{"not_picked":["Distraction","Predator"],"picked":"Finisher","floor":3},{"not_picked":["Blade Dance","Setup"],"picked":"Predator","floor":5},{"not_picked":["Deflect","PiercingWail"],"picked":"Poisoned Stab","floor":7},{"not_picked":["Flying Knee","Bane"],"picked":"Footwork","floor":8},{"not_picked":["Night Terror","Quick Slash"],"picked":"Dodge and Roll","floor":11},{"not_picked":["Riddle With Holes","Footwork"],"picked":"Choke","floor":13},{"not_picked":["Flying Knee","Dagger Throw"],"picked":"A Thousand Cuts","floor":14},{"not_picked":["Tools of the Trade","Burst"],"picked":"After Image","floor":16},{"not_picked":["Prepared","Dagger Throw"],"picked":"Crippling Poison+1","floor":18},{"not_picked":["Poisoned Stab","Deadly Poison","Outmaneuver"],"picked":"SKIP","floor":21},{"not_picked":["Skewer+1","Endless Agony+1"],"picked":"Backflip","floor":23},{"not_picked":["Grand Finale+1","Blade Dance+1"],"picked":"Backflip+1","floor":28},{"not_picked":["Cloak And Dagger+1","Dagger Throw+1"],"picked":"Backflip+1","floor":31},{"not_picked":["Bullet Time+1","Die Die Die+1"],"picked":"Corpse Explosion+1","floor":33},{"not_picked":["Bouncing Flask+1","Dagger Spray+1","Endless Agony+1"],"picked":"SKIP","floor":35},{"not_picked":["Flechettes+1","Caltrops+1","Dash+1"],"picked":"SKIP","floor":37},{"not_picked":["Expertise+1","Backstab+1"],"picked":"Skewer+1","floor":41},{"not_picked":["Outmaneuver+1","Sucker Punch+1","Deflect+1"],"picked":"PiercingWail+1","floor":47},{"not_picked":["Flechettes+1","Flying Knee+1","Bane+1","Prepared+1"],"picked":"SKIP","floor":48}],"player_experience":407772,"relics_obtained":[{"floor":7,"key":"Incense Burner"},{"floor":9,"key":"Boot"},{"floor":11,"key":"PreservedInsect"},{"floor":12,"key":"Smiling Mask"},{"floor":14,"key":"Letter Opener"},{"floor":19,"key":"Necronomicon"},{"floor":23,"key":"Bag of Preparation"},{"floor":26,"key":"Toxic Egg 2"},{"floor":28,"key":"Bottled Tornado"},{"floor":41,"key":"Question Card"},{"floor":43,"key":"Lantern"}],"event_choices":[{"damage_healed":0,"gold_gain":0,"player_choice":"Take Wound","damage_taken":0,"relics_obtained":["Golden Idol"],"max_hp_gain":0,"max_hp_loss":0,"event_name":"Golden Idol","floor":4,"gold_loss":0,"cards_obtained":["Injury"]},{"damage_healed":0,"gold_gain":0,"player_choice":"Searched \u00272\u0027 times","damage_taken":0,"max_hp_gain":0,"max_hp_loss":0,"event_name":"Dead Adventurer","floor":12,"gold_loss":0},{"damage_healed":0,"gold_gain":0,"player_choice":"Obtained Book","damage_taken":16,"max_hp_gain":0,"max_hp_loss":0,"event_name":"Cursed Tome","floor":19,"gold_loss":0},{"damage_healed":0,"gold_gain":0,"player_choice":"Joined the Cult","damage_taken":6,"max_hp_gain":0,"max_hp_loss":0,"event_name":"Nest","floor":20,"gold_loss":0,"cards_obtained":["RitualDagger"]},{"damage_healed":0,"gold_gain":0,"player_choice":"Ignored","damage_taken":0,"max_hp_gain":0,"max_hp_loss":0,"event_name":"Beggar","floor":25,"gold_loss":0},{"damage_healed":23,"gold_gain":0,"player_choice":"Heal","damage_taken":0,"max_hp_gain":0,"max_hp_loss":0,"event_name":"The Library","floor":30,"gold_loss":0},{"damage_healed":0,"gold_gain":0,"player_choice":"Memory 1","damage_taken":0,"max_hp_gain":0,"max_hp_loss":0,"event_name":"SensoryStone","floor":39,"gold_loss":0},{"damage_healed":0,"gold_gain":0,"player_choice":"Paid","damage_taken":0,"relics_obtained":["Red Mask"],"max_hp_gain":0,"max_hp_loss":0,"event_name":"Tomb of Lord Red Mask","floor":44,"gold_loss":132},{"damage_healed":0,"gold_gain":0,"player_choice":"Upgraded","damage_taken":0,"max_hp_gain":0,"max_hp_loss":0,"event_name":"Upgrade Shrine","floor":46,"gold_loss":0,"cards_upgraded":["Caltrops"]}],"is_beta":false,"boss_relics":[{"not_picked":["White Beast Statue","Tiny House"],"picked":"Velvet Choker"},{"not_picked":["Fusion Hammer","Pandora\u0027s Box"],"picked":"WristBlade"}],"items_purged_floors":[36],"is_endless":false,"potions_floor_spawned":[5,7,8,11,14,18,28,31,35,37],"ascension_level":9}