{"gold_per_floor":[116,128,128,128,128,159,159,53,53,83,103,103,132,132],"floor_reached":14,"playtime":382,"items_purged":[],"score":144,"play_id":"9d16dd25-c254-4d8c-aa0d-7f8932290f03","local_time":"20181110000524","is_ascension_mode":true,"campfire_choices":[{"data":"Creative AI","floor":7,"key":"SMITH"},{"floor":12,"key":"REST"}],"neow_cost":"NONE","seed_source_timestamp":199105435115600,"circlet_count":0,"master_deck":["Strike_B","Strike_B","Strike_B","Strike_B","Defend_B","Defend_B","Defend_B","Defend_B","Zap","Dualcast","Conserve Battery","Heatsinks","Creative AI+1","Auto Shields+1","Hello World","Leap+1"],"relics":["Cracked Core","NeowsBlessing","Singing Bowl","Molten Egg 2","Toxic Egg 2","Bottled Tornado","Turnip","Lantern"],"potions_floor_usage":[10,13],"damage_taken":[{"damage":0,"enemies":"Cultist","floor":1,"turns":1},{"damage":0,"enemies":"Jaw Worm","floor":2,"turns":1},{"damage":0,"enemies":"Lagavulin","floor":6,"turns":1},{"damage":39,"enemies":"Gremlin Nob","floor":10,"turns":5},{"damage":5,"enemies":"Small Slimes","floor":11,"turns":4},{"damage":30,"enemies":"3 Sentries","floor":13,"turns":6},{"damage":13,"enemies":"Red Slaver","floor":14,"turns":3}],"seed_played":"3375735016950295419","potions_obtained":[{"floor":2,"key":"FearPotion"},{"floor":6,"key":"Swift Potion"},{"floor":10,"key":"Energy Potion"}],"is_trial":false,"path_per_floor":["M","M","?","T","?","E","R","$","T","E","M","R","E","M"],"character_chosen":"DEFECT","items_purchased":["Auto Shields+1","Hello World"],"campfire_rested":1,"item_purchase_floors":[8,8],"current_hp_per_floor":[75,75,57,57,57,57,57,57,57,20,17,40,10,0],"gold":132,"neow_bonus":"THREE_ENEMY_KILL","is_prod":false,"is_daily":false,"chose_seed":false,"campfire_upgraded":1,"win_rate":0,"timestamp":1541826324,"path_taken":["M","M","?","?","?","E","R","$","T","E","M","R","E","M"],"build_version":"2018-11-08","purchased_purges":0,"victory":false,"max_hp_per_floor":[75,75,75,75,75,75,75,75,75,77,79,79,79,79],"card_choices":[{"not_picked":["Consume","Glacier"],"picked":"Conserve Battery","floor":1},{"not_picked":["Ball Lightning","Conserve Battery"],"picked":"Heatsinks","floor":2},{"not_picked":["Ball Lightning+1","Fission"],"picked":"Creative AI","floor":6},{"not_picked":["Redo+1","Steam+1","Go for the Eyes+1"],"picked":"Singing Bowl","floor":10},{"not_picked":["Cold Snap+1","Steam Power+1","Steam+1"],"picked":"Singing Bowl","floor":11},{"not_picked":["Sweeping Beam+1","Tempest+1"],"picked":"Leap+1","floor":13}],"player_experience":277458,"relics_obtained":[{"floor":4,"key":"Molten Egg 2"},{"floor":6,"key":"Toxic Egg 2"},{"floor":9,"key":"Bottled Tornado"},{"floor":10,"key":"Turnip"},{"floor":13,"key":"Lantern"}],"event_choices":[{"damage_healed":0,"gold_gain":0,"player_choice":"Success","damage_taken":18,"relics_obtained":["Singing Bowl"],"max_hp_gain":0,"max_hp_loss":0,"event_name":"Scrap Ooze","floor":3,"gold_loss":0},{"damage_healed":0,"gold_gain":0,"player_choice":"Bought 0 Potions","damage_taken":0,"max_hp_gain":0,"max_hp_loss":0,"event_name":"The Woman in Blue","floor":5,"gold_loss":0}],"is_beta":true,"boss_relics":[],"items_purged_floors":[],"is_endless":false,"potions_floor_spawned":[2,6,10],"killed_by":"Red Slaver","ascension_level":2}