{"gold_per_floor":[113,113,113,63,36,36,36,36,36,52,64,76,95,114,114,211,211,230,87,74,91,101,101,101],"floor_reached":24,"playtime":1146,"items_purged":[],"score":285,"play_id":"d26e6d60-b937-4aaa-82bb-9cb92c00188d","local_time":"20190308003632","is_ascension_mode":true,"campfire_choices":[{"data":"Genetic Algorithm","floor":6,"key":"SMITH"},{"data":"Sweeping Beam","floor":8,"key":"SMITH"},{"data":"Beam Cell","floor":15,"key":"SMITH"},{"floor":23,"key":"REST"}],"neow_cost":"NONE","seed_source_timestamp":38521148412900,"circlet_count":0,"master_deck":["AscendersBane","Strike_B","Strike_B","Strike_B","Strike_B","Defend_B","Defend_B","Defend_B","Zap+1","Dualcast","Genetic Algorithm+1","Sweeping Beam+1","Go for the Eyes","Rebound","Self Repair","Beam Cell+1","Gash","Electrodynamics","Self Repair+1","Cold Snap+1","Darkness+1"],"special_seed":0,"relics":["Cracked Core","Ornamental Fan","Cursed Key","Oddly Smooth Stone"],"potions_floor_usage":[16,24],"damage_taken":[{"damage":13,"enemies":"Small Slimes","floor":1,"turns":4},{"damage":8,"enemies":"2 Louse","floor":10,"turns":2},{"damage":3,"enemies":"Jaw Worm","floor":11,"turns":3},{"damage":6,"enemies":"Lots of Slimes","floor":12,"turns":2},{"damage":14,"enemies":"Exordium Wildlife","floor":13,"turns":4},{"damage":9,"enemies":"Red Slaver","floor":14,"turns":3},{"damage":32,"enemies":"Hexaghost","floor":16,"turns":9},{"damage":3,"enemies":"3 Byrds","floor":18,"turns":3},{"damage":25,"enemies":"2 Thieves","floor":20,"turns":4},{"damage":32,"enemies":"Snake Plant","floor":21,"turns":5},{"damage":22,"enemies":"Centurion and Healer","floor":22,"turns":6},{"damage":68,"enemies":"Book of Stabbing","floor":24,"turns":5}],"seed_played":"-8586221486982200878","potions_obtained":[{"floor":12,"key":"LiquidBronze"},{"floor":13,"key":"Energy Potion"},{"floor":14,"key":"Ancient Potion"},{"floor":16,"key":"Ancient Potion"},{"floor":22,"key":"LiquidBronze"}],"is_trial":false,"path_per_floor":["M","?","?","?","$","R","?","R","T","M","M","M","M","M","R","B",null,"M","$","M","M","M","R","E"],"character_chosen":"DEFECT","items_purchased":["Sweeping Beam","Oddly Smooth Stone"],"campfire_rested":1,"item_purchase_floors":[5,19],"current_hp_per_floor":[62,67,67,67,67,67,67,67,67,59,56,50,43,41,41,16,69,66,66,58,43,38,64,0],"gold":101,"neow_bonus":"TEN_PERCENT_HP_BONUS","is_prod":false,"is_daily":false,"chose_seed":false,"campfire_upgraded":3,"win_rate":0,"timestamp":1552023392,"path_taken":["M","?","?","?","$","R","?","R","T","M","?","?","M","M","R","BOSS","M","?","M","M","M","R","E"],"build_version":"2019-01-23","purchased_purges":0,"victory":false,"max_hp_per_floor":[82,87,87,87,87,87,87,87,87,87,87,87,87,87,87,87,87,87,87,87,87,87,87,87],"card_choices":[{"not_picked":["Hologram","Leap"],"picked":"Genetic Algorithm","floor":1},{"not_picked":["BootSequence","Steam"],"picked":"Go for the Eyes","floor":10},{"not_picked":["Leap","Genetic Algorithm"],"picked":"Rebound","floor":11},{"not_picked":["Leap","Conserve Battery"],"picked":"Self Repair","floor":12},{"not_picked":["Undo","Lockon"],"picked":"Beam Cell","floor":13},{"not_picked":["Leap","Go for the Eyes"],"picked":"Gash","floor":14},{"not_picked":["Amplify","Seek"],"picked":"Electrodynamics","floor":16},{"not_picked":["Double Energy","Beam Cell"],"picked":"Self Repair+1","floor":18},{"not_picked":["Reinforced Body","Tempest"],"picked":"Cold Snap+1","floor":20},{"not_picked":["Compile Driver","Static Discharge"],"picked":"Darkness+1","floor":21},{"not_picked":["Turbo","Self Repair","Barrage"],"picked":"SKIP","floor":22}],"player_experience":529252,"relics_obtained":[{"floor":9,"key":"Ornamental Fan"}],"event_choices":[{"damage_healed":0,"gold_gain":0,"player_choice":"Donut","damage_taken":0,"max_hp_gain":5,"max_hp_loss":0,"event_name":"Big Fish","floor":2,"gold_loss":0},{"damage_healed":0,"gold_gain":0,"player_choice":"Ignored","damage_taken":0,"max_hp_gain":0,"max_hp_loss":0,"event_name":"Shining Light","floor":3,"gold_loss":0},{"cards_removed":["Defend_B"],"damage_healed":0,"gold_gain":0,"player_choice":"Card Removal","damage_taken":0,"max_hp_gain":0,"max_hp_loss":0,"event_name":"The Cleric","floor":4,"gold_loss":50},{"damage_healed":0,"gold_gain":0,"player_choice":"Grow","damage_taken":0,"max_hp_gain":0,"max_hp_loss":0,"event_name":"Living Wall","floor":7,"gold_loss":0,"cards_upgraded":["Zap"]}],"is_beta":false,"boss_relics":[{"not_picked":["Sozu","Nuclear Battery"],"picked":"Cursed Key"}],"items_purged_floors":[],"is_endless":false,"potions_floor_spawned":[12,13,14,16,22],"killed_by":"Book of Stabbing","ascension_level":10}