{"gold_per_floor":[109,119,130,10,10,10,44,44,44,59,69,79,106,121,121,221,221,240,253,78,78,96,96],"floor_reached":23,"playtime":3209,"items_purged":["Strike_B"],"score":297,"play_id":"76411525-64b1-4b82-af5d-ef358cf8858d","local_time":"20190413073513","is_ascension_mode":true,"campfire_choices":[{"data":"Self Repair","floor":6,"key":"SMITH"},{"data":"Defragment","floor":15,"key":"SMITH"}],"neow_cost":"NONE","seed_source_timestamp":181946402775784,"circlet_count":0,"master_deck":["Strike_B","Strike_B","Strike_B","Defend_B","Defend_B","Defend_B","Defend_B","Zap+1","Dualcast","Conserve Battery","Glacier","Self Repair+1","Ball Lightning","Doom and Gloom","Defragment+1","Coolheaded","Barrage","Go for the Eyes+1","Capacitor","Core Surge+1","Undo","Leap","Loop","Sweeping Beam+1","RitualDagger+1","Go for the Eyes+1"],"relics":["Cracked Core","Incense Burner","Bottled Lightning","Molten Egg 2","Runic Dome"],"potions_floor_usage":[16],"damage_taken":[{"damage":0,"enemies":"Cultist","floor":1,"turns":3},{"damage":7,"enemies":"Jaw Worm","floor":2,"turns":4},{"damage":0,"enemies":"2 Louse","floor":3,"turns":2},{"damage":12,"enemies":"Lagavulin","floor":7,"turns":7},{"damage":2,"enemies":"Exordium Thugs","floor":10,"turns":5},{"damage":0,"enemies":"3 Louse","floor":11,"turns":3},{"damage":0,"enemies":"Blue Slaver","floor":12,"turns":4},{"damage":3,"enemies":"3 Sentries","floor":13,"turns":5},{"damage":2,"enemies":"Exordium Thugs","floor":14,"turns":4},{"damage":39,"enemies":"The Guardian","floor":16,"turns":10},{"damage":16,"enemies":"3 Byrds","floor":18,"turns":5},{"damage":14,"enemies":"Shell Parasite","floor":19,"turns":7},{"damage":18,"enemies":"Shelled Parasite and Fungi","floor":22,"turns":7},{"damage":58,"enemies":"Slavers","floor":23,"turns":6}],"seed_played":"5241604402971444839","potions_obtained":[{"floor":2,"key":"Block Potion"},{"floor":7,"key":"AttackPotion"},{"floor":8,"key":"EntropicBrew"},{"floor":22,"key":"SkillPotion"}],"is_trial":false,"path_per_floor":["?","?","?"],"character_chosen":"DEFECT","items_purchased":["Ball Lightning","Doom and Gloom","Loop","Sweeping Beam+1"],"campfire_rested":0,"item_purchase_floors":[4,4,20,20],"current_hp_per_floor":[75,68,68,68,68,68,66,66,66,74,82,82,79,82,82,53,75,69,65,65,59,51,0],"gold":96,"neow_bonus":"TEN_PERCENT_HP_BONUS","is_prod":false,"is_daily":false,"chose_seed":false,"campfire_upgraded":2,"win_rate":0,"timestamp":1555137313,"path_taken":["M","M","M","$","?","R","E","?","T","M","M","M","E","M","R","BOSS","M","M","$","?","M","E"],"build_version":"2019-01-23","purchased_purges":1,"victory":false,"max_hp_per_floor":[82,82,82,82,82,82,82,82,82,82,82,82,82,82,82,82,82,82,82,82,82,82,82],"card_choices":[{"not_picked":["Beam Cell","Barrage"],"picked":"Conserve Battery","floor":1},{"not_picked":["Lockon","Tempest"],"picked":"Glacier","floor":2},{"not_picked":["Turbo","Redo"],"picked":"Self Repair","floor":3},{"not_picked":["Doom and Gloom","Recycle"],"picked":"Defragment","floor":7},{"not_picked":["Rip and Tear","Rebound","Blizzard"],"picked":"SKIP","floor":10},{"not_picked":["Capacitor","Sweeping Beam"],"picked":"Coolheaded","floor":11},{"not_picked":["Streamline","Turbo"],"picked":"Barrage","floor":12},{"not_picked":["Fusion","Chill"],"picked":"Go for the Eyes","floor":13},{"not_picked":["Genetic Algorithm","Scrape+1"],"picked":"Capacitor","floor":14},{"not_picked":["Hyperbeam+1","Fission"],"picked":"Core Surge+1","floor":16},{"not_picked":["Leap","Gash+1"],"picked":"Undo","floor":18},{"not_picked":["Genetic Algorithm","Turbo"],"picked":"Leap","floor":19},{"not_picked":["Leap","Rebound+1"],"picked":"Go for the Eyes+1","floor":22}],"player_experience":586700,"relics_obtained":[{"floor":7,"key":"Incense Burner"},{"floor":9,"key":"Bottled Lightning"},{"floor":13,"key":"Molten Egg 2"}],"event_choices":[{"damage_healed":0,"gold_gain":0,"player_choice":"Grow","damage_taken":0,"max_hp_gain":0,"max_hp_loss":0,"event_name":"Living Wall","floor":5,"gold_loss":0,"cards_upgraded":["Zap"]},{"damage_healed":0,"gold_gain":0,"player_choice":"Got Potions","damage_taken":0,"max_hp_gain":0,"max_hp_loss":0,"event_name":"Lab","floor":8,"gold_loss":0},{"damage_healed":0,"gold_gain":0,"player_choice":"Joined the Cult","damage_taken":6,"max_hp_gain":0,"max_hp_loss":0,"event_name":"Nest","floor":21,"gold_loss":0,"cards_obtained":["RitualDagger"]}],"is_beta":false,"boss_relics":[{"not_picked":["Lizard Tail","Orrery"],"picked":"Runic Dome"}],"items_purged_floors":[20],"is_endless":false,"potions_floor_spawned":[2,7,12,14,22],"killed_by":"Slavers","ascension_level":9}