{"gold_per_floor":[115,290,240,254,268,268,303,322,322,322,322,356,30,42,42,147,147,161,176,193,4,20,20,47,47,128,128,128,6,6,31,31,134,134,149,168,168,168,187,187,206,234,282,282,11,22,12,29,29,29],"floor_reached":51,"playtime":2798,"items_purged":[],"score":725,"play_id":"4a5c2b9d-5850-4004-bc04-6b89e07e4690","local_time":"20190403204953","is_ascension_mode":false,"campfire_choices":[{"data":"Go for the Eyes","floor":6,"key":"SMITH"},{"floor":15,"key":"REST"},{"floor":23,"key":"REST"},{"floor":27,"key":"REST"},{"data":"Defragment","floor":32,"key":"SMITH"},{"floor":40,"key":"REST"},{"floor":49,"key":"REST"}],"neow_cost":"NONE","seed_source_timestamp":1208980477679863,"circlet_count":0,"master_deck":["Strike_B+1","Strike_B","Strike_B","Defend_B","Defend_B","Defend_B","Defend_B","Zap+1","Dualcast","Streamline","Beam Cell+1","Go for the Eyes+1","Capacitor","Cold Snap","Defragment+1","Leap+1","Machine Learning","Gash+1","Loop","Gash+1","Glacier+1","Hologram+1","Cold Snap","Rebound+1","Heatsinks+1","Buffer","Defragment+1","Hologram+1","Ball Lightning","Streamline+1","Sweeping Beam+1","The Bomb+1","Defragment","Barrage","Go for the Eyes","Rebound","Amplify+1"],"relics":["Cracked Core","Boot","The Courier","Ice Cream","Whetstone","Toxic Egg 2","Runic Pyramid","DataDisk","Bronze Scales","Pantograph","Gambling Chip","Vajra","Shuriken","Inserter","Letter Opener","Bag of Preparation","Membership Card","Ancient Tea Set"],"potions_floor_usage":[7,16,19,39,39],"damage_taken":[{"damage":1,"enemies":"Jaw Worm","floor":1,"turns":2},{"damage":3,"enemies":"Small Slimes","floor":4,"turns":2},{"damage":1,"enemies":"2 Louse","floor":5,"turns":2},{"damage":27,"enemies":"3 Sentries","floor":7,"turns":7},{"damage":7,"enemies":"Blue Slaver","floor":8,"turns":2},{"damage":30,"enemies":"Gremlin Nob","floor":12,"turns":4},{"damage":6,"enemies":"2 Fungi Beasts","floor":14,"turns":3},{"damage":15,"enemies":"Hexaghost","floor":16,"turns":9},{"damage":17,"enemies":"Spheric Guardian","floor":18,"turns":4},{"damage":9,"enemies":"Shell Parasite","floor":19,"turns":4},{"damage":5,"enemies":"Centurion and Healer","floor":20,"turns":5},{"damage":26,"enemies":"Snake Plant","floor":22,"turns":6},{"damage":14,"enemies":"Book of Stabbing","floor":24,"turns":7},{"damage":12,"enemies":"Gremlin Leader","floor":31,"turns":10},{"damage":25,"enemies":"Automaton","floor":33,"turns":8},{"damage":8,"enemies":"Orb Walker","floor":35,"turns":3},{"damage":19,"enemies":"3 Shapes","floor":36,"turns":4},{"damage":18,"enemies":"Maw","floor":39,"turns":6},{"damage":0,"enemies":"Transient","floor":41,"turns":5},{"damage":4,"enemies":"Giant Head","floor":42,"turns":12},{"damage":1,"enemies":"3 Darklings","floor":46,"turns":6},{"damage":18,"enemies":"4 Shapes","floor":48,"turns":4},{"damage":21,"enemies":"Donu and Deca","floor":50,"turns":8}],"seed_played":"-6732328168001703958","potions_obtained":[{"floor":1,"key":"Swift Potion"},{"floor":7,"key":"Ancient Potion"},{"floor":14,"key":"GamblersBrew"},{"floor":16,"key":"Swift Potion"},{"floor":18,"key":"AttackPotion"},{"floor":24,"key":"FocusPotion"},{"floor":36,"key":"AttackPotion"},{"floor":42,"key":"SpeedPotion"},{"floor":48,"key":"LiquidBronze"}],"is_trial":false,"path_per_floor":["M","?","?","M","M","R","E","M","T","?","?","E","$","M","R","B",null,"M","M","M","$","M","R","E","?","T","R","?","$","$","E","R","B",null,"M","M","?","?","M","R","M","E","T","?","$","M","$","M","R","B",null],"character_chosen":"DEFECT","items_purchased":["Whetstone","Toxic Egg 2","DataDisk","Glacier+1","Hologram+1","Vajra","Membership Card","Ancient Tea Set","Defragment","Barrage","Rebound"],"campfire_rested":5,"item_purchase_floors":[13,13,21,21,21,29,45,45,45,45,47],"current_hp_per_floor":[74,74,74,71,70,70,43,36,36,41,41,11,11,5,29,14,80,63,54,49,49,23,47,33,33,33,57,57,57,57,45,45,45,80,72,53,53,53,35,59,59,55,55,55,55,54,54,36,60,59],"gold":29,"neow_bonus":"UPGRADE_CARD","is_prod":false,"is_daily":false,"chose_seed":false,"campfire_upgraded":2,"win_rate":0,"timestamp":1554338993,"path_taken":["M","?","?","M","M","R","E","M","T","?","?","E","$","?","R","BOSS","M","M","M","$","M","R","E","?","T","R","?","?","$","E","R","BOSS","M","M","?","?","M","R","M","E","T","?","?","?","?","M","R","BOSS"],"build_version":"2019-01-23","purchased_purges":0,"victory":true,"max_hp_per_floor":[75,75,75,75,75,75,75,75,75,80,80,80,80,80,80,80,80,80,80,80,80,80,80,80,80,80,80,80,80,80,80,80,80,80,80,80,80,80,80,80,80,80,80,80,80,80,80,80,80,80],"card_choices":[{"not_picked":["Reinforced Body","Stack"],"picked":"Streamline","floor":1},{"not_picked":["Stack","Steam"],"picked":"Beam Cell","floor":4},{"not_picked":["Stack","Turbo"],"picked":"Go for the Eyes","floor":5},{"not_picked":["Reboot","Chill"],"picked":"Capacitor","floor":7},{"not_picked":["Turbo","Chill"],"picked":"Cold Snap","floor":8},{"not_picked":["Sweeping Beam","Hologram"],"picked":"Defragment","floor":12},{"not_picked":["Ball Lightning","Steam+1"],"picked":"Leap+1","floor":14},{"not_picked":["Thunder Strike","Seek+1"],"picked":"Machine Learning","floor":16},{"not_picked":["Go for the Eyes","Coolheaded+1"],"picked":"Gash+1","floor":18},{"not_picked":["Rip and Tear+1","Storm"],"picked":"Loop","floor":19},{"not_picked":["Stack+1","Beam Cell+1"],"picked":"Gash+1","floor":20},{"not_picked":["Biased Cognition","Ball Lightning"],"picked":"Cold Snap","floor":22},{"not_picked":["Consume+1","Turbo+1"],"picked":"Rebound+1","floor":24},{"not_picked":["Reboot+1","Rebound+1"],"picked":"Heatsinks+1","floor":31},{"not_picked":["Machine Learning","Hyperbeam"],"picked":"Buffer","floor":33},{"not_picked":["Barrage+1","Fusion+1"],"picked":"Defragment+1","floor":35},{"not_picked":["Coolheaded+1","Ball Lightning+1"],"picked":"Hologram+1","floor":36},{"not_picked":["Capacitor","Tempest+1"],"picked":"Ball Lightning","floor":39},{"not_picked":["Auto Shields+1","Compile Driver"],"picked":"Streamline+1","floor":41},{"not_picked":["Capacitor+1","Compile Driver"],"picked":"Sweeping Beam+1","floor":42},{"not_picked":["Panacea+1","Chrysalis+1"],"picked":"The Bomb+1","floor":44},{"not_picked":["Beam Cell","Steam+1"],"picked":"Go for the Eyes","floor":46},{"not_picked":["Streamline","Go for the Eyes"],"picked":"Amplify+1","floor":48}],"player_experience":263226,"relics_obtained":[{"floor":7,"key":"Boot"},{"floor":9,"key":"The Courier"},{"floor":12,"key":"Ice Cream"},{"floor":24,"key":"Bronze Scales"},{"floor":26,"key":"Pantograph"},{"floor":31,"key":"Shuriken"},{"floor":42,"key":"Letter Opener"},{"floor":43,"key":"Bag of Preparation"}],"event_choices":[{"damage_healed":0,"gold_gain":175,"player_choice":"AGREE","damage_taken":0,"max_hp_gain":0,"max_hp_loss":0,"event_name":"Liars Game","floor":2,"gold_loss":0,"cards_obtained":["Doubt"]},{"cards_removed":["Doubt"],"damage_healed":0,"gold_gain":0,"player_choice":"Card Removal","damage_taken":0,"max_hp_gain":0,"max_hp_loss":0,"event_name":"The Cleric","floor":3,"gold_loss":50},{"damage_healed":0,"gold_gain":0,"player_choice":"Donut","damage_taken":0,"max_hp_gain":5,"max_hp_loss":0,"event_name":"Big Fish","floor":10,"gold_loss":0},{"damage_healed":0,"gold_gain":0,"player_choice":"Grow","damage_taken":0,"max_hp_gain":0,"max_hp_loss":0,"event_name":"Living Wall","floor":11,"gold_loss":0,"cards_upgraded":["Beam Cell"]},{"damage_healed":0,"gold_gain":0,"player_choice":"Ignored","damage_taken":0,"max_hp_gain":0,"max_hp_loss":0,"event_name":"Vampires","floor":25,"gold_loss":0},{"damage_healed":0,"gold_gain":0,"player_choice":"Opened","damage_taken":0,"relics_obtained":["Gambling Chip"],"max_hp_gain":0,"max_hp_loss":0,"event_name":"The Mausoleum","floor":28,"gold_loss":0},{"cards_removed":["Strike_B"],"damage_healed":0,"gold_gain":0,"player_choice":"Removed Attack","damage_taken":0,"max_hp_gain":0,"max_hp_loss":0,"event_name":"Falling","floor":37,"gold_loss":0},{"damage_healed":0,"gold_gain":0,"player_choice":"Ignored","damage_taken":0,"max_hp_gain":0,"max_hp_loss":0,"event_name":"Mysterious Sphere","floor":38,"gold_loss":0},{"damage_healed":0,"gold_gain":0,"player_choice":"Memory 1","damage_taken":0,"max_hp_gain":0,"max_hp_loss":0,"event_name":"SensoryStone","floor":44,"gold_loss":0}],"is_beta":false,"boss_relics":[{"not_picked":["Calling Bell","White Beast Statue"],"picked":"Runic Pyramid"},{"not_picked":["Black Star","Lizard Tail"],"picked":"Inserter"}],"items_purged_floors":[],"is_endless":false,"potions_floor_spawned":[1,7,14,16,18,24,36,42,48],"ascension_level":0}