{"gold_per_floor":[117,49,64,64,80,80,96,29,29,29,39,72,72,107,107,212,212,228,228,153,153,153,180,180,211,211,139,159,169,169,186,186,282,282,294,294,304,323,323,323],"floor_reached":40,"playtime":2570,"items_purged":["Bash"],"score":668,"play_id":"9a984cd0-4692-43be-9176-bf337e043ff0","local_time":"20190307144800","is_ascension_mode":true,"campfire_choices":[{"data":"Uppercut","floor":6.0,"key":"SMITH"},{"floor":13.0,"key":"REST"},{"floor":15.0,"key":"REST"},{"data":"Heavy Blade","floor":24.0,"key":"SMITH"},{"floor":30.0,"key":"DIG"},{"data":"Rupture","floor":32.0,"key":"SMITH"}],"neow_cost":"NONE","seed_source_timestamp":1695543561600,"circlet_count":0,"master_deck":["Strike_R","Strike_R","Strike_R","Strike_R","Strike_R","Defend_R","Defend_R","Defend_R","Defend_R","Hemokinesis","Uppercut+1","Inflame","Shrug It Off","Rupture+1","Heavy Blade+1","Immolate","Ghostly","Ghostly","Ghostly","Ghostly","Ghostly","Decay","Brutality","Combust","Double Tap","Armaments","Secret Technique"],"special_seed":0,"relics":["Burning Blood","Ancient Tea Set","FaceOfCleric","Darkstone Periapt","Oddly Smooth Stone","Velvet Choker","Shovel","Regal Pillow","Shuriken","Mercury Hourglass","Bottled Lightning","Runic Pyramid"],"potions_floor_usage":[33,33,33,40,40,40],"damage_taken":[{"damage":1.0,"enemies":"Cultist","floor":1.0,"turns":3.0},{"damage":3.0,"enemies":"2 Louse","floor":3.0,"turns":2.0},{"damage":6.0,"enemies":"Small Slimes","floor":5.0,"turns":3.0},{"damage":19.0,"enemies":"Blue Slaver","floor":7.0,"turns":3.0},{"damage":40.0,"enemies":"Gremlin Gang","floor":11.0,"turns":6.0},{"damage":26.0,"enemies":"Gremlin Nob","floor":12.0,"turns":4.0},{"damage":18.0,"enemies":"Lagavulin","floor":14.0,"turns":6.0},{"damage":58.0,"enemies":"Slime Boss","floor":16.0,"turns":13.0},{"damage":44.0,"enemies":"Shell Parasite","floor":18.0,"turns":6.0},{"damage":5.0,"enemies":"Slavers","floor":23.0,"turns":7.0},{"damage":8.0,"enemies":"Gremlin Leader","floor":25.0,"turns":6.0},{"damage":8.0,"enemies":"Chosen","floor":28.0,"turns":6.0},{"damage":9.0,"enemies":"Snecko","floor":29.0,"turns":6.0},{"damage":8.0,"enemies":"Snake Plant","floor":31.0,"turns":5.0},{"damage":36,"enemies":"Automaton","floor":33,"turns":8},{"damage":12,"enemies":"3 Darklings","floor":35,"turns":5},{"damage":8,"enemies":"3 Shapes","floor":37,"turns":3},{"damage":26,"enemies":"Maw","floor":38,"turns":7},{"damage":25,"enemies":"Giant Head","floor":40,"turns":6}],"seed_played":"4893830653216298632","potions_obtained":[{"floor":5.0,"key":"SkillPotion"},{"floor":7.0,"key":"Strength Potion"},{"floor":11.0,"key":"Ancient Potion"},{"floor":16.0,"key":"Weak Potion"},{"floor":18.0,"key":"Strength Potion"},{"floor":29.0,"key":"FearPotion"},{"floor":36,"key":"Dexterity Potion"},{"floor":36,"key":"Explosive Potion"},{"floor":36,"key":"Explosive Potion"},{"floor":38,"key":"FearPotion"}],"is_trial":false,"path_per_floor":["M","$","M","?","M","R","M","$","T","?","M","E","R","E","R","B",null,"M","?","$","?","?","E","R","E","T","$","M","M","R","M","R","B",null,"M","?","M","M","?","E"],"character_chosen":"IRONCLAD","items_purchased":["Uppercut","Rupture","Regen Potion"],"campfire_rested":2,"item_purchase_floors":[2,8,27],"current_hp_per_floor":[85,85,88,88,88,88,75,75,75,75,42,23,50,39,66,15,73,36,36,36,36,42,44,44,43,43,43,42,55,55,54,54,25,50,45,45,44,25,25,0],"gold":323,"neow_bonus":"TEN_PERCENT_HP_BONUS","is_prod":false,"is_daily":false,"chose_seed":false,"campfire_upgraded":3,"win_rate":0,"timestamp":1551988080,"path_taken":["M","?","?","?","M","R","M","$","T","?","?","E","R","E","R","BOSS","M","?","$","?","?","E","R","E","T","$","M","M","R","M","R","BOSS","M","?","?","M","?","E"],"build_version":"2019-01-23","purchased_purges":1,"victory":false,"max_hp_per_floor":[88,88,88,88,88,88,88,88,88,88,89,90,90,91,91,92,92,93,93,93,46,52,53,53,54,54,54,55,56,56,57,57,58,58,59,59,60,61,61,61],"card_choices":[{"not_picked":["Warcry","Cleave"],"picked":"Hemokinesis","floor":1.0},{"not_picked":["Intimidate","Pummel","Havoc"],"picked":"SKIP","floor":3.0},{"not_picked":["Perfected Strike","Flame Barrier"],"picked":"Inflame","floor":5.0},{"not_picked":["Thunderclap","Perfected Strike"],"picked":"Shrug It Off","floor":7.0},{"not_picked":["Warcry","Body Slam","Flex"],"picked":"SKIP","floor":11.0},{"not_picked":["Berserk","Entrench"],"picked":"Heavy Blade","floor":12.0},{"not_picked":["Pommel Strike","Warcry","Iron Wave"],"picked":"SKIP","floor":14.0},{"not_picked":["Barricade","Fiend Fire"],"picked":"Immolate","floor":16.0},{"not_picked":["Pommel Strike+1","Inflame","Wild Strike"],"picked":"SKIP","floor":18.0},{"not_picked":["Body Slam","Armaments","Perfected Strike"],"picked":"SKIP","floor":23.0},{"not_picked":["Fiend Fire","Warcry"],"picked":"Brutality","floor":25.0},{"not_picked":["Wild Strike","Pommel Strike"],"picked":"Combust","floor":28.0},{"not_picked":["Iron Wave","Cleave","Havoc"],"picked":"SKIP","floor":29.0},{"not_picked":["Dual Wield","Clash+1","Combust+1"],"picked":"SKIP","floor":31.0},{"not_picked":["Fiend Fire","Impervious"],"picked":"Double Tap","floor":33},{"not_picked":["Rupture","Carnage","Thunderclap"],"picked":"SKIP","floor":35},{"not_picked":["Havoc","Pommel Strike"],"picked":"Armaments","floor":37},{"not_picked":["Body Slam+1","Pommel Strike","Power Through"],"picked":"SKIP","floor":38},{"not_picked":["Metamorphosis","Magnetism"],"picked":"Secret Technique","floor":39}],"player_experience":526682,"relics_obtained":[{"floor":9.0,"key":"Ancient Tea Set"},{"floor":12.0,"key":"Darkstone Periapt"},{"floor":14.0,"key":"Oddly Smooth Stone"},{"floor":23.0,"key":"Regal Pillow"},{"floor":25.0,"key":"Shuriken"},{"floor":26.0,"key":"Mercury Hourglass"},{"floor":30.0,"key":"Bottled Lightning"}],"event_choices":[{"damage_healed":0.0,"max_hp_gain":0.0,"max_hp_loss":0.0,"gold_gain":0.0,"event_name":"Shining Light","player_choice":"Ignored","floor":4.0,"gold_loss":0.0,"damage_taken":0.0},{"damage_healed":0.0,"max_hp_gain":0.0,"max_hp_loss":0.0,"gold_gain":0.0,"event_name":"FaceTrader","player_choice":"Trade","floor":10.0,"gold_loss":0.0,"damage_taken":0.0,"relics_obtained":["FaceOfCleric"]},{"damage_healed":0.0,"max_hp_gain":0.0,"max_hp_loss":0.0,"gold_gain":0.0,"event_name":"The Mausoleum","player_choice":"Opened","floor":19.0,"gold_loss":0.0,"damage_taken":0.0,"relics_obtained":["Shovel"]},{"damage_healed":0.0,"max_hp_gain":0.0,"max_hp_loss":47.0,"gold_gain":0.0,"event_name":"Ghosts","player_choice":"Became a Ghost","floor":21.0,"gold_loss":0.0,"damage_taken":0.0,"cards_obtained":["Ghostly","Ghostly","Ghostly","Ghostly","Ghostly"]},{"damage_healed":0.0,"max_hp_gain":0.0,"max_hp_loss":0.0,"gold_gain":0.0,"event_name":"Forgotten Altar","player_choice":"Smashed Altar","floor":22.0,"gold_loss":0.0,"damage_taken":0.0,"cards_obtained":["Decay"]},{"damage_healed":0,"gold_gain":0,"player_choice":"Got Potions","damage_taken":0,"max_hp_gain":0,"max_hp_loss":0,"event_name":"Lab","floor":36,"gold_loss":0},{"damage_healed":0,"gold_gain":0,"player_choice":"Memory 1","damage_taken":0,"max_hp_gain":0,"max_hp_loss":0,"event_name":"SensoryStone","floor":39,"gold_loss":0}],"is_beta":false,"boss_relics":[{"not_picked":["Busted Crown","Black Star"],"picked":"Velvet Choker"},{"not_picked":["Pandora\u0027s Box","Coffee Dripper"],"picked":"Runic Pyramid"}],"items_purged_floors":[20],"is_endless":false,"potions_floor_spawned":[5,7,11,16,18,23,29,38],"killed_by":"Giant Head","ascension_level":8}