{"gold_per_floor":[118,43,43,118,118,118,138,157,157,168,185,198,198,198,198,299,299,313,203,203,128],"floor_reached":21,"playtime":788,"items_purged":["Meteor Strike"],"score":245,"play_id":"72bffed8-7fe5-4e03-a821-09341748b425","local_time":"20190227163700","is_ascension_mode":true,"campfire_choices":[{"data":"Gash","floor":6,"key":"SMITH"},{"floor":13,"key":"REST"},{"floor":15,"key":"REST"}],"neow_cost":"NONE","seed_source_timestamp":442338398780100,"circlet_count":0,"master_deck":["Strike_B","Strike_B","Strike_B","Defend_B","Defend_B","Defend_B","Defend_B","Zap+1","Dualcast","Gash+1","Glacier","Go for the Eyes","Doom and Gloom","Defragment","Redo","Core Surge","Defragment","Defragment","Darkness+1"],"relics":["Cracked Core","Blue Candle","NlothsMask","Nuclear Battery"],"potions_floor_usage":[12,16],"damage_taken":[{"damage":2,"enemies":"Jaw Worm","floor":1,"turns":3},{"damage":7,"enemies":"Small Slimes","floor":7,"turns":3},{"damage":9,"enemies":"2 Louse","floor":8,"turns":2},{"damage":32,"enemies":"Gremlin Gang","floor":10,"turns":6},{"damage":0,"enemies":"Looter","floor":11,"turns":4},{"damage":0,"enemies":"Red Slaver","floor":12,"turns":3},{"damage":38,"enemies":"The Guardian","floor":16,"turns":11},{"damage":6,"enemies":"Chosen","floor":18,"turns":5},{"damage":59,"enemies":"2 Thieves","floor":21,"turns":3}],"seed_played":"-7689644552710590202","potions_obtained":[{"floor":7,"key":"SpeedPotion"},{"floor":10,"key":"Energy Potion"},{"floor":11,"key":"Explosive Potion"},{"floor":12,"key":"Dexterity Potion"}],"is_trial":false,"path_per_floor":["M","$","?","?","?","R","M","M","T","M","M","M","R","?","R","B",null,"M","$","?","M"],"character_chosen":"DEFECT","items_purchased":["Defragment","Darkness"],"campfire_rested":2,"item_purchase_floors":[19,19],"current_hp_per_floor":[66,66,66,55,55,55,48,39,39,7,7,7,29,29,51,13,60,54,54,54,0],"gold":128,"neow_bonus":"ONE_RANDOM_RARE_CARD","is_prod":false,"is_daily":false,"chose_seed":false,"campfire_upgraded":1,"win_rate":0,"timestamp":1551303420,"path_taken":["M","$","?","?","?","R","M","M","T","?","M","M","R","?","R","BOSS","M","$","?","?"],"build_version":"2019-01-23","purchased_purges":1,"victory":false,"max_hp_per_floor":[75,75,75,75,75,75,75,75,75,75,75,75,75,75,75,75,75,75,75,75,75],"card_choices":[{"not_picked":["Conserve Battery","Barrage"],"picked":"Gash","floor":1},{"not_picked":["Force Field","Stack"],"picked":"Glacier","floor":7},{"not_picked":["Hello World","Compile Driver"],"picked":"Go for the Eyes","floor":8},{"not_picked":["Steam Power","Defragment"],"picked":"Doom and Gloom","floor":10},{"not_picked":["Stack","Tempest"],"picked":"Defragment","floor":11},{"not_picked":["Rip and Tear","Rebound"],"picked":"Redo","floor":12},{"not_picked":["Thunder Strike","Rainbow"],"picked":"Core Surge","floor":16},{"not_picked":["Rebound","Glacier"],"picked":"Defragment","floor":18}],"player_experience":496288,"relics_obtained":[{"floor":9,"key":"Blue Candle"}],"event_choices":[{"damage_healed":0,"gold_gain":0,"player_choice":"Grow","damage_taken":0,"max_hp_gain":0,"max_hp_loss":0,"event_name":"Living Wall","floor":3,"gold_loss":0,"cards_upgraded":["Zap"]},{"damage_healed":0,"gold_gain":75,"player_choice":"Gather Gold","damage_taken":11,"max_hp_gain":0,"max_hp_loss":0,"event_name":"World of Goop","floor":4,"gold_loss":0},{"cards_removed":["Strike_B"],"damage_healed":0,"gold_gain":0,"player_choice":"Purged","damage_taken":0,"max_hp_gain":0,"max_hp_loss":0,"event_name":"Purifier","floor":5,"gold_loss":0},{"damage_healed":0,"gold_gain":0,"player_choice":"Trade","damage_taken":0,"relics_obtained":["NlothsMask"],"max_hp_gain":0,"max_hp_loss":0,"event_name":"FaceTrader","floor":14,"gold_loss":0},{"damage_healed":0,"gold_gain":0,"player_choice":"Upgraded","damage_taken":0,"max_hp_gain":0,"max_hp_loss":0,"event_name":"Upgrade Shrine","floor":20,"gold_loss":0,"cards_upgraded":["Darkness"]}],"is_beta":false,"boss_relics":[{"not_picked":["Fusion Hammer","Ectoplasm"],"picked":"Nuclear Battery"}],"items_purged_floors":[2],"is_endless":false,"potions_floor_spawned":[7,10,11,12],"killed_by":"2 Thieves","ascension_level":9}