{"gold_per_floor":[111,111,121,121,121,121,165,188,213,232,252,270,303,316,316,437,437,458,398,47,61,75,113,28,28],"floor_reached":25,"playtime":785,"items_purged":[],"score":273,"play_id":"a1839ac7-4b65-4488-8aae-99fc57f5fb74","local_time":"20181030200201","is_ascension_mode":true,"campfire_choices":[{"data":"Turbo","floor":6,"key":"SMITH"},{"floor":15,"key":"REST"}],"neow_cost":"NONE","seed_source_timestamp":183755702611700,"circlet_count":0,"master_deck":["Strike_B","Strike_B","Defend_B","Defend_B","Defend_B","Defend_B","Zap+1","Dualcast","Rebound","Turbo+1","Sunder","Ball Lightning","Leap","Ball Lightning","Echo Form","Thunder Strike","Tempest","Gash","Reprogram","White Noise","Storm","White Noise+1","Undo"],"relics":["Cracked Core","NeowsBlessing","Bag of Marbles","Golden Idol","Regal Pillow","Happy Flower","Bronze Scales","Lizard Tail","Runic Capacitor","Turnip","Meat on the Bone"],"potions_floor_usage":[10,13,13,22,23,23],"damage_taken":[{"damage":0,"enemies":"Jaw Worm","floor":1,"turns":1},{"damage":0,"enemies":"Cultist","floor":3,"turns":1},{"damage":0,"enemies":"3 Sentries","floor":7,"turns":1},{"damage":0,"enemies":"Small Slimes","floor":8,"turns":2},{"damage":5,"enemies":"Looter","floor":10,"turns":2},{"damage":0,"enemies":"Blue Slaver","floor":11,"turns":1},{"damage":6,"enemies":"Exordium Wildlife","floor":12,"turns":2},{"damage":13,"enemies":"Gremlin Nob","floor":13,"turns":3},{"damage":0,"enemies":"Looter","floor":14,"turns":2},{"damage":63,"enemies":"The Guardian","floor":16,"turns":10},{"damage":1,"enemies":"3 Byrds","floor":18,"turns":3},{"damage":1,"enemies":"Chosen","floor":21,"turns":3},{"damage":40,"enemies":"Centurion and Healer","floor":22,"turns":4},{"damage":39,"enemies":"Gremlin Leader","floor":23,"turns":6},{"damage":47,"enemies":"Cultist and Chosen","floor":25,"turns":4}],"seed_played":"4820446540507440669","potions_obtained":[{"floor":1,"key":"AttackPotion"},{"floor":7,"key":"Explosive Potion"},{"floor":11,"key":"Dexterity Potion"},{"floor":16,"key":"PowerPotion"},{"floor":18,"key":"Fruit Juice"},{"floor":21,"key":"Strength Potion"}],"is_trial":false,"path_per_floor":["M","?","M","?","?","R","E","M","T","M","M","M","E","M","R","B",null,"M","?","$","M","M","E","?"],"character_chosen":"DEFECT","items_purchased":["White Noise","Storm","Runic Capacitor"],"campfire_rested":1,"item_purchase_floors":[20,20,20],"current_hp_per_floor":[75,75,75,72,54,54,54,54,54,49,49,43,30,30,67,4,75,74,74,74,73,33,40,40,0],"gold":28,"neow_bonus":"THREE_ENEMY_KILL","is_prod":false,"is_daily":false,"chose_seed":false,"campfire_upgraded":1,"win_rate":0,"timestamp":1540944121,"path_taken":["M","?","M","?","?","R","E","M","T","?","M","M","E","M","R","BOSS","M","?","$","M","M","E","?","M"],"build_version":"2018-10-29v2","purchased_purges":0,"victory":false,"max_hp_per_floor":[75,75,75,75,75,75,75,75,75,75,75,75,75,75,75,75,75,75,75,75,75,75,80,80,80],"card_choices":[{"not_picked":["Cold Snap","Turbo"],"picked":"Rebound","floor":1},{"not_picked":["Barrage","Stack"],"picked":"Turbo","floor":3},{"not_picked":["Blizzard","Leap"],"picked":"Sunder","floor":7},{"not_picked":["Gash","Undo"],"picked":"Ball Lightning","floor":8},{"not_picked":["Stack","Gash"],"picked":"Leap","floor":10},{"not_picked":["Gash","Go for the Eyes"],"picked":"Ball Lightning","floor":11},{"not_picked":["Stack","Consume","Scrape"],"picked":"SKIP","floor":12},{"not_picked":["Chill","Beam Cell"],"picked":"Echo Form","floor":13},{"not_picked":["Coolheaded","Barrage","Hologram"],"picked":"SKIP","floor":14},{"not_picked":["Echo Form","Seek"],"picked":"Thunder Strike","floor":16},{"not_picked":["Go for the Eyes+1","Gash"],"picked":"Tempest","floor":18},{"not_picked":["Cold Snap","Stack"],"picked":"White Noise+1","floor":21},{"not_picked":["Ball Lightning","Steam Power","Aggregate+1"],"picked":"SKIP","floor":22},{"not_picked":["Ball Lightning","Rebound+1"],"picked":"Undo","floor":23}],"player_experience":268120,"relics_obtained":[{"floor":7,"key":"Regal Pillow"},{"floor":9,"key":"Happy Flower"},{"floor":13,"key":"Bronze Scales"},{"floor":23,"key":"Turnip"}],"event_choices":[{"damage_healed":0,"gold_gain":0,"player_choice":"Upgraded","damage_taken":0,"max_hp_gain":0,"max_hp_loss":0,"event_name":"Upgrade Shrine","floor":2,"gold_loss":0,"cards_upgraded":["Zap"]},{"damage_healed":0,"gold_gain":0,"player_choice":"Success","damage_taken":3,"relics_obtained":["Bag of Marbles"],"max_hp_gain":0,"max_hp_loss":0,"event_name":"Scrap Ooze","floor":4,"gold_loss":0},{"damage_healed":0,"gold_gain":0,"player_choice":"Take Damage","damage_taken":18,"relics_obtained":["Golden Idol"],"max_hp_gain":0,"max_hp_loss":0,"event_name":"Golden Idol","floor":5,"gold_loss":0},{"damage_healed":0,"gold_gain":0,"cards_transformed":["Strike_B","Strike_B"],"player_choice":"Transformed Cards","damage_taken":0,"max_hp_gain":0,"max_hp_loss":0,"event_name":"Designer","floor":19,"gold_loss":60,"cards_obtained":["Gash","Reprogram"]},{"damage_healed":0,"gold_gain":0,"player_choice":"Obtained Relic","damage_taken":0,"relics_obtained":["Meat on the Bone"],"max_hp_gain":0,"max_hp_loss":0,"event_name":"Addict","floor":24,"gold_loss":85}],"is_beta":true,"boss_relics":[{"not_picked":["Snecko Eye","Tiny House"],"picked":"Lizard Tail"}],"items_purged_floors":[],"is_endless":false,"potions_floor_spawned":[1,7,11,16,18,21],"killed_by":"Cultist and Chosen","ascension_level":1}