{"gold_per_floor":[118,78,90,110,127,158,158,186,186,214,214,240,240,265,265,344,344,363,373,76,89,89,146,421,455,455,467,0,27,42,53,53,130,130,146,157,176,194,194,227,58,58,110,124,149,159,177,191,191,191,191,191,191,8,33,33],"floor_reached":56,"playtime":5695,"items_purged":["Strike_G","Regret"],"score":2147,"play_id":"92b894c2-4761-4503-9ee0-d60e96f89512","local_time":"20190422204134","is_ascension_mode":true,"campfire_choices":[{"data":"Deadly Poison","floor":7,"key":"SMITH"},{"floor":13,"key":"REST"},{"data":"Caltrops","floor":15,"key":"SMITH"},{"floor":32,"key":"RECALL"},{"data":"Footwork","floor":49,"key":"SMITH"},{"floor":53,"key":"REST"}],"neow_cost":"NONE","seed_source_timestamp":373287804458668,"circlet_count":0,"master_deck":["AscendersBane","Defend_G","Defend_G","Defend_G","Defend_G","Defend_G","Survivor","Neutralize","Deadly Poison+1","Dash","Leg Sweep","Backflip","Dagger Throw","Caltrops+1","Backstab","Calculated Gamble","Malaise","Bite","Bite","Bite","Bite","Bite","Adrenaline","Apotheosis","Bouncing Flask+1","Catalyst","Night Terror","Blur","PiercingWail+1","Footwork+1","Parasite","PiercingWail","Dodge and Roll","Tools of the Trade","Dodge and Roll"],"relics":["Ring of the Snake","Potion Belt","Bronze Scales","Pocketwatch","Bottled Tornado","Singing Bowl","Ginger","Strawberry","Cursed Key","OrangePellets","Tiny Chest","Gremlin Horn","Question Card","Philosopher\u0027s Stone","Shuriken","Bag of Preparation","Dodecahedron","Pantograph"],"potions_floor_usage":[6,6,10,12,14,23,29,29,33,35,38,38,38,38,38,47,50,55,55,56,56],"damage_taken":[{"damage":3,"enemies":"Cultist","floor":1,"turns":5},{"damage":0,"enemies":"Jaw Worm","floor":3,"turns":4},{"damage":0,"enemies":"2 Louse","floor":4,"turns":2},{"damage":0,"enemies":"Red Slaver","floor":5,"turns":5},{"damage":27,"enemies":"Gremlin Nob","floor":6,"turns":4},{"damage":14,"enemies":"Lagavulin","floor":8,"turns":8},{"damage":0,"enemies":"3 Sentries","floor":10,"turns":9},{"damage":6,"enemies":"Lagavulin","floor":12,"turns":6},{"damage":21,"enemies":"Gremlin Nob","floor":14,"turns":4},{"damage":7,"enemies":"Hexaghost","floor":16,"turns":8},{"damage":0,"enemies":"3 Byrds","floor":18,"turns":3},{"damage":4,"enemies":"2 Thieves","floor":19,"turns":4},{"damage":15,"enemies":"Snake Plant","floor":21,"turns":3},{"damage":0,"enemies":"Slavers","floor":23,"turns":5},{"damage":16,"enemies":"Book of Stabbing","floor":25,"turns":5},{"damage":0,"enemies":"Snecko","floor":27,"turns":6},{"damage":14,"enemies":"Slavers","floor":29,"turns":6},{"damage":20,"enemies":"Sentry and Sphere","floor":30,"turns":6},{"damage":6,"enemies":"Cultist and Chosen","floor":31,"turns":7},{"damage":54,"enemies":"Automaton","floor":33,"turns":12},{"damage":7,"enemies":"Orb Walker","floor":35,"turns":4},{"damage":7,"enemies":"3 Darklings","floor":36,"turns":8},{"damage":66,"enemies":"4 Shapes","floor":37,"turns":11},{"damage":33,"enemies":"Jaw Worm Horde","floor":38,"turns":7},{"damage":15,"enemies":"Nemesis","floor":40,"turns":9},{"damage":16,"enemies":"Sphere and 2 Shapes","floor":44,"turns":9},{"damage":63,"enemies":"Giant Head","floor":45,"turns":7},{"damage":15,"enemies":"Writhing Mass","floor":46,"turns":5},{"damage":12,"enemies":"3 Darklings","floor":47,"turns":18},{"damage":0,"enemies":"Spire Growth","floor":48,"turns":8},{"damage":59,"enemies":"Time Eater","floor":50,"turns":17},{"damage":47,"enemies":"Donu and Deca","floor":51,"turns":23},{"damage":85,"enemies":"Shield and Spear","floor":55,"turns":14},{"damage":57,"enemies":"The Heart","floor":56,"turns":8}],"seed_played":"-6366299837644908725","potions_obtained":[{"floor":1,"key":"SteroidPotion"},{"floor":2,"key":"GhostInAJar"},{"floor":2,"key":"PowerPotion"},{"floor":2,"key":"EntropicBrew"},{"floor":8,"key":"PowerPotion"},{"floor":10,"key":"Regen Potion"},{"floor":12,"key":"Weak Potion"},{"floor":14,"key":"Swift Potion"},{"floor":16,"key":"Fire Potion"},{"floor":21,"key":"SteroidPotion"},{"floor":25,"key":"Fire Potion"},{"floor":27,"key":"Strength Potion"},{"floor":30,"key":"Poison Potion"},{"floor":31,"key":"Weak Potion"},{"floor":33,"key":"Strength Potion"},{"floor":35,"key":"EssenceOfSteel"},{"floor":37,"key":"EssenceOfSteel"},{"floor":45,"key":"Ancient Potion"},{"floor":46,"key":"Swift Potion"},{"floor":48,"key":"Swift Potion"}],"is_trial":false,"path_per_floor":["?","M","?","?","?","T","?"],"character_chosen":"THE_SILENT","items_purchased":["OrangePellets","Apotheosis","Question Card","Bag of Preparation","GhostInAJar"],"campfire_rested":2,"item_purchase_floors":[20,28,28,41,54],"current_hp_per_floor":[56,56,56,56,56,29,29,15,15,15,15,26,46,32,32,25,63,65,63,63,50,50,56,56,44,44,60,60,55,52,61,61,41,57,63,66,35,57,57,68,68,68,68,70,14,13,70,70,70,50,51,65,70,70,20,0],"gold":33,"neow_bonus":"RANDOM_COMMON_RELIC","is_prod":false,"is_daily":false,"chose_seed":false,"campfire_upgraded":3,"win_rate":0,"timestamp":1555954894,"path_taken":["M","?","M","M","?","E","R","E","T","E","?","E","R","E","R","BOSS","M","M","$","M","?","E","?","E","T","M","$","E","M","M","R","BOSS","M","M","M","M","?","E","$","?","T","M","E","M","M","M","R","BOSS","BOSS","R","$","E","BOSS"],"build_version":"2019-01-23","purchased_purges":2,"victory":false,"max_hp_per_floor":[66,66,66,66,66,66,66,66,66,66,66,68,68,75,75,75,75,77,79,79,81,56,56,56,58,58,60,60,60,62,62,62,62,62,64,66,68,68,68,68,68,68,68,70,70,70,70,70,70,70,70,70,70,70,72,72],"card_choices":[{"not_picked":["Escape Plan","Slice"],"picked":"Deadly Poison","floor":1},{"not_picked":["Deflect","Outmaneuver"],"picked":"Dash","floor":3},{"not_picked":["Escape Plan","Backstab"],"picked":"Leg Sweep","floor":4},{"not_picked":["Deflect","Flechettes"],"picked":"Backflip","floor":5},{"not_picked":["Grand Finale","Underhanded Strike"],"picked":"Dagger Throw","floor":6},{"not_picked":["Dagger Spray","Sucker Punch"],"picked":"Caltrops","floor":8},{"not_picked":["Bane","Blade Dance"],"picked":"Backstab","floor":10},{"not_picked":["Terror","Concentrate","Sucker Punch"],"picked":"Singing Bowl","floor":12},{"not_picked":["Accuracy","Distraction"],"picked":"Calculated Gamble","floor":14},{"not_picked":["Die Die Die","After Image"],"picked":"Malaise","floor":16},{"not_picked":["Dagger Spray","Poisoned Stab","Dagger Throw"],"picked":"Singing Bowl","floor":18},{"not_picked":["Underhanded Strike","All Out Attack","Poisoned Stab"],"picked":"Singing Bowl","floor":19},{"not_picked":["Flying Knee","Prepared","Dodge and Roll"],"picked":"Singing Bowl","floor":21},{"not_picked":["PiercingWail","Dagger Spray"],"picked":"Adrenaline","floor":23},{"not_picked":["Flechettes","Cloak And Dagger","Poisoned Stab"],"picked":"Singing Bowl","floor":25},{"not_picked":["Flechettes","Prepared","Acrobatics"],"picked":"Singing Bowl","floor":27},{"not_picked":["Dodge and Roll","Setup","Infinite Blades+1"],"picked":"Bouncing Flask+1","floor":29},{"not_picked":["Cloak And Dagger","Predator","Underhanded Strike","Deadly Poison"],"picked":"Singing Bowl","floor":30},{"not_picked":["Blade Dance","Masterful Stab","Expertise"],"picked":"Catalyst","floor":31},{"not_picked":["A Thousand Cuts","Envenom","Doppelganger"],"picked":"Night Terror","floor":33},{"not_picked":["Dagger Throw","Quick Slash","Flechettes+1","Cloak And Dagger"],"picked":"Singing Bowl","floor":35},{"not_picked":["Sucker Punch+1","Acrobatics","A Thousand Cuts","Dash"],"picked":"Singing Bowl","floor":36},{"not_picked":["Slice+1","Quick Slash+1","Deflect","Blade Dance"],"picked":"Singing Bowl","floor":37},{"not_picked":["Skewer","Acrobatics","Cloak And Dagger"],"picked":"Blur","floor":38},{"not_picked":["Backflip","Blade Dance","Riddle With Holes+1"],"picked":"PiercingWail+1","floor":40},{"not_picked":["Phantasmal Killer","Underhanded Strike","Blade Dance","Outmaneuver"],"picked":"Singing Bowl","floor":44},{"not_picked":["Underhanded Strike","Dodge and Roll+1","Dagger Throw+1"],"picked":"PiercingWail","floor":45},{"not_picked":["Dagger Spray","Prepared","Skewer"],"picked":"Dodge and Roll","floor":46},{"not_picked":["Flying Knee","Cloak And Dagger","Deflect"],"picked":"Tools of the Trade","floor":47},{"not_picked":["Slice+1","Underhanded Strike","Heel Hook"],"picked":"Dodge and Roll","floor":48},{"not_picked":["Sucker Punch+1","Tactician","Eviscerate","Deflect+1"],"picked":"Singing Bowl","floor":55}],"player_experience":1811514,"relics_obtained":[{"floor":6,"key":"Bronze Scales"},{"floor":8,"key":"Pocketwatch"},{"floor":9,"key":"Bottled Tornado"},{"floor":10,"key":"Singing Bowl"},{"floor":12,"key":"Ginger"},{"floor":14,"key":"Strawberry"},{"floor":23,"key":"Tiny Chest"},{"floor":25,"key":"Gremlin Horn"},{"floor":40,"key":"Shuriken"},{"floor":45,"key":"Dodecahedron"},{"floor":55,"key":"Pantograph"}],"event_choices":[{"damage_healed":0,"gold_gain":0,"player_choice":"Bought 3 Potions","damage_taken":0,"max_hp_gain":0,"max_hp_loss":0,"event_name":"The Woman in Blue","floor":2,"gold_loss":0},{"damage_healed":0,"gold_gain":0,"player_choice":"Ignored","damage_taken":0,"max_hp_gain":0,"max_hp_loss":0,"event_name":"Liars Game","floor":11,"gold_loss":0},{"damage_healed":0,"gold_gain":0,"player_choice":"Became a vampire","damage_taken":0,"max_hp_gain":0,"max_hp_loss":25,"event_name":"Vampires","floor":22,"gold_loss":0,"cards_obtained":["Bite","Bite","Bite","Bite","Bite"]},{"damage_healed":0,"gold_gain":275,"player_choice":"Desecrate","damage_taken":0,"max_hp_gain":0,"max_hp_loss":0,"event_name":"Golden Shrine","floor":24,"gold_loss":0,"cards_obtained":["Regret"]},{"damage_healed":0,"gold_gain":0,"player_choice":"1 cards matched","damage_taken":0,"max_hp_gain":0,"max_hp_loss":0,"event_name":"Match and Keep!","floor":42,"gold_loss":0,"cards_obtained":["Footwork"]}],"is_beta":false,"boss_relics":[{"not_picked":["White Beast Statue","Calling Bell"],"picked":"Cursed Key"},{"not_picked":["HoveringKite","Astrolabe"],"picked":"Philosopher\u0027s Stone"}],"items_purged_floors":[20,54],"is_endless":false,"potions_floor_spawned":[1,4,8,10,12,14,16,21,25,27,30,31,33,35,37,45,46,48],"killed_by":"The Heart","ascension_level":20}