{"gold_per_floor":[119,119,119,136,136,136,101,132,211,211,231,251,277,295,295,295],"floor_reached":16,"playtime":490,"items_purged":[],"score":165,"play_id":"7022b0fb-1bd8-483e-a397-2f65215d1c59","local_time":"20190319191726","is_ascension_mode":true,"campfire_choices":[{"data":"Zap","floor":6,"key":"SMITH"},{"floor":15,"key":"REST"}],"neow_cost":"NONE","seed_source_timestamp":89684155731200,"circlet_count":0,"master_deck":["AscendersBane","Strike_B","Strike_B","Strike_B+1","Strike_B","Defend_B","Defend_B","Defend_B","Defend_B+1","Zap+1","Dualcast","Sweeping Beam+1","Steam","Amplify","Conserve Battery","Go for the Eyes","Leap"],"relics":["Cracked Core","Mummified Hand","Matryoshka","Potion Belt"],"potions_floor_usage":[8,13,16],"damage_taken":[{"damage":3,"enemies":"Small Slimes","floor":1,"turns":4},{"damage":11,"enemies":"Jaw Worm","floor":4,"turns":4},{"damage":24,"enemies":"3 Sentries","floor":8,"turns":6},{"damage":0,"enemies":"Cultist","floor":11,"turns":3},{"damage":2,"enemies":"2 Fungi Beasts","floor":12,"turns":3},{"damage":34,"enemies":"Gremlin Nob","floor":13,"turns":4},{"damage":6,"enemies":"3 Louse","floor":14,"turns":3},{"damage":39,"enemies":"Hexaghost","floor":16,"turns":11}],"seed_played":"-4883258586875121718","potions_obtained":[{"floor":0,"key":"AttackPotion"},{"floor":0,"key":"Regen Potion"},{"floor":0,"key":"Weak Potion"},{"floor":4,"key":"Explosive Potion"},{"floor":13,"key":"SteroidPotion"}],"is_trial":false,"path_per_floor":["M","?","?","M","?","R","?","E","T","?","M","M","E","M","R","B"],"character_chosen":"DEFECT","items_purchased":[],"campfire_rested":1,"item_purchase_floors":[],"current_hp_per_floor":[65,65,75,64,49,49,67,43,43,43,43,41,7,1,23,0],"gold":295,"neow_bonus":"THREE_SMALL_POTIONS","is_prod":false,"is_daily":false,"chose_seed":false,"campfire_upgraded":1,"win_rate":0,"timestamp":1553037446,"path_taken":["M","?","?","?","?","R","?","E","T","?","M","M","E","M","R","BOSS"],"build_version":"2019-01-23","purchased_purges":0,"victory":false,"max_hp_per_floor":[75,75,75,75,75,75,75,75,75,75,75,75,75,75,75,75],"card_choices":[{"not_picked":["Turbo","Hologram"],"picked":"Sweeping Beam","floor":1},{"not_picked":["Go for the Eyes","Stack"],"picked":"Steam","floor":4},{"not_picked":["Go for the Eyes","Cold Snap"],"picked":"Amplify","floor":8},{"not_picked":["Barrage","Rebound","Sweeping Beam"],"picked":"SKIP","floor":11},{"not_picked":["Skim","Compile Driver"],"picked":"Conserve Battery","floor":12},{"not_picked":["Auto Shields","Barrage"],"picked":"Go for the Eyes","floor":13},{"not_picked":["Amplify","Doom and Gloom"],"picked":"Leap","floor":14}],"player_experience":547700,"relics_obtained":[{"floor":8,"key":"Mummified Hand"},{"floor":9,"key":"Matryoshka"},{"floor":13,"key":"Potion Belt"}],"event_choices":[{"damage_healed":0,"gold_gain":0,"player_choice":"Ignored","damage_taken":0,"max_hp_gain":0,"max_hp_loss":0,"event_name":"Liars Game","floor":2,"gold_loss":0},{"damage_healed":10,"gold_gain":0,"player_choice":"Full Heal","damage_taken":0,"max_hp_gain":0,"max_hp_loss":0,"event_name":"Wheel of Change","floor":3,"gold_loss":0},{"damage_healed":0,"gold_gain":0,"player_choice":"Entered Light","damage_taken":15,"max_hp_gain":0,"max_hp_loss":0,"event_name":"Shining Light","floor":5,"gold_loss":0,"cards_upgraded":["Defend_B","Strike_B"]},{"damage_healed":18,"gold_gain":0,"player_choice":"Healed","damage_taken":0,"max_hp_gain":0,"max_hp_loss":0,"event_name":"The Cleric","floor":7,"gold_loss":35},{"damage_healed":0,"gold_gain":0,"player_choice":"Grow","damage_taken":0,"max_hp_gain":0,"max_hp_loss":0,"event_name":"Living Wall","floor":10,"gold_loss":0,"cards_upgraded":["Sweeping Beam"]}],"is_beta":false,"boss_relics":[],"items_purged_floors":[],"is_endless":false,"potions_floor_spawned":[4,13],"killed_by":"Hexaghost","ascension_level":10}