{"gold_per_floor":[109,109,121,134,150,181,181,212,306,318,355,392,404,430,442,554,566,593,615,627,58,58,89,101,101,126,26,39,39,53,80,80,80],"floor_reached":33,"playtime":1463,"items_purged":["Strike_R","Strike_R"],"score":442,"play_id":"6f3f44cf-f7df-49e8-95b1-e327f20e20b4","local_time":"20190324133201","is_ascension_mode":true,"campfire_choices":[{"data":"Havoc","floor":7.0,"key":"SMITH"},{"data":"Infernal Blade","floor":13.0,"key":"SMITH"},{"data":"Bash","floor":15.0,"key":"SMITH"},{"floor":25,"key":"REST"},{"floor":29,"key":"REST"},{"floor":32,"key":"REST"}],"neow_cost":"NONE","seed_source_timestamp":471935893360689,"circlet_count":0,"master_deck":["Strike_R","Strike_R","Defend_R+1","Defend_R","Defend_R","Defend_R","Bash+1","Shrug It Off","Havoc+1","Wild Strike","Clothesline","Body Slam+1","Berserk","Infernal Blade+1","Spot Weakness","Limit Break","Armaments","Rampage","Carnage","Exhume","Ghostly Armor","True Grit"],"special_seed":0,"relics":["Burning Blood","PreservedInsect","Calipers","MawBank","Frozen Egg 2","Vajra","Odd Mushroom","Mark of Pain","Torii","Strange Spoon","Omamori","Centennial Puzzle","Letter Opener"],"potions_floor_usage":[31,31,33],"damage_taken":[{"damage":1.0,"enemies":"Small Slimes","floor":1.0,"turns":5.0},{"damage":3.0,"enemies":"2 Louse","floor":3.0,"turns":4.0},{"damage":3.0,"enemies":"Jaw Worm","floor":4.0,"turns":5.0},{"damage":3.0,"enemies":"Blue Slaver","floor":5.0,"turns":5.0},{"damage":16.0,"enemies":"Gremlin Nob","floor":6.0,"turns":3.0},{"damage":12.0,"enemies":"Lagavulin","floor":8.0,"turns":7.0},{"damage":25.0,"enemies":"3 Sentries","floor":11.0,"turns":8.0},{"damage":13.0,"enemies":"The Mushroom Lair","floor":12.0,"turns":4.0},{"damage":19.0,"enemies":"Gremlin Gang","floor":14.0,"turns":4.0},{"damage":23.0,"enemies":"The Guardian","floor":16.0,"turns":11.0},{"damage":17.0,"enemies":"Shell Parasite","floor":18.0,"turns":5.0},{"damage":29,"enemies":"Spheric Guardian","floor":19,"turns":5},{"damage":30,"enemies":"Gremlin Leader","floor":23,"turns":5},{"damage":31,"enemies":"Shelled Parasite and Fungi","floor":24,"turns":6},{"damage":4,"enemies":"Centurion and Healer","floor":28,"turns":4},{"damage":39,"enemies":"Snecko","floor":30,"turns":6},{"damage":3,"enemies":"Book of Stabbing","floor":31,"turns":4},{"damage":72,"enemies":"Automaton","floor":33,"turns":6}],"seed_played":"7878490150070235723","potions_obtained":[{"floor":3.0,"key":"Fire Potion"},{"floor":5.0,"key":"Regen Potion"},{"floor":6.0,"key":"Regen Potion"},{"floor":12.0,"key":"EssenceOfSteel"},{"floor":16.0,"key":"Strength Potion"},{"floor":23,"key":"SkillPotion"},{"floor":30,"key":"Explosive Potion"},{"floor":31,"key":"PowerPotion"}],"is_trial":false,"path_per_floor":["?","?","?","?","?"],"character_chosen":"IRONCLAD","items_purchased":["Torii","Strange Spoon"],"campfire_rested":3,"item_purchase_floors":[21,21],"current_hp_per_floor":[77,74,77,80,80,70,70,64,64,48,44,49,49,36,36,19,65,54,31,57,57,57,33,8,32,32,32,34,58,25,28,52,0],"gold":80,"neow_bonus":"REMOVE_CARD","is_prod":false,"is_daily":false,"chose_seed":false,"campfire_upgraded":3,"win_rate":0,"timestamp":1553459521,"path_taken":["M","?","M","M","M","E","R","E","T","?","E","?","R","M","R","BOSS","M","M","?","$","?","E","M","R","T","$","M","R","M","E","R","BOSS"],"build_version":"2019-01-23","purchased_purges":2,"victory":false,"max_hp_per_floor":[80,80,80,80,80,80,80,80,80,80,80,80,80,80,80,80,80,80,80,80,80,80,80,80,80,80,80,80,80,80,80,80,80],"card_choices":[{"not_picked":["Heavy Blade","Reckless Charge"],"picked":"Shrug It Off","floor":1.0},{"not_picked":["Heavy Blade","Clash"],"picked":"Havoc","floor":3.0},{"not_picked":["Burning Pact","Heavy Blade"],"picked":"Wild Strike","floor":4.0},{"not_picked":["Iron Wave","Shrug It Off"],"picked":"Clothesline","floor":5.0},{"not_picked":["Second Wind","Anger"],"picked":"Body Slam","floor":6.0},{"not_picked":["Barricade","Clothesline"],"picked":"Berserk","floor":8.0},{"not_picked":["Sword Boomerang","Corruption+1"],"picked":"Infernal Blade","floor":11.0},{"not_picked":["Cleave","Body Slam"],"picked":"Spot Weakness","floor":14.0},{"not_picked":["Fiend Fire","Impervious"],"picked":"Limit Break","floor":16.0},{"not_picked":["Blood for Blood","Body Slam"],"picked":"Armaments","floor":18.0},{"not_picked":["Havoc","Clash+1"],"picked":"Rampage","floor":19},{"not_picked":["Dropkick","Warcry"],"picked":"Carnage","floor":23},{"not_picked":["Clash","Anger"],"picked":"Exhume","floor":24},{"not_picked":["Cleave+1","Pommel Strike+1"],"picked":"Ghostly Armor","floor":28},{"not_picked":["Body Slam","Wild Strike","Sword Boomerang"],"picked":"SKIP","floor":30},{"not_picked":["Perfected Strike","Disarm"],"picked":"True Grit","floor":31}],"player_experience":111380,"relics_obtained":[{"floor":6.0,"key":"Calipers"},{"floor":8.0,"key":"MawBank"},{"floor":9.0,"key":"Frozen Egg 2"},{"floor":11.0,"key":"Vajra"},{"floor":12.0,"key":"Odd Mushroom"},{"floor":23,"key":"Omamori"},{"floor":26,"key":"Centennial Puzzle"},{"floor":31,"key":"Letter Opener"}],"event_choices":[{"damage_healed":0.0,"max_hp_gain":0.0,"max_hp_loss":0.0,"gold_gain":0.0,"event_name":"Scrap Ooze","player_choice":"Success","floor":2.0,"gold_loss":0.0,"damage_taken":3.0,"relics_obtained":["PreservedInsect"]},{"damage_healed":0.0,"max_hp_gain":0.0,"max_hp_loss":0.0,"gold_gain":0.0,"event_name":"Shining Light","player_choice":"Entered Light","floor":10.0,"gold_loss":0.0,"damage_taken":16.0,"cards_upgraded":["Defend_R","Body Slam"]},{"damage_healed":0.0,"max_hp_gain":0.0,"max_hp_loss":0.0,"gold_gain":0.0,"event_name":"Mushrooms","player_choice":"Fought Mushrooms","floor":12.0,"gold_loss":0.0,"damage_taken":0.0},{"damage_healed":26,"gold_gain":0,"player_choice":"Heal","damage_taken":0,"max_hp_gain":0,"max_hp_loss":0,"event_name":"The Library","floor":20,"gold_loss":0},{"damage_healed":0,"gold_gain":0,"player_choice":"Ignored","damage_taken":0,"max_hp_gain":0,"max_hp_loss":0,"event_name":"Ghosts","floor":22,"gold_loss":0}],"is_beta":false,"boss_relics":[{"not_picked":["Ectoplasm","Pandora\u0027s Box"],"picked":"Mark of Pain"}],"items_purged_floors":[21,27],"is_endless":false,"potions_floor_spawned":[3,5,6,12,16,23,30,31],"killed_by":"Automaton","ascension_level":9}