{"gold_per_floor":[115,135,135,20,195,195,215,6,63,89,65,83,109,121,121,225,225,237,255,180,198,198],"floor_reached":22,"playtime":2851,"items_purged":["Defend_G","Strike_G"],"score":196,"play_id":"5520a048-bc23-454b-a9fa-5df7630e32f6","local_time":"20190225194217","is_ascension_mode":false,"campfire_choices":[{"data":"Noxious Fumes","floor":6,"key":"SMITH"},{"floor":15,"key":"REST"}],"neow_cost":"NONE","seed_source_timestamp":74403696667407,"circlet_count":0,"master_deck":["Defend_G","Defend_G","Defend_G","Strike_G","Strike_G","Strike_G","Survivor","Neutralize","Backflip","Noxious Fumes+1","Crippling Poison","Doubt","Flying Knee","Blur","Escape Plan","All Out Attack","Dodge and Roll","Backflip","PiercingWail","Outmaneuver","Wraith Form v2+1","PiercingWail","Endless Agony","Predator+1"],"relics":["Ring of the Snake","Tiny Chest","Frozen Egg 2","Peace Pipe","HoveringKite"],"potions_floor_usage":[13,16,22],"damage_taken":[{"damage":0,"enemies":"Cultist","floor":1,"turns":4},{"damage":1,"enemies":"2 Louse","floor":2,"turns":3},{"damage":5,"enemies":"Small Slimes","floor":7,"turns":4},{"damage":15,"enemies":"Lagavulin","floor":10,"turns":7},{"damage":10,"enemies":"2 Fungi Beasts","floor":12,"turns":4},{"damage":20,"enemies":"3 Sentries","floor":13,"turns":6},{"damage":7,"enemies":"Blue Slaver","floor":14,"turns":5},{"damage":30,"enemies":"Slime Boss","floor":16,"turns":14},{"damage":15,"enemies":"Spheric Guardian","floor":18,"turns":6},{"damage":14,"enemies":"Chosen","floor":19,"turns":6},{"damage":15,"enemies":"Snake Plant","floor":21,"turns":6},{"damage":35,"enemies":"Snecko","floor":22,"turns":6}],"seed_played":"-7903495074883082604","potions_obtained":[{"floor":10,"key":"SpeedPotion"},{"floor":12,"key":"PowerPotion"},{"floor":13,"key":"Energy Potion"},{"floor":16,"key":"AttackPotion"},{"floor":18,"key":"SpeedPotion"}],"is_trial":false,"path_per_floor":["?","?","?"],"character_chosen":"THE_SILENT","items_purchased":["Crippling Poison","Blur","Escape Plan","Dodge and Roll"],"campfire_rested":1,"item_purchase_floors":[4,8,8,11],"current_hp_per_floor":[77,76,69,69,69,69,64,64,64,49,49,39,19,12,35,5,77,62,48,48,33,0],"gold":198,"neow_bonus":"TEN_PERCENT_HP_BONUS","is_prod":false,"is_daily":false,"chose_seed":false,"campfire_upgraded":1,"win_rate":0,"timestamp":1551123737,"path_taken":["M","M","?","$","?","R","M","$","T","E","$","M","E","M","R","BOSS","M","M","?","M","M"],"build_version":"2019-01-23","purchased_purges":2,"victory":false,"max_hp_per_floor":[77,77,77,77,77,77,77,77,77,77,77,77,77,77,77,77,77,77,77,77,77,77],"card_choices":[{"not_picked":["Dodge and Roll","Underhanded Strike"],"picked":"Backflip","floor":1},{"not_picked":["Sucker Punch","PiercingWail"],"picked":"Noxious Fumes","floor":2},{"not_picked":["Cloak And Dagger","Backstab"],"picked":"Flying Knee","floor":7},{"not_picked":["Prepared","Escape Plan"],"picked":"All Out Attack","floor":10},{"not_picked":["Slice","Dodge and Roll"],"picked":"Backflip","floor":12},{"not_picked":["Acrobatics","Blade Dance"],"picked":"PiercingWail","floor":13},{"not_picked":["Backflip","Footwork+1"],"picked":"Outmaneuver","floor":14},{"not_picked":["Tools of the Trade+1","Bullet Time"],"picked":"Wraith Form v2+1","floor":16},{"not_picked":["Deflect","Quick Slash+1"],"picked":"PiercingWail","floor":18},{"not_picked":["Quick Slash","Dodge and Roll"],"picked":"Endless Agony","floor":19},{"not_picked":["Acrobatics+1","Deadly Poison"],"picked":"Predator+1","floor":21}],"player_experience":35426,"relics_obtained":[{"floor":9,"key":"Tiny Chest"},{"floor":10,"key":"Frozen Egg 2"},{"floor":13,"key":"Peace Pipe"}],"event_choices":[{"cards_removed":["Strike_G"],"damage_healed":0,"gold_gain":0,"player_choice":"Card Removal","damage_taken":7,"max_hp_gain":0,"max_hp_loss":0,"event_name":"Golden Wing","floor":3,"gold_loss":0},{"damage_healed":0,"gold_gain":175,"player_choice":"AGREE","damage_taken":0,"max_hp_gain":0,"max_hp_loss":0,"event_name":"Liars Game","floor":5,"gold_loss":0,"cards_obtained":["Doubt"]},{"cards_removed":["Defend_G"],"damage_healed":0,"gold_gain":0,"player_choice":"Gave Gold","damage_taken":0,"max_hp_gain":0,"max_hp_loss":0,"event_name":"Beggar","floor":20,"gold_loss":75}],"is_beta":false,"boss_relics":[{"not_picked":["White Beast Statue","Lizard Tail"],"picked":"HoveringKite"}],"items_purged_floors":[4,8],"is_endless":false,"potions_floor_spawned":[10,12,13,16,18,19,21],"killed_by":"Snecko","ascension_level":0}