{"gold_per_floor":[111,186,212,52,52,83,83,114,141,141,151,151,168,186,186,265,265,279,34,34,34,54,85,113,132,177,209,209,267,267,302,302,302],"floor_reached":33,"playtime":1527,"items_purged":[],"score":998,"play_id":"f7679c34-61db-4dca-8f14-647a8b461950","local_time":"20190424001302","is_ascension_mode":true,"campfire_choices":[{"data":"Blizzard","floor":10.0,"key":"SMITH"},{"data":"Zap","floor":12.0,"key":"SMITH"},{"data":"Biased Cognition","floor":15.0,"key":"SMITH"},{"floor":30.0,"key":"REST"},{"data":"Creative AI","floor":32.0,"key":"SMITH"}],"neow_cost":"NONE","seed_source_timestamp":0,"circlet_count":0,"master_deck":["AscendersBane","Strike_B","Strike_B","Strike_B","Defend_B","Defend_B","Defend_B","Defend_B","Zap+1","Dualcast","Coolheaded","Glacier","Blizzard+1","Darkness","Glacier","Biased Cognition+1","Creative AI+1","Self Repair","Blizzard","Core Surge","Static Discharge+1","BootSequence"],"special_seed":0,"relics":["Cracked Core","NeowsBlessing","DataDisk","Lantern","Dodecahedron","Bag of Preparation","Pen Nib","Inserter","Anchor","WingedGreaves","Oddly Smooth Stone","Frozen Egg 2","Strawberry","Happy Flower","Tiny Chest","Smiling Mask"],"potions_floor_usage":[],"damage_taken":[{"damage":0.0,"enemies":"Jaw Worm","floor":1.0,"turns":1.0},{"damage":0.0,"enemies":"3 Sentries","floor":6.0,"turns":1.0},{"damage":0.0,"enemies":"Gremlin Nob","floor":8.0,"turns":1.0},{"damage":0.0,"enemies":"2 Louse","floor":11.0,"turns":4.0},{"damage":0.0,"enemies":"Cultist","floor":13.0,"turns":2.0},{"damage":0.0,"enemies":"3 Louse","floor":14.0,"turns":3.0},{"damage":0.0,"enemies":"Slime Boss","floor":16.0,"turns":8.0},{"damage":0.0,"enemies":"Spheric Guardian","floor":18.0,"turns":6.0},{"damage":9.0,"enemies":"Shell Parasite","floor":22.0,"turns":6.0},{"damage":0.0,"enemies":"Gremlin Leader","floor":23.0,"turns":7.0},{"damage":44.0,"enemies":"Slavers","floor":24.0,"turns":9.0},{"damage":5.0,"enemies":"Sentry and Sphere","floor":25.0,"turns":5.0},{"damage":6.0,"enemies":"Book of Stabbing","floor":27.0,"turns":9.0},{"damage":25.0,"enemies":"Slavers","floor":29.0,"turns":6.0},{"damage":0.0,"enemies":"Gremlin Leader","floor":31.0,"turns":10.0},{"damage":54,"enemies":"Collector","floor":33,"turns":9}],"seed_played":"8309941438582427630","potions_obtained":[{"floor":6.0,"key":"LiquidBronze"},{"floor":7.0,"key":"FocusPotion"},{"floor":11.0,"key":"SkillPotion"},{"floor":16.0,"key":"Dexterity Potion"},{"floor":22.0,"key":"PowerPotion"},{"floor":25.0,"key":"Ancient Potion"},{"floor":29.0,"key":"Energy Potion"}],"is_trial":false,"path_per_floor":["M","?","T","$","?","E","?","E","T","R","M","R","M","M","R","B",null,"M","$","T","?","M","E","E","M","T","E","?","E","R","E","R","B"],"character_chosen":"DEFECT","items_purchased":["Lantern","Anchor","Self Repair"],"campfire_rested":1,"item_purchase_floors":[4,19,19],"current_hp_per_floor":[64,53,53,53,46,46,46,46,46,46,46,46,46,46,46,46,65,65,65,65,65,63,71,34,29,36,37,37,19,42,49,49,0],"gold":302,"neow_bonus":"THREE_ENEMY_KILL","is_prod":false,"is_daily":false,"chose_seed":false,"campfire_upgraded":4,"win_rate":0,"timestamp":1556057582,"path_taken":["M","?","?","$","?","E","?","E","T","R","M","R","M","M","R","BOSS","M","$","?","?","?","E","E","M","T","E","?","E","R","E","R","BOSS"],"build_version":"2019-04-21","purchased_purges":0,"victory":false,"max_hp_per_floor":[71,71,71,71,71,71,71,71,71,71,71,71,71,71,71,71,71,71,71,71,71,71,71,71,71,78,78,78,78,78,78,78,78],"card_choices":[{"not_picked":["Hologram","Static Discharge"],"picked":"Coolheaded","floor":1.0},{"not_picked":["Sunder","Turbo"],"picked":"Glacier","floor":6.0},{"not_picked":["Tempest","Conserve Battery"],"picked":"Blizzard","floor":8.0},{"not_picked":["Tempest","Gash"],"picked":"Darkness","floor":11.0},{"not_picked":["Hello World","Cold Snap"],"picked":"Glacier","floor":13.0},{"not_picked":["Barrage","Redo"],"picked":"Biased Cognition","floor":14.0},{"not_picked":["Machine Learning","Buffer"],"picked":"Creative AI","floor":16.0},{"not_picked":["Beam Cell","Streamline","Sweeping Beam"],"picked":"SKIP","floor":18.0},{"not_picked":["Redo","Cold Snap"],"picked":"Blizzard","floor":22.0},{"not_picked":["Go for the Eyes","Consume"],"picked":"Core Surge","floor":23.0},{"not_picked":["Stack","Cold Snap"],"picked":"Static Discharge","floor":24.0},{"not_picked":["Chaos","Undo"],"picked":"BootSequence","floor":25.0},{"not_picked":["Stack","Compile Driver","Doom and Gloom+1"],"picked":"SKIP","floor":27.0},{"not_picked":["Recycle","Beam Cell+1","Rip and Tear"],"picked":"SKIP","floor":29.0},{"not_picked":["Lockon+1","Stack","Darkness"],"picked":"SKIP","floor":31.0}],"player_experience":1197456,"relics_obtained":[{"floor":3.0,"key":"DataDisk"},{"floor":6.0,"key":"Dodecahedron"},{"floor":8.0,"key":"Bag of Preparation"},{"floor":9.0,"key":"Pen Nib"},{"floor":20.0,"key":"WingedGreaves"},{"floor":23.0,"key":"Oddly Smooth Stone"},{"floor":24.0,"key":"Frozen Egg 2"},{"floor":26.0,"key":"Strawberry"},{"floor":27.0,"key":"Happy Flower"},{"floor":29.0,"key":"Tiny Chest"},{"floor":31.0,"key":"Smiling Mask"}],"event_choices":[{"damage_healed":0.0,"max_hp_gain":0.0,"max_hp_loss":0.0,"gold_gain":75.0,"event_name":"World of Goop","player_choice":"Gather Gold","floor":2.0,"gold_loss":0.0,"damage_taken":11.0},{"cards_removed":["Strike_B"],"damage_healed":0.0,"max_hp_gain":0.0,"max_hp_loss":0.0,"gold_gain":0.0,"event_name":"Golden Wing","player_choice":"Card Removal","floor":5.0,"gold_loss":0.0,"damage_taken":7.0},{"damage_healed":0.0,"max_hp_gain":0.0,"max_hp_loss":0.0,"gold_gain":0.0,"event_name":"Lab","player_choice":"Got Potions","floor":7.0,"gold_loss":0.0,"damage_taken":0.0},{"damage_healed":0.0,"max_hp_gain":0.0,"max_hp_loss":0.0,"gold_gain":0.0,"event_name":"Match and Keep!","player_choice":"0 cards matched","floor":21.0,"gold_loss":0.0,"damage_taken":0.0,"cards_obtained":[]},{"damage_healed":0.0,"max_hp_gain":0.0,"max_hp_loss":0.0,"gold_gain":0.0,"event_name":"Match and Keep!","player_choice":"0 cards matched","floor":21.0,"gold_loss":0.0,"damage_taken":0.0,"cards_obtained":[]},{"damage_healed":0.0,"max_hp_gain":0.0,"max_hp_loss":0.0,"gold_gain":0.0,"event_name":"Cursed Tome","player_choice":"Ignored","floor":28.0,"gold_loss":0.0,"damage_taken":0.0}],"is_beta":true,"boss_relics":[{"not_picked":["Astrolabe","Eternal Feather"],"picked":"Inserter"}],"items_purged_floors":[],"is_endless":false,"potions_floor_spawned":[6,8,11,16,22,25,29],"killed_by":"Collector","ascension_level":20}