{"gold_per_floor":[109,109,126,136,152,185,205,240,240,251,251,69,97,160,160,263,563,574,157,157],"floor_reached":20,"playtime":725,"items_purged":["Shame"],"score":266,"play_id":"176b39d5-1030-4f8b-b5e9-547bc40c8682","local_time":"20190115180840","is_ascension_mode":true,"campfire_choices":[{"floor":11.0,"key":"REST"},{"data":"Apotheosis","floor":15,"key":"SMITH"}],"neow_cost":"NONE","seed_source_timestamp":2110723211800,"circlet_count":0,"master_deck":["Strike_R","Strike_R","Strike_R","Strike_R","Defend_R","Defend_R","Defend_R","Defend_R","Bash","Headbutt","Limit Break","Whirlwind","Cleave","Seeing Red","Heavy Blade","Flex","Pommel Strike","Apotheosis+1","Spot Weakness","Reaper","Parasite","Doubt"],"special_seed":0,"relics":["Burning Blood","NeowsBlessing","Darkstone Periapt","Matryoshka","Potion Belt","Mummified Hand","Torii","Red Skull","Calling Bell","Regal Pillow","Sundial","Old Coin","Vajra","MealTicket"],"potions_floor_usage":[16],"damage_taken":[{"damage":0.0,"enemies":"Jaw Worm","floor":1.0,"turns":1.0},{"damage":0.0,"enemies":"2 Louse","floor":3.0,"turns":2.0},{"damage":0.0,"enemies":"Cultist","floor":4.0,"turns":1.0},{"damage":14.0,"enemies":"Blue Slaver","floor":5.0,"turns":5.0},{"damage":44.0,"enemies":"Lagavulin","floor":6.0,"turns":9.0},{"damage":17.0,"enemies":"Looter","floor":7.0,"turns":3.0},{"damage":20.0,"enemies":"Gremlin Nob","floor":8.0,"turns":4.0},{"damage":0.0,"enemies":"Exordium Thugs","floor":10.0,"turns":2.0},{"damage":20.0,"enemies":"Lagavulin","floor":13.0,"turns":5.0},{"damage":0.0,"enemies":"Gremlin Nob","floor":14.0,"turns":2.0},{"damage":6,"enemies":"Hexaghost","floor":16,"turns":6},{"damage":61,"enemies":"2 Thieves","floor":18,"turns":4},{"damage":43,"enemies":"3 Byrds","floor":20,"turns":2}],"seed_played":"-7533309196564065799","potions_obtained":[{"floor":5.0,"key":"BloodPotion"},{"floor":7.0,"key":"LiquidBronze"},{"floor":8.0,"key":"Energy Potion"},{"floor":13.0,"key":"Strength Potion"},{"floor":14.0,"key":"Fire Potion"}],"is_trial":false,"path_per_floor":["M","?","M","M","M","E","M","E","T","M","R","$","E","?","R","B",null,"M","$","M"],"character_chosen":"IRONCLAD","items_purchased":["Apotheosis","Vajra","MealTicket"],"campfire_rested":1,"item_purchase_floors":[12,19,19],"current_hp_per_floor":[80,80,80,80,72,42,31,17,17,23,47,47,33,39,39,39,98,43,43,0],"gold":157,"neow_bonus":"THREE_ENEMY_KILL","is_prod":false,"is_daily":false,"chose_seed":false,"campfire_upgraded":1,"win_rate":0,"timestamp":1547593720,"path_taken":["M","?","M","M","M","E","M","E","T","M","R","$","E","?","R","BOSS","M","$","M"],"build_version":"2019-01-10","purchased_purges":1,"victory":false,"max_hp_per_floor":[80,80,80,80,80,80,80,80,80,80,80,80,80,80,80,80,98,98,98,98],"card_choices":[{"not_picked":["Clothesline","Iron Wave"],"picked":"Headbutt","floor":1.0},{"not_picked":["Anger","Reckless Charge"],"picked":"Whirlwind","floor":3.0},{"not_picked":["Sentinel","Berserk"],"picked":"Cleave","floor":4.0},{"not_picked":["Clothesline","Warcry","Sword Boomerang"],"picked":"SKIP","floor":5.0},{"not_picked":["Thunderclap","Searing Blow"],"picked":"Seeing Red","floor":6.0},{"not_picked":["Shrug It Off","Armaments"],"picked":"Heavy Blade","floor":7.0},{"not_picked":["Impervious","Infernal Blade"],"picked":"Flex","floor":8.0},{"not_picked":["Flex","Cleave"],"picked":"Pommel Strike","floor":10.0},{"not_picked":["True Grit","Infernal Blade"],"picked":"Spot Weakness","floor":13.0},{"not_picked":["Exhume","Double Tap"],"picked":"Reaper","floor":16},{"not_picked":["Bludgeon","Warcry","Heavy Blade+1"],"picked":"SKIP","floor":18}],"player_experience":338354,"relics_obtained":[{"floor":6.0,"key":"Darkstone Periapt"},{"floor":8.0,"key":"Matryoshka"},{"floor":9.0,"key":"Potion Belt"},{"floor":9.0,"key":"Mummified Hand"},{"floor":13.0,"key":"Torii"},{"floor":17,"key":"Regal Pillow"},{"floor":17,"key":"Sundial"},{"floor":17,"key":"Old Coin"}],"event_choices":[{"damage_healed":0.0,"max_hp_gain":0.0,"max_hp_loss":0.0,"gold_gain":0.0,"cards_transformed":["Strike_R"],"event_name":"Living Wall","player_choice":"Change","floor":2.0,"gold_loss":0.0,"damage_taken":0.0,"cards_obtained":["Limit Break"]},{"damage_healed":0.0,"max_hp_gain":0.0,"max_hp_loss":0.0,"gold_gain":0.0,"event_name":"Dead Adventurer","player_choice":"Searched \u00273\u0027 times","floor":14.0,"gold_loss":0.0,"damage_taken":0.0,"relics_obtained":["Red Skull"]}],"is_beta":false,"boss_relics":[{"not_picked":["Runic Cube","Coffee Dripper"],"picked":"Calling Bell"}],"items_purged_floors":[19],"is_endless":false,"potions_floor_spawned":[5,7,8,13,14],"killed_by":"3 Byrds","ascension_level":2}