{"gold_per_floor":[118,128,148,209,226,226,242,273,273,273,304,265,300,26,26,122,122,137,137,157,157,171,200,200,125,125,153,163,163,63,97,97,198,198,215,265,265,10,30,30,60,73,73,73,0,16,31,41,41,41],"floor_reached":51,"playtime":2686,"items_purged":["Strike_B","Strike_B"],"score":1200,"play_id":"e527cf53-1307-45f2-9de3-4942ef68bc19","local_time":"20190206163124","is_ascension_mode":true,"campfire_choices":[{"data":"Zap","floor":6,"key":"SMITH"},{"data":"Chill","floor":10,"key":"SMITH"},{"floor":15,"key":"REST"},{"data":"Fission","floor":24,"key":"SMITH"},{"floor":29,"key":"REST"},{"data":"Defragment","floor":32,"key":"SMITH"},{"floor":40,"key":"REST"},{"data":"Apotheosis","floor":44,"key":"SMITH"},{"floor":49,"key":"RECALL"}],"neow_cost":"NONE","seed_source_timestamp":19420119436900,"circlet_count":0,"master_deck":["Strike_B","Strike_B","Defend_B","Defend_B","Defend_B","Defend_B","Zap+1","Dualcast","Cold Snap","Sunder","Cold Snap","Ball Lightning","Chill+1","Doom and Gloom","Tempest","Glacier","Conserve Battery","Defragment+1","Thunder Strike","Blizzard","Glacier","Fission+1","Ghostly","Ghostly","Ghostly","Ghostly","Ghostly","Capacitor+1","Self Repair+1","Glacier","Creative AI","Undo+1","Apotheosis+1","Double Energy+1","Undo+1","Loop","Double Energy"],"special_seed":0,"relics":["Cracked Core","Gremlin Horn","Nunchaku","Calipers","Prayer Wheel","Runic Capacitor","Nuclear Battery","Matryoshka","Question Card","Sundial","Pantograph","Art of War","Sozu","Ice Cream","Cables","Emotion Chip","Centennial Puzzle","Darkstone Periapt","Red Mask"],"potions_floor_usage":[5,7,16,23,23,36],"damage_taken":[{"damage":0,"enemies":"2 Louse","floor":1,"turns":2},{"damage":1,"enemies":"Small Slimes","floor":2,"turns":2},{"damage":0,"enemies":"Cultist","floor":3,"turns":3},{"damage":4,"enemies":"3 Louse","floor":5,"turns":2},{"damage":0,"enemies":"Exordium Thugs","floor":7,"turns":3},{"damage":4,"enemies":"Gremlin Nob","floor":8,"turns":3},{"damage":19,"enemies":"Lagavulin","floor":11,"turns":5},{"damage":22,"enemies":"Gremlin Nob","floor":13,"turns":4},{"damage":9,"enemies":"The Guardian","floor":16,"turns":8},{"damage":0,"enemies":"Chosen","floor":18,"turns":5},{"damage":6,"enemies":"2 Thieves","floor":20,"turns":4},{"damage":0,"enemies":"Centurion and Healer","floor":22,"turns":8},{"damage":7,"enemies":"Slavers","floor":23,"turns":10},{"damage":0,"enemies":"Book of Stabbing","floor":27,"turns":7},{"damage":22,"enemies":"Snake Plant","floor":28,"turns":5},{"damage":0,"enemies":"Gremlin Leader","floor":31,"turns":8},{"damage":0,"enemies":"Collector","floor":33,"turns":10},{"damage":0,"enemies":"3 Darklings","floor":35,"turns":7},{"damage":29,"enemies":"2 Orb Walkers","floor":36,"turns":6},{"damage":0,"enemies":"3 Shapes","floor":39,"turns":5},{"damage":0,"enemies":"Reptomancer","floor":41,"turns":6},{"damage":0,"enemies":"Sphere and 2 Shapes","floor":42,"turns":5},{"damage":0,"enemies":"Spire Growth","floor":46,"turns":6},{"damage":0,"enemies":"3 Darklings","floor":47,"turns":6},{"damage":10,"enemies":"Jaw Worm Horde","floor":48,"turns":2},{"damage":0,"enemies":"Awakened One","floor":50,"turns":17}],"seed_played":"6271539705701258533","potions_obtained":[{"floor":1,"key":"SkillPotion"},{"floor":2,"key":"FearPotion"},{"floor":11,"key":"Regen Potion"},{"floor":13,"key":"Poison Potion"},{"floor":22,"key":"EssenceOfSteel"},{"floor":28,"key":"FocusPotion"},{"floor":33,"key":"SpeedPotion"}],"is_trial":false,"path_per_floor":["M","M","M","?","M","R","M","E","T","R","E","$","E","$","R","B",null,"M","?","M","?","M","E","R","$","T","E","M","R","$","E","R","B",null,"M","?","?","$","M","R","E","M","T","R","?","M","M","M","R","B",null],"character_chosen":"DEFECT","items_purchased":["Glacier","Runic Capacitor","Defragment","Cables"],"campfire_rested":3,"item_purchase_floors":[12,14,14,38],"current_hp_per_floor":[75,74,74,74,70,70,70,66,66,66,47,47,25,25,47,38,66,66,85,79,42,42,42,42,42,42,42,20,32,32,42,42,42,42,42,23,23,23,23,35,42,42,42,42,42,42,42,42,42,42],"gold":41,"neow_bonus":"THREE_CARDS","is_prod":false,"is_daily":false,"chose_seed":false,"campfire_upgraded":5,"win_rate":0,"timestamp":1549488684,"path_taken":["M","M","M","?","M","R","M","E","T","R","E","$","E","$","R","BOSS","M","?","?","?","M","E","R","?","T","E","?","R","$","E","R","BOSS","M","?","?","?","M","R","E","M","T","R","?","M","?","M","R","BOSS"],"build_version":"2019-01-23","purchased_purges":2,"victory":true,"max_hp_per_floor":[75,75,75,75,75,75,75,75,75,75,75,75,75,75,75,75,75,75,85,85,42,42,42,42,42,42,42,42,42,42,42,42,42,42,42,42,42,42,42,42,42,42,42,42,42,42,42,42,42,42],"card_choices":[{"not_picked":["Double Energy","Beam Cell"],"picked":"Cold Snap","floor":0.0},{"not_picked":["Steam","Barrage"],"picked":"Sunder","floor":1},{"not_picked":["Self Repair","Aggregate"],"picked":"Cold Snap","floor":2},{"not_picked":["Stack","Hello World"],"picked":"Ball Lightning","floor":3},{"not_picked":["Scrape","Redo"],"picked":"Chill","floor":5},{"not_picked":["Scrape","Static Discharge"],"picked":"Doom and Gloom","floor":7},{"not_picked":["Chill","Compile Driver"],"picked":"Tempest","floor":8},{"not_picked":["Stack","Hologram"],"picked":"Multi-Cast","floor":11},{"not_picked":["Rebound","Streamline"],"picked":"Conserve Battery","floor":13},{"not_picked":["Amplify","Multi-Cast"],"picked":"Thunder Strike","floor":16},{"not_picked":["Rip and Tear","Rebound"],"picked":"Blizzard","floor":18},{"not_picked":["Beam Cell+1","Steam+1"],"picked":"Glacier","floor":18},{"not_picked":["Go for the Eyes","Chaos"],"picked":"Fission","floor":20},{"not_picked":["Cold Snap","Barrage+1","Aggregate"],"picked":"SKIP","floor":20},{"not_picked":["Leap","Stack","Rebound"],"picked":"SKIP","floor":22},{"not_picked":["Coolheaded","Turbo+1","Cold Snap"],"picked":"SKIP","floor":22},{"not_picked":["Static Discharge+1","Genetic Algorithm+1"],"picked":"Capacitor+1","floor":23},{"not_picked":["Steam","Blizzard","Ball Lightning+1","Leap"],"picked":"SKIP","floor":27},{"not_picked":["Hologram","Redo","Beam Cell+1"],"picked":"Self Repair+1","floor":28},{"not_picked":["Beam Cell","Rebound","Barrage"],"picked":"Glacier","floor":28},{"not_picked":["Heatsinks","Amplify","Conserve Battery","Streamline"],"picked":"SKIP","floor":31},{"not_picked":["Multi-Cast","Core Surge","Buffer"],"picked":"Creative AI","floor":33},{"not_picked":["Conserve Battery","Lockon+1","Cold Snap"],"picked":"Undo+1","floor":35},{"not_picked":["Redo+1","Turbo+1","Compile Driver+1","Stack"],"picked":"SKIP","floor":35},{"not_picked":["Metamorphosis","Mind Blast","Swift Strike"],"picked":"Apotheosis","floor":37},{"not_picked":["Scrape","Go for the Eyes","Barrage","Steam+1"],"picked":"SKIP","floor":39},{"not_picked":["Compile Driver+1","Rip and Tear+1","Chill","Blizzard+1"],"picked":"SKIP","floor":39},{"not_picked":["Self Repair+1","Sweeping Beam+1","Force Field+1","Darkness"],"picked":"SKIP","floor":41},{"not_picked":["Hello World","Auto Shields","Melter"],"picked":"Double Energy+1","floor":42},{"not_picked":["Turbo","Streamline","Ball Lightning"],"picked":"Undo+1","floor":42},{"not_picked":["Gash","Conserve Battery","Auto Shields+1"],"picked":"Loop","floor":46},{"not_picked":["Beam Cell+1","Tempest+1","Scrape","Rebound"],"picked":"SKIP","floor":46},{"not_picked":["Streamline+1","Hologram+1","BootSequence+1"],"picked":"Double Energy","floor":47},{"not_picked":["Melter+1","Streamline","Compile Driver+1","Sweeping Beam+1"],"picked":"SKIP","floor":47},{"not_picked":["Creative AI","Steam Power+1","Consume","Conserve Battery+1"],"picked":"SKIP","floor":48},{"not_picked":["Cold Snap","FTL+1","Turbo+1","Compile Driver+1"],"picked":"SKIP","floor":48}],"player_experience":386356,"relics_obtained":[{"floor":8,"key":"Gremlin Horn"},{"floor":9,"key":"Nunchaku"},{"floor":11,"key":"Calipers"},{"floor":13,"key":"Prayer Wheel"},{"floor":23,"key":"Matryoshka"},{"floor":26,"key":"Question Card"},{"floor":26,"key":"Sundial"},{"floor":27,"key":"Pantograph"},{"floor":31,"key":"Art of War"},{"floor":36,"key":"Ice Cream"},{"floor":41,"key":"Emotion Chip"},{"floor":43,"key":"Centennial Puzzle"},{"floor":43,"key":"Darkstone Periapt"}],"event_choices":[{"damage_healed":0,"gold_gain":61,"player_choice":"Gained Gold","damage_taken":0,"max_hp_gain":0,"max_hp_loss":0,"event_name":"Golden Wing","floor":4,"gold_loss":0},{"cards_removed":["Multi-Cast"],"damage_healed":9,"gold_gain":0,"player_choice":"Offered Rare","damage_taken":0,"max_hp_gain":10,"max_hp_loss":0,"event_name":"Bonfire Elementals","floor":19,"gold_loss":0},{"damage_healed":0,"gold_gain":0,"player_choice":"Became a Ghost","damage_taken":0,"max_hp_gain":0,"max_hp_loss":43,"event_name":"Ghosts","floor":21,"gold_loss":0,"cards_obtained":["Ghostly","Ghostly","Ghostly","Ghostly","Ghostly"]},{"damage_healed":0,"gold_gain":0,"player_choice":"Fight","damage_taken":0,"max_hp_gain":0,"max_hp_loss":0,"event_name":"Mysterious Sphere","floor":36,"gold_loss":0},{"damage_healed":0,"gold_gain":0,"player_choice":"Memory 1","damage_taken":0,"max_hp_gain":0,"max_hp_loss":0,"event_name":"SensoryStone","floor":37,"gold_loss":0},{"damage_healed":0,"gold_gain":0,"player_choice":"Paid","damage_taken":0,"relics_obtained":["Red Mask"],"max_hp_gain":0,"max_hp_loss":0,"event_name":"Tomb of Lord Red Mask","floor":45,"gold_loss":73}],"is_beta":false,"boss_relics":[{"not_picked":["Philosopher\u0027s Stone","Coffee Dripper"],"picked":"Nuclear Battery"},{"not_picked":["Runic Dome","Fusion Hammer"],"picked":"Sozu"}],"items_purged_floors":[25,30],"is_endless":false,"potions_floor_spawned":[1,2,11,13,22,28,33,39,41,46],"ascension_level":5}