{"gold_per_floor":[115,115,131,143,158,158,184,184,184,194,227,227,244,244,244,345,345,359,67,67,67,166,199,199,228,228,259,291,303,333,374,386,498,510,541,569,595,607,49,76,76,100,100,115,145,190,0,20,20,20],"floor_reached":51,"playtime":2617,"items_purged":["Pain"],"score":1025,"play_id":"285bb932-f55a-4fd5-945d-5198e3e72ca4","local_time":"20190419203826","is_ascension_mode":false,"campfire_choices":[{"data":"Zap","floor":6,"key":"SMITH"},{"floor":8,"key":"REST"},{"data":"Hologram","floor":15,"key":"SMITH"},{"data":"Bite","floor":24,"key":"SMITH"},{"data":"Conserve Battery","floor":32,"key":"SMITH"},{"data":"Defragment","floor":49,"key":"SMITH"}],"neow_cost":"NONE","seed_source_timestamp":294990430851602,"circlet_count":0,"master_deck":["Defend_B","Defend_B+1","Defend_B","Zap+1","Dualcast+1","Conserve Battery","Beam Cell","All For One","Cold Snap","Melter","FTL","Hologram+1","Electrodynamics","Gash","Good Instincts","Beam Cell","Bite+1","Bite","Bite","Bite","Bite","Cold Snap+1","Biased Cognition","Conserve Battery+1","Seek","Regret","Shame","Parasite","Beam Cell","Melter","Go for the Eyes","Conserve Battery+1","Sweeping Beam+1","Beam Cell+1","Defragment+1","Cold Snap+1"],"relics":["Cracked Core","Strawberry","Regal Pillow","Matryoshka","Lantern","Bag of Preparation","Juzu Bracelet","CultistMask","Busted Crown","Oddly Smooth Stone","War Paint","Gremlin Horn","Pen Nib","MawBank","Pear","Calling Bell","PreservedInsect","Mummified Hand","Du-Vu Doll","WarpedTongs","Question Card","Sling","Boot","Dream Catcher","Orichalcum","Letter Opener","Gambling Chip","Red Mask"],"potions_floor_usage":[7,11,20,25,33,50,50,50,50,50],"damage_taken":[{"damage":0,"enemies":"2 Louse","floor":1,"turns":2},{"damage":15,"enemies":"Small Slimes","floor":3,"turns":4},{"damage":0,"enemies":"Cultist","floor":4,"turns":3},{"damage":6,"enemies":"Red Slaver","floor":5,"turns":4},{"damage":15,"enemies":"Lagavulin","floor":7,"turns":5},{"damage":16,"enemies":"Exordium Thugs","floor":10,"turns":3},{"damage":0,"enemies":"3 Sentries","floor":11,"turns":5},{"damage":7,"enemies":"3 Louse","floor":13,"turns":2},{"damage":21,"enemies":"Slime Boss","floor":16,"turns":9},{"damage":10,"enemies":"Shell Parasite","floor":18,"turns":3},{"damage":13,"enemies":"Slavers","floor":23,"turns":3},{"damage":17,"enemies":"Gremlin Leader","floor":25,"turns":7},{"damage":0,"enemies":"Chosen","floor":27,"turns":4},{"damage":2,"enemies":"Centurion and Healer","floor":28,"turns":3},{"damage":0,"enemies":"Snake Plant","floor":30,"turns":3},{"damage":0,"enemies":"Slavers","floor":31,"turns":3},{"damage":0,"enemies":"Collector","floor":33,"turns":7},{"damage":12,"enemies":"3 Shapes","floor":35,"turns":3},{"damage":0,"enemies":"3 Darklings","floor":36,"turns":3},{"damage":9,"enemies":"4 Shapes","floor":37,"turns":2},{"damage":0,"enemies":"Reptomancer","floor":40,"turns":3},{"damage":18,"enemies":"Maw","floor":44,"turns":6},{"damage":3,"enemies":"Nemesis","floor":45,"turns":3},{"damage":18,"enemies":"2 Orb Walkers","floor":46,"turns":3},{"damage":20,"enemies":"Spire Growth","floor":48,"turns":3},{"damage":29,"enemies":"Donu and Deca","floor":50,"turns":7}],"seed_played":"1106079853251500499","potions_obtained":[{"floor":1,"key":"Swift Potion"},{"floor":7,"key":"AttackPotion"},{"floor":11,"key":"SpeedPotion"},{"floor":16,"key":"Fruit Juice"},{"floor":23,"key":"AttackPotion"},{"floor":25,"key":"Weak Potion"},{"floor":29,"key":"EntropicBrew"},{"floor":29,"key":"FocusPotion"},{"floor":35,"key":"LiquidBronze"}],"is_trial":false,"path_per_floor":["M","?","M","M","M","R","E","R","T","M","E","?","M","?","R","B",null,"M","$","?","?","?","E","R","E","T","M","M","?","M","E","R","B",null,"M","M","M","?","$","E","?","T","T","M","E","?","?","M","R","B",null],"character_chosen":"DEFECT","items_purchased":["Oddly Smooth Stone","Good Instincts","Beam Cell","Question Card","Go for the Eyes","Sling"],"campfire_rested":1,"item_purchase_floors":[19,19,19,39,39,39],"current_hp_per_floor":[82,64,49,49,43,43,28,67,67,51,51,51,44,44,44,23,82,72,72,62,51,51,46,46,51,51,58,65,65,67,77,77,77,77,69,75,70,70,70,77,77,77,77,61,69,61,61,46,46,30],"gold":20,"neow_bonus":"RANDOM_COMMON_RELIC","is_prod":false,"is_daily":false,"chose_seed":false,"campfire_upgraded":5,"win_rate":0,"timestamp":1555720706,"path_taken":["M","?","M","M","M","R","E","R","T","M","E","?","M","?","R","BOSS","M","?","?","?","?","E","R","E","T","M","M","?","M","E","R","BOSS","M","M","M","?","$","E","?","?","T","M","E","?","?","M","R","BOSS"],"build_version":"2019-01-23","purchased_purges":1,"victory":true,"max_hp_per_floor":[82,82,82,82,82,82,82,82,82,82,82,82,82,82,82,82,82,82,82,62,67,67,67,67,67,67,67,67,67,67,77,77,77,77,77,77,77,77,77,77,77,77,77,77,77,77,77,77,77,77],"card_choices":[{"not_picked":["Skim","Steam"],"picked":"Conserve Battery","floor":1},{"not_picked":["Conserve Battery","Rebound"],"picked":"Beam Cell","floor":3},{"not_picked":["Leap","Steam"],"picked":"All For One","floor":4},{"not_picked":["Barrage","Gash"],"picked":"Cold Snap","floor":5},{"not_picked":["Reboot","Recycle"],"picked":"Melter","floor":7},{"not_picked":["Redo","Barrage"],"picked":"FTL","floor":10},{"not_picked":["Doom and Gloom","Cold Snap"],"picked":"Hologram","floor":11},{"not_picked":["Rip and Tear","Double Energy","Streamline"],"picked":"SKIP","floor":13},{"not_picked":["Hyperbeam","All For One"],"picked":"Electrodynamics","floor":16},{"not_picked":[],"picked":"Gash","floor":18},{"not_picked":[],"picked":"Cold Snap+1","floor":23},{"not_picked":[],"picked":"Biased Cognition","floor":25},{"not_picked":["Turbo+1"],"picked":"SKIP","floor":27},{"not_picked":["Reinforced Body"],"picked":"SKIP","floor":28},{"not_picked":[],"picked":"Conserve Battery","floor":30},{"not_picked":["Rip and Tear"],"picked":"SKIP","floor":31},{"not_picked":[],"picked":"Seek","floor":33},{"not_picked":[],"picked":"Beam Cell","floor":35},{"not_picked":["Ball Lightning+1"],"picked":"SKIP","floor":36},{"not_picked":[],"picked":"Melter","floor":37},{"not_picked":["Redo"],"picked":"Conserve Battery+1","floor":40},{"not_picked":["Steam Power+1"],"picked":"Sweeping Beam+1","floor":44},{"not_picked":["Turbo+1"],"picked":"Beam Cell+1","floor":45},{"not_picked":["Coolheaded+1"],"picked":"Defragment","floor":46},{"not_picked":["Steam+1"],"picked":"Cold Snap+1","floor":48}],"player_experience":321044,"relics_obtained":[{"floor":7,"key":"Matryoshka"},{"floor":9,"key":"Lantern"},{"floor":9,"key":"Bag of Preparation"},{"floor":11,"key":"Juzu Bracelet"},{"floor":23,"key":"War Paint"},{"floor":25,"key":"Gremlin Horn"},{"floor":26,"key":"Pen Nib"},{"floor":26,"key":"MawBank"},{"floor":31,"key":"Pear"},{"floor":34,"key":"PreservedInsect"},{"floor":34,"key":"Mummified Hand"},{"floor":34,"key":"Du-Vu Doll"},{"floor":40,"key":"Boot"},{"floor":42,"key":"Dream Catcher"},{"floor":43,"key":"Orichalcum"},{"floor":45,"key":"Letter Opener"},{"floor":46,"key":"Gambling Chip"}],"event_choices":[{"damage_healed":0,"gold_gain":0,"player_choice":"Success","damage_taken":18,"relics_obtained":["Regal Pillow"],"max_hp_gain":0,"max_hp_loss":0,"event_name":"Scrap Ooze","floor":2,"gold_loss":0},{"cards_removed":["Defend_B"],"damage_healed":0,"gold_gain":0,"player_choice":"Offered Basic","damage_taken":0,"max_hp_gain":0,"max_hp_loss":0,"event_name":"Bonfire Elementals","floor":12,"gold_loss":0},{"damage_healed":0,"gold_gain":0,"player_choice":"Trade","damage_taken":0,"relics_obtained":["CultistMask"],"max_hp_gain":0,"max_hp_loss":0,"event_name":"FaceTrader","floor":14,"gold_loss":0},{"damage_healed":0,"gold_gain":0,"player_choice":"Became a vampire","damage_taken":0,"max_hp_gain":0,"max_hp_loss":25,"event_name":"Vampires","floor":20,"gold_loss":0,"cards_obtained":["Bite","Bite","Bite","Bite","Bite"]},{"damage_healed":0,"gold_gain":0,"player_choice":"Shed Blood","damage_taken":16,"max_hp_gain":5,"max_hp_loss":0,"event_name":"Forgotten Altar","floor":21,"gold_loss":0},{"damage_healed":0,"gold_gain":99,"player_choice":"Stole From Cult","damage_taken":0,"max_hp_gain":0,"max_hp_loss":0,"event_name":"Nest","floor":22,"gold_loss":0},{"damage_healed":0,"gold_gain":0,"player_choice":"Got Potions","damage_taken":0,"max_hp_gain":0,"max_hp_loss":0,"event_name":"Lab","floor":29,"gold_loss":0},{"damage_healed":0,"gold_gain":0,"player_choice":"Rummage","damage_taken":0,"relics_obtained":["WarpedTongs"],"max_hp_gain":0,"max_hp_loss":0,"event_name":"Accursed Blacksmith","floor":38,"gold_loss":0,"cards_obtained":["Pain"]},{"damage_healed":0,"gold_gain":0,"player_choice":"Ignored","damage_taken":0,"max_hp_gain":0,"max_hp_loss":0,"event_name":"NoteForYourself","floor":41,"gold_loss":0},{"damage_healed":0,"gold_gain":0,"player_choice":"Fight","damage_taken":0,"max_hp_gain":0,"max_hp_loss":0,"event_name":"Mysterious Sphere","floor":46,"gold_loss":0},{"damage_healed":0,"gold_gain":0,"player_choice":"Paid","damage_taken":0,"relics_obtained":["Red Mask"],"max_hp_gain":0,"max_hp_loss":0,"event_name":"Tomb of Lord Red Mask","floor":47,"gold_loss":190}],"is_beta":false,"boss_relics":[{"not_picked":["Astrolabe","Lizard Tail"],"picked":"Busted Crown"},{"not_picked":["Eternal Feather","Sozu"],"picked":"Calling Bell"}],"items_purged_floors":[39],"is_endless":false,"potions_floor_spawned":[1,7,11,16,23,25,31,35,40,45,46,48],"ascension_level":0}