{"gold_per_floor":[110,124,140,140,240,240,267,267,314,325,344,142,73,87,87,188,188,188,188,188,40,40,40,40,40,40,40,40,40,40,40,40,40],"floor_reached":33,"playtime":1137,"items_purged":[],"score":350,"play_id":"e05531bb-5d90-4bd5-81fe-52f22ef34cbc","local_time":"20190211211626","is_ascension_mode":true,"campfire_choices":[{"data":"Bash","floor":6.0,"key":"SMITH"},{"data":"Inflame","floor":8.0,"key":"SMITH"},{"floor":15.0,"key":"REST"},{"data":"Heavy Blade","floor":23.0,"key":"SMITH"},{"floor":25.0,"key":"REST"},{"data":"Rage","floor":30.0,"key":"SMITH"},{"floor":32.0,"key":"REST"}],"neow_cost":"NONE","seed_source_timestamp":1187877103100,"circlet_count":0,"master_deck":["Strike_R","Strike_R","Strike_R","Strike_R","Defend_R","Defend_R","Defend_R","Bash+1","Cleave","Ghostly Armor","Shrug It Off","Inflame+1","Pommel Strike","Spot Weakness","Hemokinesis","Rupture","Shrug It Off","Metallicize","Immolate","Iron Wave+1","Heavy Blade+1","Dual Wield+1","Headbutt","Rage+1"],"special_seed":0,"relics":["Burning Blood","Art of War","Ancient Tea Set","Ectoplasm","Vajra","Nunchaku","Tiny Chest"],"potions_floor_usage":[33],"damage_taken":[{"damage":7.0,"enemies":"2 Louse","floor":1.0,"turns":3.0},{"damage":6.0,"enemies":"Cultist","floor":2.0,"turns":3.0},{"damage":3.0,"enemies":"Small Slimes","floor":3.0,"turns":4.0},{"damage":16.0,"enemies":"Gremlin Nob","floor":7.0,"turns":5.0},{"damage":6.0,"enemies":"2 Fungi Beasts","floor":10.0,"turns":3.0},{"damage":26.0,"enemies":"Exordium Thugs","floor":11.0,"turns":6.0},{"damage":18.0,"enemies":"Lots of Slimes","floor":14.0,"turns":4.0},{"damage":37.0,"enemies":"Hexaghost","floor":16.0,"turns":9.0},{"damage":19.0,"enemies":"Spheric Guardian","floor":18.0,"turns":5.0},{"damage":12.0,"enemies":"Chosen","floor":20.0,"turns":4.0},{"damage":18.0,"enemies":"3 Cultists","floor":22.0,"turns":4.0},{"damage":33.0,"enemies":"Book of Stabbing","floor":24.0,"turns":3.0},{"damage":15.0,"enemies":"Chosen and Byrds","floor":27.0,"turns":3.0},{"damage":0.0,"enemies":"Sentry and Sphere","floor":28.0,"turns":3.0},{"damage":15.0,"enemies":"Snake Plant","floor":29.0,"turns":4.0},{"damage":97,"enemies":"Collector","floor":33,"turns":7}],"seed_played":"2034588678330155932","potions_obtained":[{"floor":2.0,"key":"Block Potion"},{"floor":7.0,"key":"Regen Potion"},{"floor":11.0,"key":"Energy Potion"},{"floor":16.0,"key":"Dexterity Potion"},{"floor":18.0,"key":"SteroidPotion"},{"floor":24.0,"key":"Dexterity Potion"}],"is_trial":false,"path_per_floor":["M","M","M","?","?","R","E","R","T","M","M","$","$","M","R","B",null,"M","?","M","$","M","R","E","R","T","M","M","M","R","$","R","B"],"character_chosen":"IRONCLAD","items_purchased":["Hemokinesis","Rupture","Shrug It Off","Metallicize","Vajra"],"campfire_rested":3,"item_purchase_floors":[12,12,12,13,21],"current_hp_per_floor":[71,71,74,67,67,67,57,57,57,57,37,37,37,25,49,18,65,52,78,72,72,60,60,33,57,57,48,54,45,45,45,69,0],"gold":40,"neow_bonus":"REMOVE_CARD","is_prod":false,"is_daily":false,"chose_seed":false,"campfire_upgraded":4,"win_rate":0,"timestamp":1549937786,"path_taken":["M","M","M","?","?","R","E","R","T","?","M","?","$","M","R","BOSS","M","?","M","$","M","R","E","R","T","M","M","M","R","$","R","BOSS"],"build_version":"2019-01-23","purchased_purges":0,"victory":false,"max_hp_per_floor":[80,80,80,80,80,80,80,80,80,80,80,80,80,80,80,80,80,80,80,80,80,80,80,80,80,80,80,80,80,80,80,80,80],"card_choices":[{"not_picked":["Clothesline","Headbutt"],"picked":"Cleave","floor":1.0},{"not_picked":["Second Wind","Dual Wield"],"picked":"Ghostly Armor","floor":2.0},{"not_picked":["Anger","Body Slam"],"picked":"Shrug It Off","floor":3.0},{"not_picked":["Anger","Rage"],"picked":"Inflame","floor":7.0},{"not_picked":["Entrench","Ghostly Armor"],"picked":"Pommel Strike","floor":10.0},{"not_picked":["Corruption","Uppercut"],"picked":"Spot Weakness","floor":11.0},{"not_picked":["Perfected Strike","Shrug It Off","Berserk"],"picked":"SKIP","floor":14.0},{"not_picked":["Demon Form","Double Tap"],"picked":"Immolate","floor":16.0},{"not_picked":["Feel No Pain+1","Twin Strike","Wild Strike"],"picked":"SKIP","floor":18.0},{"not_picked":["Cleave+1","Anger"],"picked":"Iron Wave+1","floor":20.0},{"not_picked":["Shrug It Off+1","Dark Embrace"],"picked":"Heavy Blade","floor":22.0},{"not_picked":["Flex","Iron Wave"],"picked":"Dual Wield+1","floor":24.0},{"not_picked":["Carnage+1","Blood for Blood"],"picked":"Headbutt","floor":27.0},{"not_picked":["Dual Wield","Infernal Blade"],"picked":"Rage","floor":28.0},{"not_picked":["Reckless Charge","Pommel Strike","Intimidate"],"picked":"SKIP","floor":29.0}],"player_experience":440071,"relics_obtained":[{"floor":7.0,"key":"Art of War"},{"floor":9.0,"key":"Ancient Tea Set"},{"floor":24.0,"key":"Nunchaku"},{"floor":26.0,"key":"Tiny Chest"}],"event_choices":[{"cards_removed":["Strike_R"],"damage_healed":0.0,"max_hp_gain":0.0,"max_hp_loss":0.0,"gold_gain":0.0,"event_name":"Golden Wing","player_choice":"Card Removal","floor":4.0,"gold_loss":0.0,"damage_taken":7.0},{"damage_healed":0.0,"max_hp_gain":0.0,"max_hp_loss":0.0,"gold_gain":100.0,"event_name":"Wheel of Change","player_choice":"Gold","floor":5.0,"gold_loss":0.0,"damage_taken":0.0},{"damage_healed":26.0,"max_hp_gain":0.0,"max_hp_loss":0.0,"gold_gain":0.0,"event_name":"The Library","player_choice":"Heal","floor":19.0,"gold_loss":0.0,"damage_taken":0.0}],"is_beta":false,"boss_relics":[{"not_picked":["Black Star","Coffee Dripper"],"picked":"Ectoplasm"}],"items_purged_floors":[],"is_endless":false,"potions_floor_spawned":[2,7,11,16,18,22,24,28],"killed_by":"Collector","ascension_level":6}