{"gold_per_floor":[116,134,134,152,162,162,188,188,188,188,218,218,251,270,270,345,345,355,355,369,381,89,89,122,122,122,132,152,152,166,195,195,272,272,284,296,296,310,46,78,78,127,127,127,142,158,158,177,177,177,177],"floor_reached":52,"playtime":2816,"items_purged":["Strike_R"],"score":1913,"play_id":"9c54ec02-4c30-4034-bbff-7c9313a40f1a","local_time":"20190424134426","is_ascension_mode":true,"campfire_choices":[{"data":"Fiend Fire","floor":6,"key":"SMITH"},{"data":"Whirlwind","floor":8,"key":"SMITH"},{"floor":10,"key":"REST"},{"floor":15,"key":"DIG"},{"floor":23,"key":"DIG"},{"floor":25,"key":"DIG"},{"floor":29,"key":"DIG"},{"floor":32,"key":"DIG"},{"floor":41,"key":"DIG"},{"floor":44,"key":"DIG"},{"floor":47,"key":"RECALL"},{"floor":49,"key":"REST"}],"neow_cost":"TEN_PERCENT_HP_LOSS","seed_source_timestamp":632258593635879,"circlet_count":0,"master_deck":["AscendersBane","Strike_R","Strike_R","Strike_R","Strike_R","Defend_R","Defend_R","Defend_R","Defend_R","Fiend Fire+1","Wild Strike","Pommel Strike+1","Whirlwind+1","Inflame","Exhume","Armaments+1","Evolve","Warcry+1","Offering+1","Shrug It Off+1","Battle Trance+1","Clothesline+1","Feel No Pain","Ghostly Armor+1","Bloodletting+1","Uppercut","Demon Form","Disarm+1","Shrug It Off+1","Shrug It Off+1"],"relics":["Burning Blood","Regal Pillow","Toxic Egg 2","Shovel","Gremlin Horn","Potion Belt","Fusion Hammer","MutagenicStrength","Lantern","Bag of Preparation","Oddly Smooth Stone","Bag of Marbles","Self Forming Clay","Bronze Scales","Ice Cream","Juzu Bracelet","Busted Crown","Mummified Hand","Pear","Ginger","Champion Belt","Bottled Flame","Centennial Puzzle"],"potions_floor_usage":[16,50,50,51],"damage_taken":[{"damage":0,"enemies":"Cultist","floor":1,"turns":2},{"damage":3,"enemies":"2 Louse","floor":2,"turns":3},{"damage":7,"enemies":"Small Slimes","floor":4,"turns":3},{"damage":11,"enemies":"2 Fungi Beasts","floor":5,"turns":3},{"damage":30,"enemies":"3 Sentries","floor":7,"turns":7},{"damage":0,"enemies":"Gremlin Nob","floor":11,"turns":2},{"damage":20,"enemies":"3 Sentries","floor":13,"turns":6},{"damage":11,"enemies":"Blue Slaver","floor":14,"turns":3},{"damage":13,"enemies":"Slime Boss","floor":16,"turns":7},{"damage":7,"enemies":"Spheric Guardian","floor":18,"turns":3},{"damage":0,"enemies":"Chosen","floor":20,"turns":3},{"damage":6,"enemies":"Shelled Parasite and Fungi","floor":21,"turns":2},{"damage":6,"enemies":"Book of Stabbing","floor":24,"turns":3},{"damage":6,"enemies":"Chosen and Byrds","floor":27,"turns":2},{"damage":6,"enemies":"Sentry and Sphere","floor":28,"turns":3},{"damage":1,"enemies":"Snake Plant","floor":30,"turns":2},{"damage":16,"enemies":"Slavers","floor":31,"turns":4},{"damage":28,"enemies":"Automaton","floor":33,"turns":5},{"damage":6,"enemies":"3 Darklings","floor":35,"turns":6},{"damage":0,"enemies":"3 Shapes","floor":36,"turns":5},{"damage":21,"enemies":"Spire Growth","floor":38,"turns":4},{"damage":15,"enemies":"Nemesis","floor":40,"turns":7},{"damage":6,"enemies":"2 Orb Walkers","floor":42,"turns":1},{"damage":3,"enemies":"Jaw Worm Horde","floor":45,"turns":1},{"damage":24,"enemies":"Maw","floor":46,"turns":6},{"damage":8,"enemies":"Transient","floor":48,"turns":6},{"damage":51,"enemies":"Donu and Deca","floor":50,"turns":8},{"damage":23,"enemies":"Awakened One","floor":51,"turns":12}],"seed_played":"4468742495532257361","potions_obtained":[{"floor":1,"key":"Dexterity Potion"},{"floor":7,"key":"Explosive Potion"},{"floor":11,"key":"AttackPotion"},{"floor":16,"key":"Poison Potion"},{"floor":20,"key":"Swift Potion"},{"floor":30,"key":"Strength Potion"},{"floor":40,"key":"PowerPotion"}],"is_trial":false,"path_per_floor":["M","M","?","M","M","R","E","R","T","R","E","?","E","M","R","B",null,"M","?","M","M","$","R","E","R","T","M","M","R","M","E","R","B",null,"M","M","?","M","$","E","R","?","T","R","M","M","R","M","R","B","B",null],"character_chosen":"IRONCLAD","items_purchased":["Feel No Pain","Lantern","Mummified Hand"],"campfire_rested":2,"item_purchase_floors":[22,22,39],"current_hp_per_floor":[68,68,48,47,42,42,18,18,18,53,59,59,45,40,40,33,59,58,58,64,64,64,64,64,64,64,64,64,64,68,58,58,36,60,60,66,66,51,51,52,52,52,52,52,55,37,37,35,73,28,11],"gold":177,"neow_bonus":"THREE_RARE_CARDS","is_prod":false,"is_daily":false,"chose_seed":false,"campfire_upgraded":2,"win_rate":0,"timestamp":1556138666,"path_taken":["M","M","?","M","M","R","E","R","T","R","E","?","E","M","R","BOSS","M","?","M","M","$","R","E","R","T","M","M","R","M","E","R","BOSS","M","M","?","M","$","E","R","?","T","R","M","M","R","M","R","BOSS","BOSS"],"build_version":"2019-01-23","purchased_purges":1,"victory":true,"max_hp_per_floor":[68,68,68,68,68,68,68,68,68,68,68,68,68,68,68,68,68,68,68,68,68,68,68,68,68,68,68,68,68,68,68,68,68,68,68,68,68,68,68,78,78,78,78,78,78,78,78,78,78,78,78],"card_choices":[{"not_picked":["Limit Break","Reaper"],"picked":"Fiend Fire","floor":0},{"not_picked":["Reckless Charge","True Grit"],"picked":"Wild Strike","floor":1},{"not_picked":["Corruption","Body Slam"],"picked":"Pommel Strike","floor":2},{"not_picked":["Iron Wave","Sentinel"],"picked":"Whirlwind","floor":4},{"not_picked":["Body Slam","Heavy Blade"],"picked":"Inflame","floor":5},{"not_picked":["Clash","Flex"],"picked":"Exhume","floor":7},{"not_picked":["Iron Wave","Havoc+1"],"picked":"Armaments+1","floor":11},{"not_picked":["Intimidate+1","Armaments+1"],"picked":"Evolve","floor":13},{"not_picked":["Dropkick","Clash"],"picked":"Warcry+1","floor":14},{"not_picked":["Fiend Fire","Feed"],"picked":"Offering+1","floor":16},{"not_picked":["Anger+1","Intimidate+1"],"picked":"Shrug It Off+1","floor":18},{"not_picked":["True Grit+1","Warcry+1"],"picked":"Battle Trance+1","floor":20},{"not_picked":["Shrug It Off+1","Flex+1"],"picked":"Clothesline+1","floor":21},{"not_picked":["Blood for Blood","True Grit+1"],"picked":"Ghostly Armor+1","floor":24},{"not_picked":["Headbutt","Barricade"],"picked":"Bloodletting+1","floor":27},{"not_picked":["Wild Strike","Carnage"],"picked":"Uppercut","floor":28},{"not_picked":["Carnage","Sword Boomerang","Clothesline"],"picked":"SKIP","floor":30},{"not_picked":["Sever Soul","Hemokinesis","Burning Pact+1"],"picked":"SKIP","floor":31},{"not_picked":["Brutality","Barricade"],"picked":"Demon Form","floor":33},{"not_picked":["Clothesline"],"picked":"SKIP","floor":35},{"not_picked":[],"picked":"Disarm+1","floor":36},{"not_picked":["Pommel Strike"],"picked":"SKIP","floor":38},{"not_picked":[],"picked":"Shrug It Off+1","floor":40},{"not_picked":[],"picked":"Shrug It Off+1","floor":45},{"not_picked":["Sever Soul"],"picked":"SKIP","floor":46},{"not_picked":["Flex+1"],"picked":"SKIP","floor":48}],"player_experience":229840,"relics_obtained":[{"floor":7,"key":"Regal Pillow"},{"floor":9,"key":"Toxic Egg 2"},{"floor":11,"key":"Shovel"},{"floor":13,"key":"Gremlin Horn"},{"floor":15,"key":"Potion Belt"},{"floor":23,"key":"Bag of Preparation"},{"floor":24,"key":"Oddly Smooth Stone"},{"floor":25,"key":"Bag of Marbles"},{"floor":26,"key":"Self Forming Clay"},{"floor":29,"key":"Bronze Scales"},{"floor":31,"key":"Ice Cream"},{"floor":32,"key":"Juzu Bracelet"},{"floor":40,"key":"Pear"},{"floor":41,"key":"Ginger"},{"floor":42,"key":"Champion Belt"},{"floor":43,"key":"Bottled Flame"},{"floor":44,"key":"Centennial Puzzle"}],"event_choices":[{"damage_healed":0,"gold_gain":0,"player_choice":"Entered Light","damage_taken":20,"max_hp_gain":0,"max_hp_loss":0,"event_name":"Shining Light","floor":3,"gold_loss":0,"cards_upgraded":["Pommel Strike","Bash"]},{"damage_healed":0,"gold_gain":0,"player_choice":"Ignored","damage_taken":0,"max_hp_gain":0,"max_hp_loss":0,"event_name":"Liars Game","floor":12,"gold_loss":0},{"damage_healed":0,"gold_gain":0,"player_choice":"Inject Mutagens","damage_taken":0,"relics_obtained":["MutagenicStrength"],"max_hp_gain":0,"max_hp_loss":0,"event_name":"Drug Dealer","floor":19,"gold_loss":0},{"cards_removed":["Bash"],"damage_healed":0,"gold_gain":0,"player_choice":"Removed Attack","damage_taken":0,"max_hp_gain":0,"max_hp_loss":0,"event_name":"Falling","floor":37,"gold_loss":0},{"damage_healed":0,"gold_gain":0,"player_choice":"Fight","damage_taken":0,"max_hp_gain":0,"max_hp_loss":0,"event_name":"Mysterious Sphere","floor":42,"gold_loss":0}],"is_beta":false,"boss_relics":[{"not_picked":["Lizard Tail","Coffee Dripper"],"picked":"Fusion Hammer"},{"not_picked":["Sozu","Tiny House"],"picked":"Busted Crown"}],"items_purged_floors":[22],"is_endless":false,"potions_floor_spawned":[1,7,11,14,16,20,30,33,40,42,46],"ascension_level":20}