{"gold_per_floor":[16,36,48,48,64,64,104,104,104,104,147,147,172,172,172,300,300,319,338,253,110,110],"floor_reached":22,"playtime":1709,"items_purged":[],"score":243,"play_id":"0fff26a8-fedc-4b28-9e77-dedd5dde85ad","local_time":"20190202232358","is_ascension_mode":true,"campfire_choices":[{"data":"Fission","floor":6.0,"key":"SMITH"},{"floor":8.0,"key":"REST"},{"data":"Zap","floor":10.0,"key":"SMITH"},{"floor":15.0,"key":"REST"}],"neow_cost":"NO_GOLD","seed_source_timestamp":0,"circlet_count":0,"master_deck":["Strike_B+1","Strike_B","Strike_B","Strike_B","Defend_B","Defend_B","Defend_B","Defend_B","Zap+1","Dualcast","Compile Driver","Ball Lightning","Fission+1","Injury","Turbo+1","Storm","Conserve Battery","Static Discharge+1","Creative AI+1","Ball Lightning","Hologram+1","Defragment+1","Auto Shields"],"special_seed":0,"relics":["Cracked Core","Calipers","Golden Idol","Shuriken","Frozen Egg 2","Bottled Tornado","Kunai","Nuclear Battery","Omamori"],"potions_floor_usage":[18],"damage_taken":[{"damage":0.0,"enemies":"Small Slimes","floor":1.0,"turns":4.0},{"damage":10.0,"enemies":"2 Louse","floor":2.0,"turns":4.0},{"damage":0.0,"enemies":"Cultist","floor":3.0,"turns":3.0},{"damage":11.0,"enemies":"Looter","floor":5.0,"turns":4.0},{"damage":40.0,"enemies":"3 Sentries","floor":7.0,"turns":7.0},{"damage":5.0,"enemies":"Gremlin Nob","floor":11.0,"turns":3.0},{"damage":10.0,"enemies":"2 Fungi Beasts","floor":13.0,"turns":3.0},{"damage":14.0,"enemies":"Slime Boss","floor":16.0,"turns":7.0},{"damage":18,"enemies":"3 Byrds","floor":18,"turns":3},{"damage":32,"enemies":"2 Thieves","floor":19,"turns":3},{"damage":21,"enemies":"Shelled Parasite and Fungi","floor":22,"turns":3}],"seed_played":"-6162362040359179311","potions_obtained":[{"floor":3.0,"key":"PowerPotion"},{"floor":7.0,"key":"AttackPotion"},{"floor":11.0,"key":"SkillPotion"},{"floor":16.0,"key":"AttackPotion"},{"floor":19,"key":"Block Potion"}],"is_trial":false,"path_per_floor":["M","M","M","?","M","R","E","R","T","R","E","?","M","?","R","B",null,"M","M","?","$","M"],"character_chosen":"DEFECT","items_purchased":["Defragment+1","Auto Shields"],"campfire_rested":2,"item_purchase_floors":[21,21],"current_hp_per_floor":[75,65,65,65,54,54,14,36,36,36,31,16,6,6,28,14,60,42,10,10,10,0],"gold":110,"neow_bonus":"ONE_RARE_RELIC","is_prod":false,"is_daily":false,"chose_seed":false,"campfire_upgraded":2,"win_rate":0,"timestamp":1549167838,"path_taken":["M","M","M","?","M","R","E","R","T","R","E","?","M","?","R","BOSS","M","?","?","$","M"],"build_version":"2019-01-23","purchased_purges":0,"victory":false,"max_hp_per_floor":[75,75,75,75,75,75,75,75,75,75,75,75,75,75,75,75,75,75,75,75,75,75],"card_choices":[{"not_picked":["Rebound","Redo"],"picked":"Compile Driver","floor":1.0},{"not_picked":["Conserve Battery","Reinforced Body"],"picked":"Ball Lightning","floor":2.0},{"not_picked":["Turbo","Leap"],"picked":"Fission","floor":3.0},{"not_picked":["Scrape","Rebound"],"picked":"Turbo","floor":5.0},{"not_picked":["Streamline","Genetic Algorithm"],"picked":"Storm","floor":7.0},{"not_picked":["Stack","Redo"],"picked":"Conserve Battery","floor":11.0},{"not_picked":["Leap","Undo"],"picked":"Static Discharge+1","floor":13.0},{"not_picked":["Machine Learning+1","Core Surge"],"picked":"Creative AI+1","floor":16.0},{"not_picked":["Stack","Barrage+1"],"picked":"Ball Lightning","floor":18},{"not_picked":["Chaos","Rebound"],"picked":"Hologram+1","floor":19}],"player_experience":356644,"relics_obtained":[{"floor":7.0,"key":"Shuriken"},{"floor":9.0,"key":"Frozen Egg 2"},{"floor":11.0,"key":"Bottled Tornado"},{"floor":14.0,"key":"Kunai"}],"event_choices":[{"damage_healed":0.0,"max_hp_gain":0.0,"max_hp_loss":0.0,"gold_gain":0.0,"event_name":"Golden Idol","player_choice":"Take Wound","floor":4.0,"gold_loss":0.0,"damage_taken":0.0,"relics_obtained":["Golden Idol"],"cards_obtained":["Injury"]},{"damage_healed":0.0,"max_hp_gain":0.0,"max_hp_loss":0.0,"gold_gain":0.0,"event_name":"Shining Light","player_choice":"Entered Light","floor":12.0,"gold_loss":0.0,"damage_taken":15.0,"cards_upgraded":["Turbo","Strike_B"]},{"damage_healed":0.0,"max_hp_gain":0.0,"max_hp_loss":0.0,"gold_gain":0.0,"event_name":"Wheel of Change","player_choice":"Relic","floor":14.0,"gold_loss":0.0,"damage_taken":0.0},{"damage_healed":0,"gold_gain":0,"player_choice":"Obtained Relic","damage_taken":0,"relics_obtained":["Omamori"],"max_hp_gain":0,"max_hp_loss":0,"event_name":"Addict","floor":20,"gold_loss":85}],"is_beta":false,"boss_relics":[{"not_picked":["Velvet Choker","FrozenCore"],"picked":"Nuclear Battery"}],"items_purged_floors":[],"is_endless":false,"potions_floor_spawned":[3,7,11,16,19],"killed_by":"Shelled Parasite and Fungi","ascension_level":5}