{"gold_per_floor":[113,113,126,142,15,47,47,78,78,78,110,60,93,111,111,211,211,230,243,0,17,31,31,56,74,148,183,196,208,208,56,56,153,153,171,171,186,41,54,54,81,81,126,145,145,145,95,108,108,108],"floor_reached":50,"playtime":6639,"items_purged":["Strike_B","Strike_B","Writhe"],"score":1039,"play_id":"c1953e0f-fa8e-47f8-896c-afc101d86c5d","local_time":"20190406171400","is_ascension_mode":true,"campfire_choices":[{"data":"Defragment","floor":7,"key":"SMITH"},{"data":"Sunder","floor":10,"key":"SMITH"},{"data":"Go for the Eyes","floor":15,"key":"SMITH"},{"floor":23,"key":"REST"},{"floor":30,"key":"REST"},{"floor":32,"key":"REST"},{"data":"Seek","floor":40,"key":"SMITH"},{"floor":42,"key":"REST"},{"floor":45,"key":"RECALL"},{"floor":49,"key":"REST"}],"neow_cost":"NONE","seed_source_timestamp":424491049848065,"circlet_count":0,"master_deck":["Strike_B+1","Strike_B+1","Defend_B+1","Defend_B+1","Defend_B+1","Defend_B+1","Zap+1","Dualcast+1","Sunder+1","PanicButton+1","Leap+1","Defragment+1","Coolheaded+1","Chill+1","Compile Driver+1","Go for the Eyes+1","Beam Cell+1","Hologram+1","Electrodynamics+1","Glacier+1","Sweeping Beam+1","Go for the Eyes+1","Loop+1","Aggregate+1","Redo+1","Chill+1","Compile Driver+1","White Noise+1","Creative AI+1","Seek+1","Blizzard+1","Parasite"],"special_seed":0,"relics":["Cracked Core","Ice Cream","Mango","Orichalcum","Smiling Mask","Philosopher\u0027s Stone","Sling","DataDisk","Molten Egg 2","Bottled Flame","Runic Pyramid","Mark of the Bloom","Bag of Preparation","Happy Flower"],"potions_floor_usage":[6,6,11,24,27,27,27,33,41,44,44,44,50,50,50,50,50],"damage_taken":[{"damage":12,"enemies":"Jaw Worm","floor":1,"turns":3},{"damage":0,"enemies":"Cultist","floor":3,"turns":3},{"damage":0,"enemies":"2 Louse","floor":4,"turns":2},{"damage":0,"enemies":"Gremlin Nob","floor":6,"turns":4},{"damage":1,"enemies":"3 Sentries","floor":8,"turns":8},{"damage":4,"enemies":"Gremlin Nob","floor":11,"turns":3},{"damage":0,"enemies":"3 Sentries","floor":13,"turns":6},{"damage":0,"enemies":"2 Fungi Beasts","floor":14,"turns":3},{"damage":15,"enemies":"Hexaghost","floor":16,"turns":9},{"damage":7,"enemies":"Chosen","floor":18,"turns":4},{"damage":5,"enemies":"2 Thieves","floor":19,"turns":4},{"damage":0,"enemies":"Chosen and Byrds","floor":21,"turns":5},{"damage":19,"enemies":"Centurion and Healer","floor":22,"turns":6},{"damage":5,"enemies":"Gremlin Leader","floor":24,"turns":6},{"damage":27,"enemies":"Cultist and Chosen","floor":25,"turns":6},{"damage":19,"enemies":"Slavers","floor":27,"turns":5},{"damage":0,"enemies":"Sentry and Sphere","floor":28,"turns":6},{"damage":0,"enemies":"Snecko","floor":29,"turns":5},{"damage":14,"enemies":"Collector","floor":33,"turns":10},{"damage":1,"enemies":"3 Shapes","floor":35,"turns":7},{"damage":0,"enemies":"3 Darklings","floor":37,"turns":2},{"damage":0,"enemies":"Spire Growth","floor":39,"turns":5},{"damage":49,"enemies":"Giant Head","floor":41,"turns":11},{"damage":3,"enemies":"Maw","floor":44,"turns":5},{"damage":0,"enemies":"Writhing Mass","floor":48,"turns":9},{"damage":47,"enemies":"Time Eater","floor":50,"turns":9}],"seed_played":"-6672094668591863779","potions_obtained":[{"floor":1,"key":"EssenceOfSteel"},{"floor":6,"key":"SteroidPotion"},{"floor":8,"key":"Block Potion"},{"floor":14,"key":"Strength Potion"},{"floor":24,"key":"EssenceOfSteel"},{"floor":25,"key":"Explosive Potion"},{"floor":27,"key":"EntropicBrew"},{"floor":37,"key":"EntropicBrew"},{"floor":41,"key":"SkillPotion"}],"is_trial":false,"path_per_floor":["?","M","M","M","?","?","$"],"character_chosen":"DEFECT","items_purchased":["Block Potion","Regen Potion","Weak Potion","Sling","Block Potion","AttackPotion","Seek"],"campfire_rested":5,"item_purchase_floors":[5,5,12,20,31,31,38],"current_hp_per_floor":[56,56,56,56,56,56,56,55,69,69,65,65,65,65,65,50,79,72,67,67,67,48,74,69,42,42,37,37,37,63,63,89,75,86,85,85,85,85,85,85,36,36,36,33,33,33,33,33,33,0],"gold":108,"neow_bonus":"UPGRADE_CARD","is_prod":false,"is_daily":false,"chose_seed":false,"campfire_upgraded":4,"win_rate":0,"timestamp":1554567240,"path_taken":["M","?","M","M","$","E","R","E","T","R","E","$","E","?","R","BOSS","M","?","$","M","M","R","E","M","T","E","?","M","R","$","R","BOSS","M","?","M","$","M","R","E","R","T","M","R","?","?","M","R","BOSS"],"build_version":"2019-01-23","purchased_purges":3,"victory":false,"max_hp_per_floor":[75,75,75,75,75,75,75,75,89,89,89,89,89,89,89,89,89,89,89,89,89,89,89,89,89,89,89,89,89,89,89,89,89,89,89,89,89,89,89,89,89,89,89,89,89,89,89,89,89,89],"card_choices":[{"not_picked":["Leap","Gash"],"picked":"Sunder","floor":1},{"not_picked":["Genetic Algorithm","Sweeping Beam"],"picked":"Defragment","floor":3},{"not_picked":["Compile Driver","Steam"],"picked":"Coolheaded","floor":4},{"not_picked":["Recycle","Chaos"],"picked":"Chill","floor":6},{"not_picked":["Recycle","Seek"],"picked":"Compile Driver","floor":8},{"not_picked":["Capacitor","Skim"],"picked":"Go for the Eyes","floor":11},{"not_picked":["Chaos","Leap"],"picked":"Beam Cell","floor":13},{"not_picked":["Redo","Rip and Tear"],"picked":"Hologram","floor":14},{"not_picked":["Seek","Multi-Cast"],"picked":"Electrodynamics","floor":16},{"not_picked":["FTL","Sunder"],"picked":"Glacier","floor":18},{"not_picked":["Hologram","Fusion"],"picked":"Sweeping Beam","floor":19},{"not_picked":["Stack","Chill"],"picked":"Go for the Eyes","floor":21},{"not_picked":["Cold Snap","Compile Driver+1"],"picked":"Loop","floor":22},{"not_picked":["Thunder Strike","Ball Lightning"],"picked":"Aggregate+1","floor":24},{"not_picked":["Aggregate","Gash"],"picked":"Redo","floor":25},{"not_picked":["Beam Cell+1","Melter+1"],"picked":"Chill+1","floor":27},{"not_picked":["Turbo+1","Stack"],"picked":"Compile Driver+1","floor":28},{"not_picked":["Ball Lightning+1","Sunder+1"],"picked":"White Noise","floor":29},{"not_picked":["Electrodynamics","Meteor Strike+1"],"picked":"Creative AI","floor":33},{"not_picked":["Recycle+1","Compile Driver+1","Rebound+1"],"picked":"SKIP","floor":35},{"not_picked":["Cold Snap+1","Hologram","Fusion+1"],"picked":"SKIP","floor":37},{"not_picked":["Chill+1","Sweeping Beam+1","Steam+1"],"picked":"SKIP","floor":39},{"not_picked":["Aggregate+1","Beam Cell+1"],"picked":"Blizzard+1","floor":41},{"not_picked":["Cold Snap+1","Scrape+1","Ball Lightning+1"],"picked":"SKIP","floor":44},{"not_picked":["Force Field","Steam","Barrage+1"],"picked":"SKIP","floor":48}],"player_experience":505589,"relics_obtained":[{"floor":6,"key":"Ice Cream"},{"floor":9,"key":"Mango"},{"floor":11,"key":"Orichalcum"},{"floor":13,"key":"Smiling Mask"},{"floor":24,"key":"DataDisk"},{"floor":26,"key":"Molten Egg 2"},{"floor":27,"key":"Bottled Flame"},{"floor":41,"key":"Bag of Preparation"},{"floor":43,"key":"Happy Flower"}],"event_choices":[{"damage_healed":0,"gold_gain":0,"player_choice":"2 cards matched","damage_taken":0,"max_hp_gain":0,"max_hp_loss":0,"event_name":"Match and Keep!","floor":2,"gold_loss":0,"cards_obtained":["PanicButton","Leap"]},{"damage_healed":0,"gold_gain":0,"player_choice":"Upgrade","damage_taken":0,"relics_obtained":["Mark of the Bloom"],"max_hp_gain":0,"max_hp_loss":0,"event_name":"MindBloom","floor":36,"gold_loss":0,"cards_upgraded":["Strike_B","Strike_B","Defend_B","Defend_B","Defend_B","Defend_B","Dualcast","PanicButton","Leap","Coolheaded","Chill","Compile Driver","Beam Cell","Hologram","Electrodynamics","Glacier","Sweeping Beam","Go for the Eyes","Loop","Redo","White Noise","Creative AI"]},{"damage_healed":22,"gold_gain":0,"player_choice":"Writhe","damage_taken":0,"max_hp_gain":0,"max_hp_loss":0,"event_name":"Winding Halls","floor":46,"gold_loss":0,"cards_obtained":["Writhe"]}],"is_beta":false,"boss_relics":[{"not_picked":["Snecko Eye","Orrery"],"picked":"Philosopher\u0027s Stone"},{"not_picked":["Coffee Dripper","Velvet Choker"],"picked":"Runic Pyramid"}],"items_purged_floors":[20,31,47],"is_endless":false,"potions_floor_spawned":[1,6,8,13,14,18,24,25,27,37,39,41],"killed_by":"Time Eater","ascension_level":8}