{"gold_per_floor":[118,130,130,130,141,171,171,200,200,212,229,69,134,152,152,249,249,265,265,364,364,9,9,29,29],"floor_reached":25,"playtime":1509,"items_purged":[],"score":308,"play_id":"dbf10abe-eecb-4e59-ae30-c7bbb2a1b27e","local_time":"20190319205344","is_ascension_mode":true,"campfire_choices":[{"data":"Creative AI","floor":15,"key":"SMITH"},{"data":"Capacitor","floor":23,"key":"SMITH"}],"neow_cost":"NONE","seed_source_timestamp":44867457687559,"circlet_count":0,"master_deck":["Zap+1","Dualcast","Sweeping Beam","Cold Snap","Go for the Eyes","Self Repair","Beam Cell","Double Energy","Go for the Eyes","Creative AI+1","Electrodynamics","Capacitor+1","Seek","Compile Driver","Thunder Strike","Static Discharge","Turbo","Turbo","Sunder","Lockon","Force Field","Chaos","Stack"],"relics":["White Beast Statue","Darkstone Periapt","Smiling Mask","Question Card","Tiny Chest","Pandora\u0027s Box","Toolbox","Juzu Bracelet"],"potions_floor_usage":[6,6,8,11,13,13,14,16,18,24,25],"damage_taken":[{"damage":1,"enemies":"Cultist","floor":1,"turns":4},{"damage":5,"enemies":"2 Louse","floor":2,"turns":3},{"damage":0,"enemies":"Small Slimes","floor":5,"turns":3},{"damage":0,"enemies":"Lagavulin","floor":6,"turns":9},{"damage":11,"enemies":"Gremlin Nob","floor":8,"turns":5},{"damage":3,"enemies":"Exordium Thugs","floor":10,"turns":3},{"damage":0,"enemies":"3 Louse","floor":11,"turns":2},{"damage":13,"enemies":"Lagavulin","floor":13,"turns":13},{"damage":10,"enemies":"Large Slime","floor":14,"turns":4},{"damage":44,"enemies":"The Guardian","floor":16,"turns":11},{"damage":14,"enemies":"Spheric Guardian","floor":18,"turns":4},{"damage":0,"enemies":"Chosen","floor":24,"turns":5},{"damage":58,"enemies":"Book of Stabbing","floor":25,"turns":4}],"seed_played":"-2191125181006723194","potions_obtained":[{"floor":1,"key":"GamblersBrew"},{"floor":2,"key":"EssenceOfSteel"},{"floor":5,"key":"PowerPotion"},{"floor":6,"key":"EssenceOfSteel"},{"floor":8,"key":"Ancient Potion"},{"floor":10,"key":"Explosive Potion"},{"floor":11,"key":"Strength Potion"},{"floor":13,"key":"Explosive Potion"},{"floor":14,"key":"FearPotion"},{"floor":16,"key":"SkillPotion"},{"floor":18,"key":"SkillPotion"},{"floor":24,"key":"Energy Potion"}],"is_trial":false,"path_per_floor":["M","M","?","?","M","E","?","E","T","M","M","$","E","M","R","B",null,"M","?","?","?","$","R","M","E"],"character_chosen":"DEFECT","items_purchased":["Creative AI","Toolbox","Juzu Bracelet"],"campfire_rested":0,"item_purchase_floors":[12,22,22],"current_hp_per_floor":[74,69,54,54,54,54,54,50,50,54,61,61,55,45,45,8,58,51,51,51,51,51,51,58,0],"gold":29,"neow_bonus":"BOSS_RELIC","is_prod":false,"is_daily":false,"chose_seed":false,"campfire_upgraded":2,"win_rate":0,"timestamp":1553043224,"path_taken":["M","M","?","?","M","E","?","E","T","M","M","$","E","?","R","BOSS","M","?","?","?","$","R","M","E"],"build_version":"2019-01-23","purchased_purges":0,"victory":false,"max_hp_per_floor":[75,75,75,75,75,75,75,75,75,75,75,75,75,75,75,75,75,75,75,75,75,75,75,75,75],"card_choices":[{"not_picked":["Recycle","Turbo"],"picked":"Sweeping Beam","floor":1},{"not_picked":["Scrape","Streamline"],"picked":"Cold Snap","floor":2},{"not_picked":["Darkness","FTL"],"picked":"Go for the Eyes","floor":5},{"not_picked":["Sweeping Beam","Conserve Battery"],"picked":"Self Repair","floor":6},{"not_picked":["Rebound","Redo"],"picked":"Beam Cell","floor":8},{"not_picked":["Barrage","Scrape","Leap"],"picked":"Double Energy","floor":10},{"not_picked":["Steam Power","Reprogram","Hologram"],"picked":"Go for the Eyes","floor":11},{"not_picked":["Coolheaded","Ball Lightning","Turbo"],"picked":"Electrodynamics","floor":13},{"not_picked":["Redo","Streamline","Ball Lightning"],"picked":"Capacitor","floor":14},{"not_picked":["Biased Cognition","Rainbow","Hyperbeam"],"picked":"Seek","floor":16},{"not_picked":["Scrape","Compile Driver+1","Doom and Gloom+1"],"picked":"Chaos","floor":18},{"not_picked":["Sweeping Beam","Redo","Reprogram+1"],"picked":"Stack","floor":24}],"player_experience":250262,"relics_obtained":[{"floor":6,"key":"Darkstone Periapt"},{"floor":8,"key":"Smiling Mask"},{"floor":9,"key":"Question Card"},{"floor":13,"key":"Tiny Chest"}],"event_choices":[{"damage_healed":0,"gold_gain":0,"player_choice":"Entered Light","damage_taken":15,"max_hp_gain":0,"max_hp_loss":0,"event_name":"Shining Light","floor":3,"gold_loss":0,"cards_upgraded":["Defend_B","Defend_B"]},{"damage_healed":0,"gold_gain":0,"player_choice":"Grow","damage_taken":0,"max_hp_gain":0,"max_hp_loss":0,"event_name":"Living Wall","floor":4,"gold_loss":0,"cards_upgraded":["Zap"]},{"damage_healed":0,"gold_gain":0,"player_choice":"Ignored","damage_taken":0,"max_hp_gain":0,"max_hp_loss":0,"event_name":"Golden Wing","floor":7,"gold_loss":0},{"damage_healed":0,"gold_gain":0,"player_choice":"Ignored","damage_taken":0,"max_hp_gain":0,"max_hp_loss":0,"event_name":"Vampires","floor":19,"gold_loss":0},{"damage_healed":0,"gold_gain":99,"player_choice":"Stole From Cult","damage_taken":0,"max_hp_gain":0,"max_hp_loss":0,"event_name":"Nest","floor":20,"gold_loss":0},{"damage_healed":0,"gold_gain":0,"player_choice":"Ignored","damage_taken":0,"max_hp_gain":0,"max_hp_loss":0,"event_name":"Ghosts","floor":21,"gold_loss":0}],"is_beta":false,"boss_relics":[{"not_picked":["Sozu","Velvet Choker"],"picked":"Pandora\u0027s Box"}],"items_purged_floors":[],"is_endless":false,"potions_floor_spawned":[1,2,5,6,8,10,11,13,14,16,18,24],"killed_by":"Book of Stabbing","ascension_level":5}