{"gold_per_floor":[114,114,4,4,17,50,50,90,116,139,179,329,370,404,404,495,495,509,532,545,545,558,558,558],"floor_reached":24,"playtime":716,"items_purged":[],"score":498,"play_id":"10b3158b-db5c-4940-9aed-2dc6283f7c15","local_time":"20190421184947","is_ascension_mode":true,"campfire_choices":[{"data":"Zap","floor":7.0,"key":"SMITH"},{"floor":15.0,"key":"REST"},{"data":"Defragment","floor":23,"key":"SMITH"}],"neow_cost":"NONE","seed_source_timestamp":21493771431815,"circlet_count":0,"master_deck":["AscendersBane","Strike_B","Strike_B","Strike_B","Defend_B","Defend_B","Defend_B","Defend_B","Zap+1","Dualcast","Doom and Gloom","Self Repair","Go for the Eyes","Gash","Conserve Battery","Ball Lightning","Biased Cognition","Doubt","Compile Driver","Ball Lightning","Rainbow","Skim","Defragment+1"],"special_seed":0,"relics":["Cracked Core","NeowsBlessing","Bloody Idol","Strawberry","Thread and Needle","Vajra","Omamori","Odd Mushroom","Busted Crown"],"potions_floor_usage":[19,20],"damage_taken":[{"damage":0.0,"enemies":"Jaw Worm","floor":1.0,"turns":1.0},{"damage":0.0,"enemies":"2 Louse","floor":5.0,"turns":1.0},{"damage":0.0,"enemies":"3 Sentries","floor":6.0,"turns":1.0},{"damage":39.0,"enemies":"Gremlin Nob","floor":8.0,"turns":4.0},{"damage":0.0,"enemies":"Cultist","floor":10.0,"turns":4.0},{"damage":11.0,"enemies":"3 Sentries","floor":11.0,"turns":4.0},{"damage":24.0,"enemies":"Gremlin Nob","floor":13.0,"turns":4.0},{"damage":16.0,"enemies":"The Mushroom Lair","floor":14.0,"turns":4.0},{"damage":11.0,"enemies":"Hexaghost","floor":16.0,"turns":9.0},{"damage":17,"enemies":"2 Thieves","floor":18,"turns":3},{"damage":0,"enemies":"Chosen","floor":19,"turns":3},{"damage":7,"enemies":"3 Cultists","floor":20,"turns":4},{"damage":24,"enemies":"Snecko","floor":22,"turns":6},{"damage":32,"enemies":"Slavers","floor":24,"turns":3}],"seed_played":"1355952692415462638","potions_obtained":[{"floor":6.0,"key":"FairyPotion"},{"floor":8.0,"key":"Swift Potion"},{"floor":10.0,"key":"Fire Potion"},{"floor":18,"key":"GamblersBrew"},{"floor":20,"key":"Fruit Juice"}],"is_trial":false,"path_per_floor":["M","?","$","?","M","E","R","E","T","M","E","?","E","?","R","B",null,"M","M","M","?","M","R","E"],"character_chosen":"DEFECT","items_purchased":["Self Repair","Go for the Eyes"],"campfire_rested":1,"item_purchase_floors":[3,3],"current_hp_per_floor":[64,64,64,64,64,71,71,32,32,39,35,35,18,9,30,26,60,50,57,62,62,50,50,18],"gold":558,"neow_bonus":"THREE_ENEMY_KILL","is_prod":false,"is_daily":false,"chose_seed":false,"campfire_upgraded":2,"win_rate":0,"timestamp":1555865387,"path_taken":["M","?","$","?","?","E","R","E","T","M","E","?","E","?","R","BOSS","M","M","M","?","M","R","E"],"build_version":"2019-04-20","purchased_purges":0,"victory":false,"max_hp_per_floor":[71,64,64,64,64,71,71,71,71,71,71,71,71,71,71,71,71,71,71,76,76,76,76,76],"card_choices":[{"not_picked":["Hologram","Darkness"],"picked":"Doom and Gloom","floor":1.0},{"not_picked":["Ball Lightning","Loop"],"picked":"Gash","floor":5.0},{"not_picked":["Rebound","Redo"],"picked":"Conserve Battery","floor":6.0},{"not_picked":["Streamline","Blizzard","Auto Shields"],"picked":"SKIP","floor":8.0},{"not_picked":["Skim","Aggregate"],"picked":"Ball Lightning","floor":10.0},{"not_picked":["Conserve Battery","Streamline"],"picked":"Biased Cognition","floor":11.0},{"not_picked":["Beam Cell","Recycle"],"picked":"Compile Driver","floor":13.0},{"not_picked":["Aggregate","Force Field"],"picked":"Ball Lightning","floor":14.0},{"not_picked":["Hyperbeam","Amplify"],"picked":"Rainbow","floor":16.0},{"not_picked":["Go for the Eyes"],"picked":"SKIP","floor":18},{"not_picked":["Barrage"],"picked":"SKIP","floor":19},{"not_picked":["Skim"],"picked":"SKIP","floor":20},{"not_picked":[],"picked":"Skim","floor":20},{"not_picked":[],"picked":"Defragment","floor":22}],"player_experience":1185016,"relics_obtained":[{"floor":6.0,"key":"Strawberry"},{"floor":8.0,"key":"Thread and Needle"},{"floor":9.0,"key":"Vajra"},{"floor":13.0,"key":"Omamori"},{"floor":14.0,"key":"Odd Mushroom"}],"event_choices":[{"damage_healed":0.0,"max_hp_gain":0.0,"max_hp_loss":7.0,"gold_gain":0.0,"event_name":"Golden Idol","player_choice":"Lose Max HP","floor":2.0,"gold_loss":0.0,"damage_taken":0.0,"relics_obtained":["Golden Idol"]},{"cards_removed":["Strike_B"],"damage_healed":0.0,"max_hp_gain":0.0,"max_hp_loss":0.0,"gold_gain":0.0,"event_name":"Bonfire Elementals","player_choice":"Offered Basic","floor":4.0,"gold_loss":0.0,"damage_taken":0.0},{"damage_healed":0.0,"max_hp_gain":0.0,"max_hp_loss":0.0,"gold_gain":150.0,"event_name":"Liars Game","player_choice":"AGREE","floor":12.0,"gold_loss":0.0,"damage_taken":0.0,"cards_obtained":["Doubt"]},{"damage_healed":0.0,"max_hp_gain":0.0,"max_hp_loss":0.0,"gold_gain":0.0,"event_name":"Mushrooms","player_choice":"Fought Mushrooms","floor":14.0,"gold_loss":0.0,"damage_taken":0.0},{"damage_healed":0,"gold_gain":0,"player_choice":"Gave Idol","damage_taken":0,"relics_obtained":["Bloody Idol"],"max_hp_gain":0,"max_hp_loss":0,"event_name":"Forgotten Altar","floor":21,"relics_lost":["Golden Idol"],"gold_loss":0}],"is_beta":true,"boss_relics":[{"not_picked":["Runic Pyramid","Calling Bell"],"picked":"Busted Crown"}],"items_purged_floors":[],"is_endless":false,"potions_floor_spawned":[6,8,10,18,20],"killed_by":"Slavers","ascension_level":20}