{"gold_per_floor":[118,134,148,148,166,197,197,231,231,83,83,83,118,137,137,238,238,249,259,184,201,220,220,236,266,292,292,292,292,302,69,69,168,168,182,193,193,218,230,242,274,299,334,38,58,358,370,383,383,383],"floor_reached":50,"playtime":7419,"items_purged":[],"score":791,"play_id":"9a70211b-83cf-460b-89ae-f4ffdaba44a5","local_time":"20190329203123","is_ascension_mode":true,"campfire_choices":[{"data":"Neutralize","floor":7,"key":"SMITH"},{"floor":12,"key":"REST"},{"floor":15,"key":"REST"},{"floor":23,"key":"REST"},{"floor":27,"key":"REST"},{"floor":29,"key":"REST"},{"data":"Accuracy","floor":32,"key":"SMITH"},{"data":"Finisher","floor":40,"key":"SMITH"},{"floor":49,"key":"REST"}],"neow_cost":"NONE","seed_source_timestamp":14832312613223,"circlet_count":0,"master_deck":["Survivor","Neutralize+1","Acrobatics","Grand Finale","Wraith Form v2","Night Terror","Deflect","Slice","Leg Sweep","Tactician","Deadly Poison","Predator","All Out Attack","Prepared","Cloak And Dagger","Doppelganger","Bouncing Flask","Dagger Throw","Dodge and Roll","Malaise","Footwork","PiercingWail","Sucker Punch","Infinite Blades","Accuracy","Blade Dance","Outmaneuver","Catalyst+1","Accuracy+1","Tactician+1","Finisher+1","Backflip","Cloak And Dagger+1","Parasite","Noxious Fumes"],"relics":["Pandora\u0027s Box","Ninja Scroll","Strawberry","Bag of Preparation","NlothsMask","Mummified Hand","Busted Crown","Dodecahedron","Enchiridion","Orichalcum","Runic Pyramid","MawBank","Centennial Puzzle","Pantograph"],"potions_floor_usage":[19,33,45,48,50,50,50],"damage_taken":[{"damage":9,"enemies":"Small Slimes","floor":1,"turns":5},{"damage":0,"enemies":"Cultist","floor":2,"turns":5},{"damage":11,"enemies":"Jaw Worm","floor":3,"turns":4},{"damage":0,"enemies":"Exordium Thugs","floor":5,"turns":3},{"damage":11,"enemies":"3 Sentries","floor":6,"turns":9},{"damage":9,"enemies":"Gremlin Nob","floor":8,"turns":5},{"damage":15,"enemies":"Lagavulin","floor":13,"turns":7},{"damage":1,"enemies":"3 Louse","floor":14,"turns":2},{"damage":36,"enemies":"The Guardian","floor":16,"turns":11},{"damage":1,"enemies":"3 Byrds","floor":18,"turns":5},{"damage":6,"enemies":"Chosen","floor":19,"turns":4},{"damage":1,"enemies":"Snecko","floor":21,"turns":5},{"damage":9,"enemies":"Chosen and Byrds","floor":22,"turns":8},{"damage":8,"enemies":"Centurion and Healer","floor":24,"turns":8},{"damage":39,"enemies":"Gremlin Leader","floor":25,"turns":11},{"damage":1,"enemies":"Snecko","floor":30,"turns":6},{"damage":38,"enemies":"Collector","floor":33,"turns":6},{"damage":31,"enemies":"3 Darklings","floor":35,"turns":4},{"damage":6,"enemies":"Orb Walker","floor":36,"turns":2},{"damage":15,"enemies":"Jaw Worm Horde","floor":41,"turns":4},{"damage":36,"enemies":"Sphere and 2 Shapes","floor":42,"turns":4},{"damage":0,"enemies":"Transient","floor":45,"turns":4},{"damage":0,"enemies":"Writhing Mass","floor":47,"turns":4},{"damage":2,"enemies":"Jaw Worm Horde","floor":48,"turns":4},{"damage":65,"enemies":"Donu and Deca","floor":50,"turns":7}],"seed_played":"-3120547133111320550","potions_obtained":[{"floor":1,"key":"Ancient Potion"},{"floor":2,"key":"SpeedPotion"},{"floor":14,"key":"Strength Potion"},{"floor":19,"key":"Fruit Juice"},{"floor":30,"key":"SkillPotion"},{"floor":33,"key":"Energy Potion"},{"floor":41,"key":"EssenceOfSteel"},{"floor":42,"key":"SkillPotion"},{"floor":47,"key":"Weak Potion"},{"floor":48,"key":"SneckoOil"}],"is_trial":false,"path_per_floor":["?","M","?","M","?","?","?","T","?","?","M"],"character_chosen":"THE_SILENT","items_purchased":["Footwork","PiercingWail","Sucker Punch","Finisher","Orichalcum","Backflip","Pantograph"],"campfire_rested":6,"item_purchase_floors":[10,10,10,31,31,44,44],"current_hp_per_floor":[54,54,43,43,43,32,32,30,30,30,30,53,38,37,60,24,64,63,62,62,61,52,76,68,29,29,53,37,61,60,60,60,22,67,36,30,72,72,72,72,57,21,21,21,21,21,21,19,40,0],"gold":383,"neow_bonus":"BOSS_RELIC","is_prod":false,"is_daily":false,"chose_seed":false,"campfire_upgraded":3,"win_rate":0,"timestamp":1553891483,"path_taken":["M","M","M","?","?","E","R","E","T","$","?","R","E","?","R","BOSS","M","M","?","M","M","R","M","E","T","R","?","R","M","$","R","BOSS","M","M","?","?","?","R","M","M","T","$","M","?","?","M","R","BOSS"],"build_version":"2019-01-23","purchased_purges":0,"victory":false,"max_hp_per_floor":[70,70,70,70,70,70,70,77,77,77,77,77,77,77,77,77,77,77,82,82,82,82,82,82,82,82,82,82,82,82,82,82,82,82,82,82,72,72,72,72,72,72,72,72,72,72,72,72,72,72],"card_choices":[{"not_picked":["Heel Hook","Backflip"],"picked":"All Out Attack","floor":1},{"not_picked":["Reflex","Terror"],"picked":"Prepared","floor":2},{"not_picked":["Poisoned Stab","Skewer"],"picked":"Cloak And Dagger","floor":3},{"not_picked":["Cloak And Dagger","Deflect"],"picked":"Dagger Throw","floor":5},{"not_picked":["Quick Slash","Cloak And Dagger"],"picked":"Dodge and Roll","floor":6},{"not_picked":["Masterful Stab","Flying Knee"],"picked":"Malaise","floor":8},{"not_picked":["Blade Dance","All Out Attack"],"picked":"Infinite Blades","floor":13},{"not_picked":["Terror","Sucker Punch"],"picked":"Accuracy","floor":14},{"not_picked":[],"picked":"Blade Dance","floor":18},{"not_picked":["Flying Knee"],"picked":"SKIP","floor":19},{"not_picked":[],"picked":"Outmaneuver","floor":21},{"not_picked":[],"picked":"Catalyst+1","floor":22},{"not_picked":["Dagger Throw"],"picked":"SKIP","floor":24},{"not_picked":[],"picked":"Accuracy","floor":25},{"not_picked":[],"picked":"Tactician+1","floor":30},{"not_picked":["Expertise"],"picked":"SKIP","floor":35},{"not_picked":["Quick Slash"],"picked":"SKIP","floor":36},{"not_picked":["Heel Hook+1"],"picked":"SKIP","floor":41},{"not_picked":["Bane"],"picked":"SKIP","floor":42},{"not_picked":[],"picked":"Cloak And Dagger+1","floor":45},{"not_picked":["Acrobatics+1"],"picked":"SKIP","floor":47},{"not_picked":[],"picked":"Noxious Fumes","floor":48}],"player_experience":362875,"relics_obtained":[{"floor":6,"key":"Ninja Scroll"},{"floor":8,"key":"Strawberry"},{"floor":9,"key":"Bag of Preparation"},{"floor":13,"key":"Mummified Hand"},{"floor":25,"key":"Dodecahedron"},{"floor":28,"key":"Enchiridion"},{"floor":38,"key":"MawBank"},{"floor":43,"key":"Centennial Puzzle"}],"event_choices":[{"damage_healed":0,"gold_gain":0,"player_choice":"3 cards matched","damage_taken":0,"max_hp_gain":0,"max_hp_loss":0,"event_name":"Match and Keep!","floor":4,"gold_loss":0,"cards_obtained":["Doppelganger","Clumsy","Bouncing Flask"]},{"damage_healed":0,"gold_gain":0,"player_choice":"Trade","damage_taken":0,"relics_obtained":["NlothsMask"],"max_hp_gain":0,"max_hp_loss":0,"event_name":"FaceTrader","floor":11,"gold_loss":0},{"cards_removed":["Clumsy"],"damage_healed":0,"gold_gain":0,"player_choice":"Gave Gold","damage_taken":0,"max_hp_gain":0,"max_hp_loss":0,"event_name":"Beggar","floor":20,"gold_loss":75},{"damage_healed":0,"gold_gain":0,"player_choice":"Obtained Book","damage_taken":16,"max_hp_gain":0,"max_hp_loss":0,"event_name":"Cursed Tome","floor":28,"gold_loss":0},{"damage_healed":72,"gold_gain":0,"player_choice":"Heal","damage_taken":0,"max_hp_gain":0,"max_hp_loss":10,"event_name":"The Moai Head","floor":37,"gold_loss":0},{"damage_healed":0,"gold_gain":0,"player_choice":"Ignored","damage_taken":0,"max_hp_gain":0,"max_hp_loss":0,"event_name":"Tomb of Lord Red Mask","floor":39,"gold_loss":0},{"damage_healed":0,"gold_gain":300,"player_choice":"Gold","damage_taken":0,"max_hp_gain":0,"max_hp_loss":0,"event_name":"Wheel of Change","floor":46,"gold_loss":0}],"is_beta":false,"boss_relics":[{"not_picked":["Tiny House","Calling Bell"],"picked":"Busted Crown"},{"not_picked":["Velvet Choker","White Beast Statue"],"picked":"Runic Pyramid"}],"items_purged_floors":[],"is_endless":false,"potions_floor_spawned":[1,2,14,19,30,33,41,42,47,48],"killed_by":"Donu and Deca","ascension_level":9}