{"path_per_floor":["M","M","M","M","?","R","M","R","T","M","M","$","R","?","R","B",null,"M","M","?","$","?","R","M","R","T","R","$","M","?","E","R","B",null,"M","M","$","?"],"character_chosen":"DEFECT","items_purchased":["Apotheosis","Mummified Hand"],"gold_per_floor":[114,126,143,156,156,156,166,166,191,211,223,39,39,214,214,310,310,322,339,339,264,264,264,277,277,277,277,15,30,30,64,64,165,165,184,197,197,197,197],"floor_reached":39,"campfire_rested":5,"playtime":1864,"current_hp_per_floor":[74,74,74,61,61,61,42,42,42,20,13,13,35,35,57,31,75,65,65,51,51,51,51,12,36,36,60,60,59,59,51,75,40,80,49,24,24,24,0],"items_purged":["Strike_B"],"gold":197,"score":391,"play_id":"38a744eb-c6c9-4301-9eb4-9baae6c2aec3","local_time":"20180430032437","is_prod":false,"is_daily":false,"chose_seed":false,"is_ascension_mode":false,"campfire_upgraded":3,"timestamp":1525073077,"path_taken":["M","M","M","M","?","R","M","R","T","M","M","$","R","?","R","BOSS","M","M","?","$","?","R","M","R","T","R","$","M","?","E","R","BOSS","M","M","?","?","M"],"build_version":"2018-04-27v3","seed_source_timestamp":58135339845965,"purchased_purges":2,"victory":false,"master_deck":["Defend_B","Defend_B","Defend_B","Defend_B","Zap","Dualcast+1","All For One","Capacitor","Genetic Algorithm+1","Echo Form+1","Streamline","Reinforced Body","Leap","Apotheosis+1","Multi-Cast","Storm+1","Melter+1","Prime+1","Sunder","Buffer","Fusion","Creative AI","Impulse+1"],"max_hp_per_floor":[75,75,75,75,75,75,75,75,75,75,75,75,75,75,75,75,75,75,75,80,80,80,80,80,80,80,80,80,80,80,80,80,80,80,80,80,80,80,80],"relics":["Cracked Core","Art of War","Astrolabe","Molten Egg 2","Mummified Hand","Bag of Preparation","Inserter"],"card_choices":[{"not_picked":["Sweeping Beam","Cold Snap"],"picked":"Ball Lightning","floor":1},{"not_picked":["Stack","Ball Lightning"],"picked":"Capacitor","floor":2},{"not_picked":["Reinforced Body","Conserve Battery"],"picked":"Genetic Algorithm","floor":3},{"not_picked":["Capacitor","Rebound"],"picked":"Echo Form","floor":4},{"not_picked":["Ball Lightning","Barrage"],"picked":"Streamline","floor":7},{"not_picked":["Rip and Tear","Hologram"],"picked":"Reinforced Body","floor":10},{"not_picked":["Hologram","Rebound"],"picked":"Leap","floor":11},{"not_picked":["Rainbow","Machine Learning"],"picked":"Multi-Cast","floor":16},{"not_picked":["Darkness","Beam Cell"],"picked":"Sunder","floor":18},{"not_picked":["Rebound","Impulse"],"picked":"Buffer","floor":29},{"not_picked":["Rip and Tear","Meteor Strike"],"picked":"Fusion","floor":31},{"not_picked":["Reboot","Multi-Cast"],"picked":"Creative AI","floor":33},{"not_picked":["Axe Kick","Streamline"],"picked":"Impulse","floor":35}],"player_experience":170433,"potions_floor_usage":[10,16,16,31,36],"damage_taken":[{"damage":1,"enemies":"Jaw Worm","floor":1,"turns":4},{"damage":0,"enemies":"2 Louse","floor":2,"turns":2},{"damage":0,"enemies":"Small Slimes","floor":3,"turns":3},{"damage":13,"enemies":"Exordium Wildlife","floor":4,"turns":5},{"damage":19,"enemies":"Looter","floor":7,"turns":4},{"damage":22,"enemies":"Exordium Thugs","floor":10,"turns":5},{"damage":7,"enemies":"Blue Slaver","floor":11,"turns":4},{"damage":26,"enemies":"Hexaghost","floor":16,"turns":8},{"damage":10,"enemies":"Chosen","floor":18,"turns":7},{"damage":0,"enemies":"Spheric Guardian","floor":19,"turns":3},{"damage":39,"enemies":"3 Cultists","floor":24,"turns":6},{"damage":1,"enemies":"Snake Plant","floor":29,"turns":3},{"damage":8,"enemies":"Book of Stabbing","floor":31,"turns":7},{"damage":35,"enemies":"Automaton","floor":33,"turns":13},{"damage":31,"enemies":"3 Shapes","floor":35,"turns":5},{"damage":37,"enemies":"3 Darklings","floor":36,"turns":6},{"damage":39,"enemies":"Flame Bruiser 2 Orb","floor":39,"turns":2}],"event_choices":[{"event_name":"Living Wall","player_choice":"Grow","floor":5,"damage_taken":0},{"event_name":"Liars Game","player_choice":"agreed","floor":14,"damage_taken":0},{"event_name":"Forgotten Altar","player_choice":"Shed Blood","floor":20,"damage_taken":0},{"event_name":"Fountain of Cleansing","player_choice":"Removed Curse","floor":22,"damage_taken":0},{"event_name":"Vampires","player_choice":"Ignored","floor":30,"damage_taken":0}],"boss_relics":[{"not_picked":["Runic Dome","White Beast Statue"],"picked":"Astrolabe"},{"not_picked":["Philosopher\u0027s Stone","Tiny House"],"picked":"Inserter"}],"potions_floor_spawned":[3,7,11,24,33,35],"seed_played":"2647022263349466171","killed_by":"Flame Bruiser 2 Orb","ascension_level":0,"is_trial":false}