{"gold_per_floor":[211,225,225,239,314,325,79,79,79,79,97,107,107,117,117,213,213,228,12,28,38,38,38],"floor_reached":23,"playtime":1097,"items_purged":[],"score":185,"play_id":"e5174481-a134-43ad-9508-e34e096c281c","local_time":"20180724215427","is_ascension_mode":false,"campfire_choices":[{"data":"Deflect","floor":8,"key":"SMITH"},{"data":"Deadly Poison","floor":10,"key":"SMITH"},{"data":"Bane","floor":13,"key":"SMITH"},{"floor":15,"key":"REST"}],"neow_cost":"NONE","seed_source_timestamp":39262879174447,"circlet_count":0,"master_deck":["Defend_G","Defend_G","Defend_G","Defend_G","Defend_G","Strike_G","Strike_G","Strike_G","Strike_G","Strike_G","Survivor","Neutralize","Deflect+1","Deadly Poison+1","Bane+1","Flying Knee","Skewer+1","Sucker Punch+1","A Thousand Cuts","Envenom","Masterful Stab+1","Noxious Fumes","Sadistic Nature+1","Deadly Poison+1"],"relics":["Ring of the Snake","Molten Egg 2","Mummified Hand","Busted Crown"],"potions_floor_usage":[14,21,23],"damage_taken":[{"damage":0,"enemies":"Cultist","floor":1,"turns":6},{"damage":0,"enemies":"2 Louse","floor":2,"turns":4},{"damage":0,"enemies":"Jaw Worm","floor":4,"turns":4},{"damage":2,"enemies":"Blue Slaver","floor":6,"turns":5},{"damage":3,"enemies":"Exordium Wildlife","floor":11,"turns":4},{"damage":16,"enemies":"Large Slime","floor":12,"turns":7},{"damage":0,"enemies":"Lots of Slimes","floor":14,"turns":6},{"damage":52,"enemies":"The Guardian","floor":16,"turns":12},{"damage":12,"enemies":"Shell Parasite","floor":18,"turns":5},{"damage":9,"enemies":"3 Byrds","floor":20,"turns":3},{"damage":19,"enemies":"Centurion and Healer","floor":21,"turns":4},{"damage":39,"enemies":"Slavers","floor":23,"turns":3}],"seed_played":"-3328525191520687187","potions_obtained":[{"floor":2,"key":"FairyPotion"},{"floor":3,"key":"GhostInAJar"},{"floor":3,"key":"Dexterity Potion"},{"floor":16,"key":"Fire Potion"}],"is_trial":false,"path_per_floor":["M","M","?","M","?","M","$","R","T","R","M","M","R","M","R","B",null,"M","$","M","M","?"],"character_chosen":"THE_SILENT","items_purchased":["Molten Egg 2","Noxious Fumes","Sadistic Nature"],"campfire_rested":1,"item_purchase_floors":[7,19,19],"current_hp_per_floor":[70,70,70,70,59,57,57,57,57,57,54,38,38,38,59,7,70,58,58,49,30,30,0],"gold":38,"neow_bonus":"HUNDRED_GOLD","is_prod":false,"is_daily":false,"chose_seed":false,"campfire_upgraded":3,"win_rate":0.0,"timestamp":1532483667,"path_taken":["M","M","?","M","?","M","?","R","T","R","M","M","R","M","R","BOSS","M","$","M","M","?","E"],"build_version":"2018-07-23","purchased_purges":0,"victory":false,"max_hp_per_floor":[70,70,70,70,70,70,70,70,70,70,70,70,70,70,70,70,70,70,70,70,70,70,70],"card_choices":[{"not_picked":["Bane","Expertise"],"picked":"Deflect","floor":1},{"not_picked":["Flechettes","Poisoned Stab"],"picked":"Deadly Poison","floor":2},{"not_picked":["Concentrate","Underhanded Strike"],"picked":"Bane","floor":4},{"not_picked":["Dagger Spray","Cloak And Dagger"],"picked":"Flying Knee","floor":6},{"not_picked":["Sucker Punch+1","Underhanded Strike+1"],"picked":"Skewer+1","floor":11},{"not_picked":["Quick Slash+1","Riddle With Holes+1"],"picked":"Sucker Punch+1","floor":12},{"not_picked":["Skewer+1","Underhanded Strike+1"],"picked":"A Thousand Cuts","floor":14},{"not_picked":["Phantasmal Killer","Bullet Time"],"picked":"Envenom","floor":16},{"not_picked":[],"picked":"Masterful Stab+1","floor":18},{"not_picked":["Tactician+1"],"picked":"SKIP","floor":20},{"not_picked":[],"picked":"Deadly Poison+1","floor":21}],"player_experience":229708,"relics_obtained":[{"floor":9,"key":"Mummified Hand"}],"event_choices":[{"event_name":"The Lab","player_choice":"Got Potions","floor":3,"damage_taken":0},{"event_name":"World of Goop","player_choice":"Gather Gold","floor":5,"damage_taken":0},{"event_name":"Upgrade Shrine","player_choice":"Upgraded","floor":22,"damage_taken":0}],"is_beta":true,"boss_relics":[{"not_picked":["Runic Dome","Calling Bell"],"picked":"Busted Crown"}],"items_purged_floors":[],"is_endless":false,"potions_floor_spawned":[2,6,12,16,18,20],"killed_by":"Slavers","ascension_level":0}