{"gold_per_floor":[109,119,139,152,39,64,83,83,83,83,111,61,73,92,92,192,192,208,220,16,28,47,74,74,109,136,156,174,74,74,74,74,176,176,192,211,11,11,11],"floor_reached":40,"playtime":4880,"items_purged":["Strike_G","Strike_G"],"score":640,"play_id":"341d83a5-a428-4705-bebf-f20a345946be","local_time":"20190407052135","is_ascension_mode":false,"campfire_choices":[{"data":"Eviscerate","floor":10,"key":"SMITH"},{"data":"Noxious Fumes","floor":15,"key":"SMITH"},{"floor":30,"key":"REST"},{"data":"Malaise","floor":32,"key":"SMITH"}],"neow_cost":"NONE","seed_source_timestamp":470273752569787,"circlet_count":0,"master_deck":["Defend_G","Defend_G","Defend_G","Defend_G","Defend_G","Survivor","Neutralize","Crippling Poison","All Out Attack","Eviscerate+1","Blur","Noxious Fumes+1","Backstab","Malaise+1","Choke","Flying Knee+1","Envenom","Bouncing Flask","Crippling Poison","Dash+1","Noxious Fumes","Backflip","Leg Sweep","Venomology","Skewer","Night Terror","Well Laid Plans+1","Predator+1"],"relics":["Snecko Eye","Meat on the Bone","Pear","Boot","Orrery","Whetstone","Tingsha","Singing Bowl","Centennial Puzzle","Runic Dome","TwistedFunnel"],"potions_floor_usage":[7,11,16,18,23,23,33,39,39,39],"damage_taken":[{"damage":0,"enemies":"Cultist","floor":1,"turns":6},{"damage":1,"enemies":"Jaw Worm","floor":2,"turns":4},{"damage":0,"enemies":"Small Slimes","floor":3,"turns":3},{"damage":5,"enemies":"Looter","floor":4,"turns":4},{"damage":8,"enemies":"3 Sentries","floor":6,"turns":6},{"damage":4,"enemies":"Exordium Thugs","floor":7,"turns":4},{"damage":0,"enemies":"Lagavulin","floor":11,"turns":5},{"damage":6,"enemies":"2 Fungi Beasts","floor":13,"turns":4},{"damage":7,"enemies":"Exordium Wildlife","floor":14,"turns":3},{"damage":13,"enemies":"Slime Boss","floor":16,"turns":8},{"damage":21,"enemies":"Shell Parasite","floor":18,"turns":6},{"damage":10,"enemies":"Chosen","floor":19,"turns":5},{"damage":4,"enemies":"Shelled Parasite and Fungi","floor":21,"turns":6},{"damage":3,"enemies":"3 Cultists","floor":22,"turns":5},{"damage":26,"enemies":"Slavers","floor":23,"turns":4},{"damage":14,"enemies":"Book of Stabbing","floor":25,"turns":8},{"damage":6,"enemies":"Chosen and Byrds","floor":27,"turns":6},{"damage":4,"enemies":"Centurion and Healer","floor":28,"turns":5},{"damage":15,"enemies":"Automaton","floor":33,"turns":9},{"damage":0,"enemies":"Orb Walker","floor":35,"turns":4},{"damage":24,"enemies":"3 Darklings","floor":36,"turns":4},{"damage":50,"enemies":"Donu and Deca","floor":39,"turns":8}],"seed_played":"-3444114727503018999","potions_obtained":[{"floor":1,"key":"Block Potion"},{"floor":2,"key":"Fire Potion"},{"floor":6,"key":"Energy Potion"},{"floor":7,"key":"Block Potion"},{"floor":16,"key":"SpeedPotion"},{"floor":19,"key":"Fire Potion"},{"floor":21,"key":"EssenceOfSteel"},{"floor":27,"key":"Strength Potion"},{"floor":33,"key":"Dexterity Potion"}],"is_trial":false,"path_per_floor":["M","$","?","?","?","?"],"character_chosen":"THE_SILENT","items_purchased":["Noxious Fumes","Whetstone","Explosive Potion","TwistedFunnel"],"campfire_rested":1,"item_purchase_floors":[5,20,20,37],"current_hp_per_floor":[70,69,69,64,64,56,52,70,80,80,80,80,74,67,67,54,80,59,49,49,45,42,28,28,26,26,34,44,44,69,69,69,56,86,86,62,62,62,39],"gold":11,"neow_bonus":"BOSS_RELIC","is_prod":false,"is_daily":false,"chose_seed":false,"campfire_upgraded":3,"win_rate":0,"timestamp":1554610895,"path_taken":["M","M","M","?","?","E","M","?","T","R","E","?","M","M","R","BOSS","M","M","$","M","M","E","?","E","T","M","M","$","R","$","R","BOSS","M","M","$","?","BOSS"],"build_version":"2019-01-23","purchased_purges":2,"victory":true,"max_hp_per_floor":[70,70,70,70,70,70,70,70,80,80,80,80,80,80,80,80,80,80,80,80,80,80,80,80,80,80,82,84,84,84,84,84,86,86,86,86,86,86,86],"card_choices":[{"not_picked":["Concentrate","Acrobatics"],"picked":"Crippling Poison","floor":1},{"not_picked":["Catalyst","Outmaneuver"],"picked":"All Out Attack","floor":2},{"not_picked":["Accuracy","Slice"],"picked":"Eviscerate","floor":3},{"not_picked":["Heel Hook","Infinite Blades"],"picked":"Blur","floor":4},{"not_picked":["Blur","Masterful Stab","Bane"],"picked":"SKIP","floor":6},{"not_picked":["Deadly Poison","Dagger Spray"],"picked":"Backstab","floor":7},{"not_picked":["Dagger Spray","Quick Slash"],"picked":"Malaise","floor":11},{"not_picked":["Acrobatics","Blade Dance"],"picked":"Choke","floor":13},{"not_picked":["Outmaneuver","Finisher"],"picked":"Flying Knee","floor":14},{"not_picked":["Storm of Steel","Unload"],"picked":"Envenom","floor":16},{"not_picked":["Choke","Footwork"],"picked":"Bouncing Flask","floor":17},{"not_picked":["Dodge and Roll","Backstab"],"picked":"Crippling Poison","floor":17},{"not_picked":["Distraction","Catalyst"],"picked":"Dash","floor":17},{"not_picked":["Quick Slash","Blade Dance"],"picked":"Noxious Fumes","floor":17},{"not_picked":["Poisoned Stab","Setup"],"picked":"Backflip","floor":18},{"not_picked":["Tactician","Slice","Setup"],"picked":"SKIP","floor":19},{"not_picked":["Dodge and Roll","Outmaneuver+1"],"picked":"Leg Sweep","floor":21},{"not_picked":["Escape Plan","Envenom","Dagger Throw"],"picked":"SKIP","floor":22},{"not_picked":["Backstab+1","Dagger Throw","Quick Slash"],"picked":"SKIP","floor":23},{"not_picked":["Dodge and Roll","Sucker Punch"],"picked":"Night Terror","floor":25},{"not_picked":["Heel Hook+1","Blade Dance","Slice+1"],"picked":"Singing Bowl","floor":27},{"not_picked":["Backflip","Underhanded Strike","Outmaneuver"],"picked":"Singing Bowl","floor":28},{"not_picked":["Night Terror","Glass Knife","Tools of the Trade"],"picked":"Singing Bowl","floor":33},{"not_picked":["Bane","Blade Dance"],"picked":"Well Laid Plans+1","floor":35},{"not_picked":["Leg Sweep","Deflect+1"],"picked":"Predator+1","floor":36}],"player_experience":522350,"relics_obtained":[{"floor":6,"key":"Meat on the Bone"},{"floor":9,"key":"Pear"},{"floor":11,"key":"Boot"},{"floor":23,"key":"Tingsha"},{"floor":25,"key":"Singing Bowl"},{"floor":26,"key":"Centennial Puzzle"}],"event_choices":[{"damage_healed":23,"gold_gain":0,"player_choice":"Banana","damage_taken":0,"max_hp_gain":0,"max_hp_loss":0,"event_name":"Big Fish","floor":8,"gold_loss":0},{"cards_removed":["Strike_G"],"damage_healed":0,"gold_gain":0,"player_choice":"Card Removal","damage_taken":0,"max_hp_gain":0,"max_hp_loss":0,"event_name":"The Cleric","floor":12,"gold_loss":50},{"damage_healed":0,"gold_gain":0,"cards_transformed":["Strike_G","Strike_G"],"player_choice":"Became Test Subject","damage_taken":0,"max_hp_gain":0,"max_hp_loss":0,"event_name":"Drug Dealer","floor":24,"gold_loss":0,"cards_obtained":["Venomology","Skewer"]},{"damage_healed":0,"gold_gain":0,"player_choice":"Took Portal","damage_taken":0,"max_hp_gain":0,"max_hp_loss":0,"event_name":"SecretPortal","floor":38,"gold_loss":0}],"is_beta":false,"boss_relics":[{"not_picked":["Lizard Tail","Coffee Dripper"],"picked":"Orrery"},{"not_picked":["Tiny House","Black Star"],"picked":"Runic Dome"}],"items_purged_floors":[5,29],"is_endless":false,"potions_floor_spawned":[1,2,6,7,16,19,21,27,33,36],"ascension_level":0}