{"gold_per_floor":[115,115,126,138,138,138,151,151,205,205,220,220,231,249,249,352,352,262,262],"floor_reached":19,"playtime":695,"items_purged":[],"score":177,"play_id":"46ca6489-6ab4-48a0-bd13-067b35fc67ac","local_time":"20181224010309","is_ascension_mode":true,"campfire_choices":[{"data":"Searing Blow","floor":6.0,"key":"SMITH"},{"data":"Armaments","floor":8.0,"key":"SMITH"},{"data":"Searing Blow+1","floor":10.0,"key":"SMITH"},{"floor":15,"key":"REST"}],"neow_cost":"NONE","seed_source_timestamp":63890317181900,"circlet_count":0,"master_deck":["Strike_R","Strike_R","Strike_R","Strike_R","Strike_R","Defend_R","Defend_R","Defend_R","Defend_R","Bash","Searing Blow+2","Perfected Strike","Barricade","Metallicize","Armaments+1","Armaments","Headbutt","Impervious","Clumsy","Regret","Doubt","Inflame"],"special_seed":0,"relics":["Burning Blood","Ancient Tea Set","Matryoshka","Calling Bell","Potion Belt","Toxic Egg 2","Magic Flower"],"potions_floor_usage":[13,16,16],"damage_taken":[{"damage":14.0,"enemies":"Small Slimes","floor":1.0,"turns":4.0},{"damage":0.0,"enemies":"Cultist","floor":3.0,"turns":2.0},{"damage":16.0,"enemies":"2 Louse","floor":4.0,"turns":2.0},{"damage":0.0,"enemies":"Lots of Slimes","floor":5.0,"turns":1.0},{"damage":18.0,"enemies":"Blue Slaver","floor":7.0,"turns":4.0},{"damage":4,"enemies":"2 Fungi Beasts","floor":11,"turns":2},{"damage":32,"enemies":"Large Slime","floor":13,"turns":8},{"damage":9,"enemies":"Red Slaver","floor":14,"turns":2},{"damage":9,"enemies":"Hexaghost","floor":16,"turns":13},{"damage":59,"enemies":"2 Thieves","floor":18,"turns":5},{"damage":38,"enemies":"3 Byrds","floor":19,"turns":3}],"seed_played":"-581956266774046020","potions_obtained":[{"floor":2.0,"key":"FearPotion"},{"floor":2.0,"key":"Ancient Potion"},{"floor":2.0,"key":"SmokeBomb"},{"floor":7.0,"key":"SkillPotion"},{"floor":11,"key":"SmokeBomb"},{"floor":14,"key":"Block Potion"}],"is_trial":false,"path_per_floor":["M","?","M","M","M","R","M","R","T","R","M","?","M","M","R","B",null,"M","M"],"character_chosen":"IRONCLAD","items_purchased":[],"campfire_rested":1,"item_purchase_floors":[],"current_hp_per_floor":[72,72,78,68,74,74,62,62,62,62,64,64,38,35,59,56,80,30,0],"gold":262,"neow_bonus":"THREE_CARDS","is_prod":false,"is_daily":false,"chose_seed":false,"campfire_upgraded":3,"win_rate":0,"timestamp":1545631389,"path_taken":["M","?","?","M","M","R","M","R","T","R","?","?","M","M","R","BOSS","M","M"],"build_version":"2018-12-20","purchased_purges":0,"victory":false,"max_hp_per_floor":[80,80,80,80,80,80,80,80,80,80,80,80,80,80,80,80,80,80,80],"card_choices":[{"not_picked":["Sword Boomerang","Disarm"],"picked":"Searing Blow","floor":0.0},{"not_picked":["Iron Wave","Twin Strike"],"picked":"Perfected Strike","floor":1.0},{"not_picked":["Twin Strike","Heavy Blade"],"picked":"Barricade","floor":3.0},{"not_picked":["Second Wind","Warcry"],"picked":"Metallicize","floor":4.0},{"not_picked":["Body Slam","Warcry"],"picked":"Armaments","floor":7.0},{"not_picked":["Heavy Blade","Anger"],"picked":"Armaments","floor":11},{"not_picked":["Intimidate","Perfected Strike"],"picked":"Headbutt","floor":13},{"not_picked":["Iron Wave","True Grit","Battle Trance"],"picked":"SKIP","floor":14},{"not_picked":["Limit Break","Exhume"],"picked":"Impervious","floor":16},{"not_picked":["Armaments+1","Twin Strike"],"picked":"Inflame","floor":18}],"player_experience":332345,"relics_obtained":[{"floor":9.0,"key":"Ancient Tea Set"},{"floor":12,"key":"Matryoshka"},{"floor":17,"key":"Potion Belt"},{"floor":17,"key":"Toxic Egg 2"},{"floor":17,"key":"Magic Flower"}],"event_choices":[{"damage_healed":0.0,"max_hp_gain":0.0,"max_hp_loss":0.0,"gold_gain":0.0,"event_name":"Lab","player_choice":"Got Potions","floor":2.0,"gold_loss":0.0,"damage_taken":0.0},{"damage_healed":0,"gold_gain":0,"player_choice":"Relic","damage_taken":0,"max_hp_gain":0,"max_hp_loss":0,"event_name":"Wheel of Change","floor":12,"gold_loss":0}],"is_beta":false,"boss_relics":[{"not_picked":["Black Blood","Astrolabe"],"picked":"Calling Bell"}],"items_purged_floors":[],"is_endless":false,"potions_floor_spawned":[5,7,11,14],"killed_by":"3 Byrds","ascension_level":2}