{"gold_per_floor":[112,132,150,47,58,58,88,98,98,128,128,156,172,45,45,148,148,161,179,179,94,104,104,116,116,116,141,141,158,13,27,27,123,123,135,65,65,81,81,109,121,133,191,203,250,95,109,140,140,140,140,140,15,47,47],"floor_reached":55,"playtime":4811,"items_purged":["Strike_B","Decay","Hyperbeam+1"],"score":1116,"play_id":"9e5c6743-57ca-4fa7-aa6e-0db73385009a","local_time":"20190329201328","is_ascension_mode":true,"campfire_choices":[{"data":"Undo","floor":6.0,"key":"SMITH"},{"floor":11.0,"key":"REST"},{"data":"Loop","floor":15.0,"key":"SMITH"},{"data":"Fission","floor":23.0,"key":"SMITH"},{"data":"White Noise","floor":25.0,"key":"SMITH"},{"floor":32.0,"key":"REST"},{"floor":41.0,"key":"RECALL"},{"data":"Defragment","floor":42.0,"key":"SMITH"},{"data":"Dualcast","floor":44.0,"key":"PURGE"},{"data":"Turbo","floor":49.0,"key":"SMITH"},{"data":"All For One+1","floor":52.0,"key":"PURGE"}],"neow_cost":"NONE","seed_source_timestamp":924957117496599,"circlet_count":0,"master_deck":["Zap+1","Go for the Eyes","White Noise+1","Capacitor","Cold Snap","Undo+1","Steam","Biased Cognition","Loop+1","Conserve Battery","Glacier","Barrage+1","Coolheaded","Fission+1","Undo","Steam","Rebound+1","Hologram","Fusion","Ghostly","Ghostly","Ghostly","Ghostly","Cold Snap+1","Consume+1","Core Surge+1","Redo+1","Defragment+1","Heatsinks+1","Loop+1","Steam Power+1","Turbo+1","Darkness","Turbo","Turbo"],"special_seed":0,"relics":["Cracked Core","Calipers","Peace Pipe","Molten Egg 2","Dead Branch","Pandora\u0027s Box","Pen Nib","WingedGreaves","Strawberry","Bronze Scales","Nuclear Battery","MawBank","Happy Flower","Juzu Bracelet","Ornamental Fan"],"potions_floor_usage":[54,55],"damage_taken":[{"damage":1.0,"enemies":"Cultist","floor":1.0,"turns":3.0},{"damage":0.0,"enemies":"Small Slimes","floor":2.0,"turns":2.0},{"damage":0.0,"enemies":"Jaw Worm","floor":3.0,"turns":3.0},{"damage":30.0,"enemies":"Exordium Thugs","floor":5.0,"turns":5.0},{"damage":14.0,"enemies":"Lagavulin","floor":7.0,"turns":8.0},{"damage":1.0,"enemies":"Large Slime","floor":8.0,"turns":4.0},{"damage":9.0,"enemies":"3 Sentries","floor":10.0,"turns":7.0},{"damage":9.0,"enemies":"Lagavulin","floor":12.0,"turns":6.0},{"damage":0.0,"enemies":"Looter","floor":13.0,"turns":3.0},{"damage":16.0,"enemies":"Slime Boss","floor":16.0,"turns":9.0},{"damage":0.0,"enemies":"Shell Parasite","floor":18.0,"turns":5.0},{"damage":0.0,"enemies":"Spheric Guardian","floor":19.0,"turns":4.0},{"damage":23.0,"enemies":"3 Cultists","floor":22.0,"turns":6.0},{"damage":1.0,"enemies":"Cultist and Chosen","floor":24.0,"turns":5.0},{"damage":0.0,"enemies":"Gremlin Leader","floor":27.0,"turns":9.0},{"damage":14.0,"enemies":"Snake Plant","floor":29.0,"turns":4.0},{"damage":0.0,"enemies":"3 Cultists","floor":31.0,"turns":2.0},{"damage":4.0,"enemies":"Automaton","floor":33.0,"turns":9.0},{"damage":0.0,"enemies":"3 Darklings","floor":35.0,"turns":5.0},{"damage":0.0,"enemies":"Orb Walker","floor":38.0,"turns":2.0},{"damage":2.0,"enemies":"Giant Head","floor":40.0,"turns":15.0},{"damage":3.0,"enemies":"Nemesis","floor":45.0,"turns":7.0},{"damage":0.0,"enemies":"Transient","floor":47.0,"turns":5.0},{"damage":0.0,"enemies":"Giant Head","floor":48.0,"turns":8.0},{"damage":17.0,"enemies":"Donu and Deca","floor":50.0,"turns":9.0},{"damage":12,"enemies":"Shield and Spear","floor":54,"turns":8},{"damage":25,"enemies":"The Heart","floor":55,"turns":9}],"seed_played":"1517089094506899552","potions_obtained":[{"floor":3.0,"key":"EssenceOfSteel"},{"floor":5.0,"key":"SpeedPotion"},{"floor":7.0,"key":"Ancient Potion"},{"floor":10.0,"key":"Fire Potion"},{"floor":12.0,"key":"SpeedPotion"},{"floor":24.0,"key":"Block Potion"},{"floor":27.0,"key":"SkillPotion"},{"floor":40.0,"key":"FearPotion"}],"is_trial":false,"path_per_floor":["M","M","?","?","?","M","?","?","M"],"character_chosen":"DEFECT","items_purchased":["Cold Snap","Undo","Coolheaded","Bronze Scales","Defragment","Darkness"],"campfire_rested":2,"item_purchase_floors":[4,4,14,30,36,46],"current_hp_per_floor":[67,67,67,67,37,37,23,22,22,13,35,26,26,26,26,10,59,59,59,37,37,14,14,13,13,13,20,20,6,6,6,19,15,37,37,37,37,37,37,35,35,35,35,35,32,32,32,32,32,15,37,37,37,25,0],"gold":47,"neow_bonus":"UPGRADE_CARD","is_prod":false,"is_daily":false,"chose_seed":false,"campfire_upgraded":6,"win_rate":0,"timestamp":1553915608,"path_taken":["M","?","M","$","M","R","E","?","T","E","R","E","M","$","R","BOSS","M","M","?","?","M","R","M","R","T","E","?","?","$","M","R","BOSS","M","$","?","M","?","E","R","R","T","R","E","$","?","E","R","BOSS","R","$","E","BOSS"],"build_version":"2019-01-23","purchased_purges":3,"victory":false,"max_hp_per_floor":[75,75,75,75,75,75,75,75,75,75,75,75,75,75,75,75,75,75,75,37,37,37,37,37,37,37,44,44,44,44,44,44,44,44,44,44,44,44,44,44,44,44,44,44,44,44,44,44,44,44,44,44,44,44,44],"card_choices":[{"not_picked":["Steam","Double Energy"],"picked":"Go for the Eyes","floor":1.0},{"not_picked":["Barrage","Compile Driver"],"picked":"White Noise","floor":2.0},{"not_picked":["Rebound","Gash"],"picked":"Capacitor","floor":3.0},{"not_picked":["Reprogram","Turbo"],"picked":"Steam","floor":5.0},{"not_picked":["Auto Shields","Sweeping Beam"],"picked":"Biased Cognition","floor":7.0},{"not_picked":["Streamline","Compile Driver"],"picked":"Loop","floor":8.0},{"not_picked":["Meteor Strike","Auto Shields"],"picked":"Conserve Battery","floor":10.0},{"not_picked":["Compile Driver+1","Melter+1"],"picked":"Glacier","floor":12.0},{"not_picked":["Storm","Ball Lightning+1"],"picked":"Barrage+1","floor":13.0},{"not_picked":["Hyperbeam+1","Multi-Cast"],"picked":"Fission","floor":16.0},{"not_picked":["Sweeping Beam+1","Beam Cell+1","Double Energy"],"picked":"SKIP","floor":18.0},{"not_picked":["Go for the Eyes+1","Heatsinks","Steam Power+1"],"picked":"SKIP","floor":19.0},{"not_picked":["Beam Cell+1","Hello World"],"picked":"Cold Snap+1","floor":22.0},{"not_picked":["Sweeping Beam+1","Rebound+1","Ball Lightning+1"],"picked":"SKIP","floor":24.0},{"not_picked":["Hologram","All For One+1","Ball Lightning+1"],"picked":"SKIP","floor":27.0},{"not_picked":["Tempest","Streamline+1","Skim+1"],"picked":"SKIP","floor":29.0},{"not_picked":["Coolheaded","Storm"],"picked":"Consume+1","floor":31.0},{"not_picked":["Machine Learning","Fission"],"picked":"Core Surge+1","floor":33.0},{"not_picked":["Reprogram","Double Energy"],"picked":"Redo+1","floor":35.0},{"not_picked":["Coolheaded","Go for the Eyes+1"],"picked":"Heatsinks+1","floor":38.0},{"not_picked":["Hello World+1","Machine Learning"],"picked":"Steam Power+1","floor":40.0},{"not_picked":["Recycle+1","Undo"],"picked":"Turbo","floor":45.0},{"not_picked":["Go for the Eyes+1","Streamline+1"],"picked":"Turbo","floor":47.0},{"not_picked":["Coolheaded","Rip and Tear+1"],"picked":"Turbo","floor":48.0},{"not_picked":["Redo","Streamline+1","Rebound+1"],"picked":"SKIP","floor":54}],"player_experience":159799,"relics_obtained":[{"floor":7.0,"key":"Calipers"},{"floor":9.0,"key":"Peace Pipe"},{"floor":10.0,"key":"Molten Egg 2"},{"floor":12.0,"key":"Dead Branch"},{"floor":26.0,"key":"WingedGreaves"},{"floor":27.0,"key":"Strawberry"},{"floor":40.0,"key":"MawBank"},{"floor":45.0,"key":"Happy Flower"},{"floor":48.0,"key":"Juzu Bracelet"},{"floor":54,"key":"Ornamental Fan"}],"event_choices":[{"damage_healed":0.0,"max_hp_gain":0.0,"max_hp_loss":38.0,"gold_gain":0.0,"event_name":"Ghosts","player_choice":"Became a Ghost","floor":20.0,"gold_loss":0.0,"damage_taken":0.0,"cards_obtained":["Ghostly","Ghostly","Ghostly","Ghostly","Ghostly"]},{"damage_healed":0.0,"max_hp_gain":0.0,"max_hp_loss":0.0,"gold_gain":0.0,"event_name":"Addict","player_choice":"Obtained Relic","floor":21.0,"gold_loss":85.0,"damage_taken":0.0,"relics_obtained":["Pen Nib"]},{"damage_healed":0.0,"max_hp_gain":0.0,"max_hp_loss":0.0,"gold_gain":0.0,"event_name":"Forgotten Altar","player_choice":"Smashed Altar","floor":28.0,"gold_loss":0.0,"damage_taken":0.0,"cards_obtained":["Decay"]},{"cards_removed":["Ghostly"],"damage_healed":0.0,"max_hp_gain":0.0,"max_hp_loss":0.0,"gold_gain":0.0,"event_name":"Falling","player_choice":"Removed Skill","floor":37.0,"gold_loss":0.0,"damage_taken":0.0},{"damage_healed":0.0,"max_hp_gain":0.0,"max_hp_loss":0.0,"gold_gain":0.0,"event_name":"Duplicator","player_choice":"Copied","floor":39.0,"gold_loss":0.0,"damage_taken":0.0,"cards_obtained":["Loop"]}],"is_beta":false,"boss_relics":[{"not_picked":["Astrolabe","Calling Bell"],"picked":"Pandora\u0027s Box"},{"not_picked":["Runic Pyramid","FrozenCore"],"picked":"Nuclear Battery"}],"items_purged_floors":[14,46,53],"is_endless":false,"potions_floor_spawned":[3,5,7,10,12,24,27,29,31,35,40],"killed_by":"The Heart","ascension_level":6}