{"path_per_floor":["M","M","M","M","M","R","M","M","T","M","R","M","M","?","R"],"character_chosen":"THE_SILENT","items_purchased":[],"gold_per_floor":[118,136,155,170,182,182,193,210,210,222,222,232,246,246,246],"floor_reached":16,"campfire_rested":2,"playtime":870,"current_hp_per_floor":[70,70,69,69,62,62,62,61,68,68,77,74,72,72,77],"items_purged":[],"gold":246,"score":100,"play_id":"b374339e-1f18-48bb-90e8-54f40fac7c7e","local_time":"20180307202728","is_prod":false,"is_daily":false,"is_ascension_mode":false,"campfire_upgraded":1,"timestamp":1520472448,"path_taken":["M","M","M","M","M","R","M","M","T","M","R","M","M","?","R","BOSS"],"build_version":"2018-03-01-PROD1","purchased_purges":0,"victory":false,"master_deck":["Defend_G","Defend_G","Defend_G","Defend_G","Defend_G","Strike_G","Strike_G","Strike_G","Strike_G","Strike_G","Survivor","Neutralize","Cloak And Dagger","Underhanded Strike","Leg Sweep","Backstab+1","Well Laid Plans","Deflect","Reflex","Dash","Flying Knee","Backstab","Regret"],"max_hp_per_floor":[70,70,70,70,70,70,70,70,77,77,77,77,77,77,77],"relics":["Ring of the Snake","Art of War","Strawberry","Dodecahedron"],"card_choices":[{"not_picked":["Concentrate","Crippling Poison"],"picked":"Cloak And Dagger"},{"not_picked":["Endless Agony","Setup"],"picked":"Underhanded Strike"},{"not_picked":["Reflex","Prepared"],"picked":"Leg Sweep"},{"not_picked":["Dodge and Roll","Dagger Spray"],"picked":"Backstab"},{"not_picked":["PiercingWail","Sucker Punch"],"picked":"Well Laid Plans"},{"not_picked":["Predator","Escape Plan"],"picked":"Deflect"},{"not_picked":["Finisher","Outmaneuver"],"picked":"Reflex"},{"not_picked":["Sucker Punch","Dodge and Roll"],"picked":"Dash"},{"not_picked":["Cloak And Dagger","Reflex"],"picked":"Flying Knee"},{"not_picked":["Underhanded Strike","Noxious Fumes"],"picked":"Backstab"}],"player_experience":149392,"potions_floor_usage":[12,16,16],"damage_taken":[{"damage":0,"enemies":"Jaw Worm","floor":1,"turns":4},{"damage":0,"enemies":"Small Slimes","floor":2,"turns":5},{"damage":1,"enemies":"Cultist","floor":3,"turns":4},{"damage":0,"enemies":"Blue Slaver","floor":4,"turns":6},{"damage":7,"enemies":"Exordium Thugs","floor":5,"turns":8},{"damage":0,"enemies":"Lots of Slimes","floor":7,"turns":4},{"damage":1,"enemies":"Large Slime","floor":8,"turns":6},{"damage":0,"enemies":"2 Fungi Beasts","floor":10,"turns":4},{"damage":3,"enemies":"Exordium Thugs","floor":12,"turns":6},{"damage":2,"enemies":"Lots of Slimes","floor":13,"turns":5},{"damage":78,"enemies":"Slime Boss","floor":16,"turns":18}],"event_choices":[{"event_name":"Big Fish","player_choice":"Box","floor":14,"damage_taken":0}],"boss_relics":[],"potions_floor_spawned":[1,4,7,8,10],"seed_played":"7189974318367156869","killed_by":"Slime Boss","ascension_level":0,"is_trial":false}