{"gold_per_floor":[113,113,124,124,124,124,160,160,160,160,4,37,56,72,72,198,198,214,214,214,235,31,31,56,126,126,140,140,184,384,403,403,403],"floor_reached":33,"playtime":2307,"items_purged":[],"score":425,"play_id":"62dc8d78-8df5-4939-8821-daf0ef5dab77","local_time":"20190328132950","is_ascension_mode":true,"campfire_choices":[{"data":"Whirlwind","floor":6.0,"key":"SMITH"},{"floor":8.0,"key":"REST"},{"data":"Barricade","floor":10.0,"key":"SMITH"},{"data":"Fiend Fire","floor":15.0,"key":"SMITH"},{"data":"Bludgeon","floor":23.0,"key":"SMITH"},{"data":"Dark Embrace","floor":28,"key":"SMITH"},{"data":"Metallicize","floor":32,"key":"SMITH"}],"neow_cost":"NONE","seed_source_timestamp":816883558055102,"circlet_count":0,"master_deck":["Strike_R","Strike_R","Strike_R","Strike_R","Defend_R","Defend_R","Defend_R","Defend_R","Bash","Barricade+1","Iron Wave","Whirlwind+1","Fiend Fire+1","Ghostly Armor","Ghostly Armor","Second Wind","Bludgeon+1","Pommel Strike","Metallicize+1","Seeing Red+1","Dark Embrace+1","Inflame","Spot Weakness","True Grit+1"],"special_seed":0,"relics":["Burning Blood","WarpedTongs","Golden Idol","Regal Pillow","Art of War","Anchor","Blood Vial","Runic Cube","HandDrill","Tiny Chest","Bag of Preparation","Bottled Flame"],"potions_floor_usage":[29],"damage_taken":[{"damage":13.0,"enemies":"Jaw Worm","floor":1.0,"turns":4.0},{"damage":5.0,"enemies":"Cultist","floor":3.0,"turns":4.0},{"damage":42.0,"enemies":"Gremlin Nob","floor":7.0,"turns":5.0},{"damage":12.0,"enemies":"3 Sentries","floor":12.0,"turns":4.0},{"damage":7.0,"enemies":"Small Slimes","floor":13.0,"turns":4.0},{"damage":2.0,"enemies":"Exordium Wildlife","floor":14.0,"turns":3.0},{"damage":19.0,"enemies":"Hexaghost","floor":16.0,"turns":13.0},{"damage":1.0,"enemies":"3 Byrds","floor":18.0,"turns":5.0},{"damage":0.0,"enemies":"Chosen","floor":21.0,"turns":4.0},{"damage":5.0,"enemies":"Centurion and Healer","floor":24.0,"turns":9.0},{"damage":16.0,"enemies":"Slavers","floor":25.0,"turns":7.0},{"damage":0,"enemies":"Sentry and Sphere","floor":27,"turns":3},{"damage":33,"enemies":"Book of Stabbing","floor":29,"turns":7},{"damage":10,"enemies":"Snake Plant","floor":31,"turns":3},{"damage":52,"enemies":"Champ","floor":33,"turns":19}],"seed_played":"-6220338936340950331","potions_obtained":[{"floor":3.0,"key":"FearPotion"},{"floor":12.0,"key":"LiquidBronze"},{"floor":13.0,"key":"AttackPotion"},{"floor":18.0,"key":"Swift Potion"},{"floor":21.0,"key":"Weak Potion"},{"floor":25.0,"key":"SpeedPotion"}],"is_trial":false,"path_per_floor":["?","M","?","?","?","?","M","?"],"character_chosen":"IRONCLAD","items_purchased":["Anchor","HandDrill"],"campfire_rested":1,"item_purchase_floors":[11,22],"current_hp_per_floor":[65,65,66,59,59,59,23,60,60,60,60,54,55,61,61,50,68,74,74,74,74,74,74,74,64,64,72,72,47,47,45,45,0],"gold":403,"neow_bonus":"ONE_RANDOM_RARE_CARD","is_prod":false,"is_daily":false,"chose_seed":false,"campfire_upgraded":6,"win_rate":0,"timestamp":1553804990,"path_taken":["M","?","?","?","?","R","E","R","T","R","$","E","M","M","R","BOSS","M","?","?","?","$","R","M","E","T","M","R","E","?","M","R","BOSS"],"build_version":"2019-01-23","purchased_purges":0,"victory":false,"max_hp_per_floor":[80,80,80,80,74,74,74,74,74,74,74,74,74,74,74,74,74,74,74,74,74,74,74,74,74,74,74,74,74,74,74,74,74],"card_choices":[{"not_picked":["Pommel Strike","Perfected Strike"],"picked":"Iron Wave","floor":1.0},{"not_picked":["Havoc","Warcry"],"picked":"Whirlwind","floor":3.0},{"not_picked":["Wild Strike","Perfected Strike"],"picked":"Fiend Fire","floor":7.0},{"not_picked":["Combust","Hemokinesis"],"picked":"Ghostly Armor","floor":12.0},{"not_picked":["Anger","Cleave"],"picked":"Ghostly Armor","floor":13.0},{"not_picked":["Headbutt","Iron Wave"],"picked":"Second Wind","floor":14.0},{"not_picked":["Berserk","Dark Embrace"],"picked":"Bludgeon","floor":16.0},{"not_picked":["Hemokinesis","Sever Soul"],"picked":"Pommel Strike","floor":18.0},{"not_picked":["Sword Boomerang+1","Thunderclap"],"picked":"Metallicize","floor":21.0},{"not_picked":["Searing Blow+1","Headbutt+1"],"picked":"Seeing Red+1","floor":24.0},{"not_picked":["True Grit+1","Flex"],"picked":"Dark Embrace","floor":25.0},{"not_picked":["Cleave","True Grit"],"picked":"Inflame","floor":27},{"not_picked":["Twin Strike","Cleave"],"picked":"Spot Weakness","floor":29},{"not_picked":["Intimidate","Corruption"],"picked":"True Grit+1","floor":31}],"player_experience":145438,"relics_obtained":[{"floor":7.0,"key":"Regal Pillow"},{"floor":9.0,"key":"Art of War"},{"floor":12.0,"key":"Blood Vial"},{"floor":25.0,"key":"Tiny Chest"},{"floor":26.0,"key":"Bag of Preparation"},{"floor":29,"key":"Bottled Flame"}],"event_choices":[{"damage_healed":0.0,"max_hp_gain":0.0,"max_hp_loss":0.0,"gold_gain":0.0,"event_name":"Accursed Blacksmith","player_choice":"Rummage","floor":2.0,"gold_loss":0.0,"damage_taken":0.0,"relics_obtained":["WarpedTongs"],"cards_obtained":["Pain"]},{"cards_removed":["Pain"],"damage_healed":0.0,"max_hp_gain":0.0,"max_hp_loss":0.0,"gold_gain":0.0,"event_name":"Golden Wing","player_choice":"Card Removal","floor":4.0,"gold_loss":0.0,"damage_taken":7.0},{"damage_healed":0.0,"max_hp_gain":0.0,"max_hp_loss":6.0,"gold_gain":0.0,"event_name":"Golden Idol","player_choice":"Lose Max HP","floor":5.0,"gold_loss":0.0,"damage_taken":0.0,"relics_obtained":["Golden Idol"]},{"damage_healed":0.0,"max_hp_gain":0.0,"max_hp_loss":0.0,"gold_gain":0.0,"event_name":"Ghosts","player_choice":"Ignored","floor":19.0,"gold_loss":0.0,"damage_taken":0.0},{"cards_removed":["Strike_R"],"damage_healed":0.0,"max_hp_gain":0.0,"max_hp_loss":0.0,"gold_gain":0.0,"event_name":"Back to Basics","player_choice":"Elegance","floor":20.0,"gold_loss":0.0,"damage_taken":0.0},{"damage_healed":0,"gold_gain":200,"player_choice":"Gold","damage_taken":0,"max_hp_gain":0,"max_hp_loss":0,"event_name":"Wheel of Change","floor":30,"gold_loss":0}],"is_beta":false,"boss_relics":[{"not_picked":["Busted Crown","Tiny House"],"picked":"Runic Cube"}],"items_purged_floors":[],"is_endless":false,"potions_floor_spawned":[3,12,13,14,18,21,25],"killed_by":"Champ","ascension_level":9}