{"gold_per_floor":[111,111,111,127,151,177,188,188,188,219,233,244,244,278,278,352,352,369,384,384,384,384,384,400,430,479,492,492,526,526,555,555,633,633,651,651,669,669,133,162,38,63,63,63,92,108,120,150,150,150,150,150,150,19,48,48],"floor_reached":57,"playtime":3991,"items_purged":["Strike_B+1","Strike_B+1"],"score":3242,"play_id":"593cde51-dc1a-472c-91c8-45d2a43e0ed0","local_time":"20190418220959","is_ascension_mode":true,"campfire_choices":[{"data":"Chill","floor":8.0,"key":"SMITH"},{"data":"Biased Cognition","floor":13.0,"key":"SMITH"},{"floor":15.0,"key":"REST"},{"floor":23.0,"key":"REST"},{"data":"RitualDagger","floor":30.0,"key":"SMITH"},{"floor":32.0,"key":"RECALL"},{"data":"Go for the Eyes","floor":44.0,"key":"SMITH"},{"data":"Machine Learning","floor":49.0,"key":"SMITH"},{"floor":53.0,"key":"REST"}],"neow_cost":"NONE","seed_source_timestamp":15513167064788,"circlet_count":0,"master_deck":["AscendersBane","Strike_B+1","Strike_B+1","Defend_B+1","Defend_B+1","Defend_B+1","Defend_B+1","Zap+1","Dualcast","Gash","Leap","Hologram","Chill+1","Biased Cognition+1","Leap","Glacier","Echo Form","Hologram+1","Ball Lightning+1","Self Repair+1","Genetic Algorithm","RitualDagger+1","Machine Learning+1","Compile Driver+1","Go for the Eyes+1","Doom and Gloom+1","Capacitor","Double Energy"],"special_seed":0,"relics":["Cracked Core","NeowsBlessing","Happy Flower","Bag of Preparation","Turnip","Shuriken","Dead Branch","The Courier","Busted Crown","Ornamental Fan","Potion Belt","FossilizedHelix","Dodecahedron","Philosopher\u0027s Stone","FaceOfCleric","PreservedInsect","Frozen Eye","Anchor","Art of War","DataDisk","Molten Egg 2","Whetstone","Mummified Hand","Lantern"],"potions_floor_usage":[56,56],"damage_taken":[{"damage":0.0,"enemies":"2 Louse","floor":1.0,"turns":1.0},{"damage":0.0,"enemies":"Jaw Worm","floor":4.0,"turns":1.0},{"damage":0.0,"enemies":"Lagavulin","floor":6.0,"turns":1.0},{"damage":5.0,"enemies":"Small Slimes","floor":7.0,"turns":3.0},{"damage":11.0,"enemies":"3 Sentries","floor":10.0,"turns":17.0},{"damage":1.0,"enemies":"Exordium Thugs","floor":11.0,"turns":5.0},{"damage":0.0,"enemies":"2 Fungi Beasts","floor":12.0,"turns":2.0},{"damage":21.0,"enemies":"Gremlin Nob","floor":14.0,"turns":4.0},{"damage":17.0,"enemies":"The Guardian","floor":16.0,"turns":13.0},{"damage":11.0,"enemies":"Shell Parasite","floor":18.0,"turns":4.0},{"damage":0.0,"enemies":"Spheric Guardian","floor":19.0,"turns":4.0},{"damage":0.0,"enemies":"Cultist and Chosen","floor":24.0,"turns":6.0},{"damage":0.0,"enemies":"Gremlin Leader","floor":25.0,"turns":6.0},{"damage":0.0,"enemies":"Shelled Parasite and Fungi","floor":27.0,"turns":6.0},{"damage":13.0,"enemies":"Book of Stabbing","floor":29.0,"turns":6.0},{"damage":0.0,"enemies":"Slavers","floor":31.0,"turns":9.0},{"damage":0.0,"enemies":"Champ","floor":33.0,"turns":16.0},{"damage":0.0,"enemies":"3 Darklings","floor":35.0,"turns":9.0},{"damage":0.0,"enemies":"3 Shapes","floor":37.0,"turns":4.0},{"damage":0.0,"enemies":"Nemesis","floor":40.0,"turns":5.0},{"damage":0.0,"enemies":"Reptomancer","floor":42.0,"turns":7.0},{"damage":0.0,"enemies":"Giant Head","floor":45.0,"turns":6.0},{"damage":0.0,"enemies":"Sphere and 2 Shapes","floor":46.0,"turns":3.0},{"damage":0.0,"enemies":"4 Shapes","floor":47.0,"turns":5.0},{"damage":0.0,"enemies":"Nemesis","floor":48.0,"turns":5.0},{"damage":30.0,"enemies":"Awakened One","floor":50.0,"turns":13.0},{"damage":26.0,"enemies":"Time Eater","floor":51.0,"turns":13.0},{"damage":14.0,"enemies":"Shield and Spear","floor":55.0,"turns":9.0},{"damage":87,"enemies":"The Heart","floor":56,"turns":12}],"seed_played":"245298520947920083","potions_obtained":[{"floor":1.0,"key":"SkillPotion"},{"floor":4.0,"key":"FocusPotion"},{"floor":10.0,"key":"Swift Potion"},{"floor":14.0,"key":"Weak Potion"},{"floor":16.0,"key":"Regen Potion"},{"floor":19.0,"key":"Ancient Potion"},{"floor":31.0,"key":"Ancient Potion"},{"floor":35.0,"key":"AttackPotion"},{"floor":40.0,"key":"AttackPotion"},{"floor":42.0,"key":"LiquidBronze"},{"floor":47.0,"key":"Block Potion"},{"floor":48.0,"key":"SmokeBomb"}],"is_trial":false,"path_per_floor":["M","?","?","M","T","E","M","R","T","E","M","M","R","E","R","B",null,"M","M","?","T","?","R","M","E","T","M","?","E","R","E","R","B",null,"M","?","M","?","$","E","$","E","T","R","E","M","M","E","R","B","B",null,"R","$","E","B",null],"character_chosen":"DEFECT","items_purchased":["PreservedInsect","Frozen Eye","Anchor","SkillPotion","Go for the Eyes","Capacitor","Double Energy"],"campfire_rested":3,"item_purchase_floors":[39,39,39,39,41,54,54],"current_hp_per_floor":[64,53,53,53,53,53,48,48,48,37,36,36,36,15,36,19,58,47,47,47,47,47,68,68,68,68,71,65,62,62,62,62,71,71,71,71,71,71,71,72,72,73,73,73,74,75,76,77,77,58,43,70,79,79,80,9],"gold":48,"neow_bonus":"THREE_ENEMY_KILL","is_prod":false,"is_daily":false,"chose_seed":false,"campfire_upgraded":5,"win_rate":0,"timestamp":1555618199,"path_taken":["M","?","?","M","?","E","M","R","T","E","M","M","R","E","R","BOSS","M","M","?","?","?","R","M","E","T","M","?","E","R","E","R","BOSS","M","?","?","?","$","E","$","E","T","R","E","M","M","E","R","BOSS","BOSS","R","$","E","BOSS"],"build_version":"2019-04-04","purchased_purges":2,"victory":true,"max_hp_per_floor":[71,71,71,71,71,71,71,71,71,71,71,71,71,71,71,71,71,71,71,71,71,71,71,71,71,71,71,71,71,71,71,71,71,71,71,71,71,71,71,72,72,73,73,73,74,75,76,77,77,78,79,79,79,79,80,81],"card_choices":[{"not_picked":["Consume","Go for the Eyes"],"picked":"Gash","floor":1.0},{"not_picked":["Go for the Eyes","Heatsinks"],"picked":"Leap","floor":4.0},{"not_picked":["Streamline","Turbo"],"picked":"Hologram","floor":6.0},{"not_picked":["Sweeping Beam","Redo"],"picked":"Chill","floor":7.0},{"not_picked":["Static Discharge","Beam Cell"],"picked":"Biased Cognition","floor":10.0},{"not_picked":["Redo","Scrape"],"picked":"Leap","floor":11.0},{"not_picked":["Auto Shields","Steam","Darkness"],"picked":"SKIP","floor":12.0},{"not_picked":["Go for the Eyes","Beam Cell"],"picked":"Glacier","floor":14.0},{"not_picked":["Thunder Strike","Hyperbeam"],"picked":"Echo Form","floor":16.0},{"not_picked":[],"picked":"Hologram+1","floor":18.0},{"not_picked":["Streamline"],"picked":"SKIP","floor":19.0},{"not_picked":[],"picked":"Ball Lightning","floor":24.0},{"not_picked":[],"picked":"Self Repair+1","floor":25.0},{"not_picked":[],"picked":"Genetic Algorithm","floor":27.0},{"not_picked":["Hyperbeam"],"picked":"SKIP","floor":29.0},{"not_picked":["Tempest"],"picked":"SKIP","floor":31.0},{"not_picked":[],"picked":"Machine Learning","floor":33.0},{"not_picked":["Cold Snap"],"picked":"SKIP","floor":35.0},{"not_picked":["Compile Driver"],"picked":"SKIP","floor":37.0},{"not_picked":[],"picked":"Compile Driver","floor":37.0},{"not_picked":["Turbo+1"],"picked":"SKIP","floor":40.0},{"not_picked":["Leap"],"picked":"SKIP","floor":42.0},{"not_picked":[],"picked":"Doom and Gloom+1","floor":45.0},{"not_picked":["Heatsinks"],"picked":"SKIP","floor":46.0},{"not_picked":["Aggregate"],"picked":"SKIP","floor":47.0},{"not_picked":["Barrage+1"],"picked":"SKIP","floor":48.0},{"not_picked":["Turbo+1"],"picked":"SKIP","floor":55.0}],"player_experience":1162637,"relics_obtained":[{"floor":5.0,"key":"Bag of Preparation"},{"floor":6.0,"key":"Turnip"},{"floor":9.0,"key":"Shuriken"},{"floor":10.0,"key":"Dead Branch"},{"floor":14.0,"key":"The Courier"},{"floor":25.0,"key":"Ornamental Fan"},{"floor":26.0,"key":"Potion Belt"},{"floor":29.0,"key":"FossilizedHelix"},{"floor":31.0,"key":"Dodecahedron"},{"floor":40.0,"key":"Art of War"},{"floor":42.0,"key":"DataDisk"},{"floor":43.0,"key":"Molten Egg 2"},{"floor":45.0,"key":"Whetstone"},{"floor":48.0,"key":"Mummified Hand"},{"floor":55.0,"key":"Lantern"}],"event_choices":[{"damage_healed":0.0,"max_hp_gain":0.0,"max_hp_loss":0.0,"gold_gain":0.0,"event_name":"Scrap Ooze","player_choice":"Success","floor":2.0,"gold_loss":0.0,"damage_taken":11.0,"relics_obtained":["Happy Flower"]},{"damage_healed":0.0,"max_hp_gain":0.0,"max_hp_loss":0.0,"gold_gain":0.0,"event_name":"Living Wall","player_choice":"Grow","floor":3.0,"gold_loss":0.0,"damage_taken":0.0,"cards_upgraded":["Zap"]},{"damage_healed":0.0,"max_hp_gain":0.0,"max_hp_loss":0.0,"gold_gain":0.0,"event_name":"Cursed Tome","player_choice":"Ignored","floor":20.0,"gold_loss":0.0,"damage_taken":0.0},{"damage_healed":0.0,"max_hp_gain":0.0,"max_hp_loss":0.0,"gold_gain":0.0,"event_name":"Back to Basics","player_choice":"Simplicity","floor":22.0,"gold_loss":0.0,"damage_taken":0.0,"cards_upgraded":["Strike_B","Strike_B","Strike_B","Strike_B","Defend_B","Defend_B","Defend_B","Defend_B"]},{"damage_healed":0.0,"max_hp_gain":0.0,"max_hp_loss":0.0,"gold_gain":0.0,"event_name":"Nest","player_choice":"Joined the Cult","floor":28.0,"gold_loss":0.0,"damage_taken":6.0,"cards_obtained":["RitualDagger"]},{"damage_healed":0.0,"max_hp_gain":0.0,"max_hp_loss":0.0,"gold_gain":0.0,"event_name":"SecretPortal","player_choice":"Ignored","floor":36.0,"gold_loss":0.0,"damage_taken":0.0},{"damage_healed":0.0,"max_hp_gain":0.0,"max_hp_loss":0.0,"gold_gain":0.0,"event_name":"FaceTrader","player_choice":"Trade","floor":38.0,"gold_loss":0.0,"damage_taken":0.0,"relics_obtained":["FaceOfCleric"]}],"is_beta":true,"boss_relics":[{"not_picked":["Pandora\u0027s Box","Eternal Feather"],"picked":"Busted Crown"},{"not_picked":["Tiny House","FrozenCore"],"picked":"Philosopher\u0027s Stone"}],"items_purged_floors":[39,41],"is_endless":false,"potions_floor_spawned":[1,4,10,14,16,19,24,25,31,35,40,42,47,48],"ascension_level":20}