{"gold_per_floor":[117,133,147,147,167,167,167,196,196,196,207,234,234,261,261,357,357,377,423,363],"floor_reached":20,"playtime":720,"items_purged":[],"score":278,"play_id":"5f7c49ea-1f23-439e-ae91-ec55beeed67c","local_time":"20190214212715","is_ascension_mode":true,"campfire_choices":[{"data":"Defragment","floor":6.0,"key":"SMITH"},{"data":"Creative AI","floor":10.0,"key":"SMITH"},{"floor":13,"key":"REST"},{"floor":15,"key":"REST"}],"neow_cost":"NONE","seed_source_timestamp":25442750204900,"circlet_count":0,"master_deck":["Strike_B","Defend_B","Defend_B","Defend_B","Defend_B","Zap","Dualcast","Defragment+1","Steam","Ball Lightning","Chaos","Conserve Battery","Creative AI+1","Defragment","Storm","Coolheaded","Buffer","Coolheaded"],"special_seed":0,"relics":["Cracked Core","Regal Pillow","Bag of Marbles","Pantograph","Strawberry","Black Star","PreservedInsect"],"potions_floor_usage":[16,18],"damage_taken":[{"damage":9.0,"enemies":"2 Louse","floor":1.0,"turns":4.0},{"damage":0.0,"enemies":"Cultist","floor":2.0,"turns":4.0},{"damage":0.0,"enemies":"Small Slimes","floor":3.0,"turns":3.0},{"damage":7.0,"enemies":"Red Slaver","floor":5.0,"turns":3.0},{"damage":12.0,"enemies":"3 Sentries","floor":8.0,"turns":5.0},{"damage":0.0,"enemies":"Large Slime","floor":11.0,"turns":4.0},{"damage":23,"enemies":"Gremlin Nob","floor":12,"turns":5},{"damage":32,"enemies":"3 Sentries","floor":14,"turns":6},{"damage":31,"enemies":"The Guardian","floor":16,"turns":9},{"damage":54,"enemies":"3 Byrds","floor":18,"turns":6},{"damage":28,"enemies":"2 Thieves","floor":20,"turns":2}],"seed_played":"-6768909168435951965","potions_obtained":[{"floor":2.0,"key":"EssenceOfSteel"},{"floor":5.0,"key":"Explosive Potion"},{"floor":8.0,"key":"Energy Potion"},{"floor":12,"key":"Poison Potion"},{"floor":16,"key":"Energy Potion"}],"is_trial":false,"path_per_floor":["M","M","M","?","M","R","?","E","T","R","M","E","R","E","R","B",null,"M","T","M"],"character_chosen":"DEFECT","items_purchased":[],"campfire_rested":2,"item_purchase_floors":[],"current_hp_per_floor":[59,59,59,59,52,52,52,40,40,40,40,17,54,29,68,51,74,20,20,0],"gold":363,"neow_bonus":"TRANSFORM_CARD","is_prod":false,"is_daily":false,"chose_seed":false,"campfire_upgraded":2,"win_rate":0,"timestamp":1550197635,"path_taken":["M","M","M","?","?","R","?","E","T","R","M","E","R","E","R","BOSS","M","?","M"],"build_version":"2019-01-23","purchased_purges":0,"victory":false,"max_hp_per_floor":[75,75,75,75,75,75,75,75,75,75,75,75,75,82,82,82,82,82,82,82],"card_choices":[{"not_picked":["Beam Cell","Compile Driver"],"picked":"Steam","floor":1.0},{"not_picked":["Go for the Eyes","Rebound"],"picked":"Ball Lightning","floor":2.0},{"not_picked":["Genetic Algorithm","Redo","Static Discharge"],"picked":"SKIP","floor":3.0},{"not_picked":["Force Field","Steam"],"picked":"Conserve Battery","floor":5.0},{"not_picked":["Coolheaded","Rebound"],"picked":"Creative AI","floor":8.0},{"not_picked":["Chill","Beam Cell"],"picked":"Defragment","floor":11.0},{"not_picked":["Recycle","Multi-Cast"],"picked":"Storm","floor":12},{"not_picked":["Ball Lightning","Gash"],"picked":"Coolheaded","floor":14},{"not_picked":["Multi-Cast","Hyperbeam"],"picked":"Buffer","floor":16},{"not_picked":["Sweeping Beam","Go for the Eyes"],"picked":"Coolheaded","floor":18}],"player_experience":467082,"relics_obtained":[{"floor":8.0,"key":"Regal Pillow"},{"floor":9.0,"key":"Bag of Marbles"},{"floor":12,"key":"Pantograph"},{"floor":14,"key":"Strawberry"},{"floor":19,"key":"PreservedInsect"}],"event_choices":[{"damage_healed":0.0,"max_hp_gain":0.0,"max_hp_loss":0.0,"gold_gain":0.0,"cards_transformed":["Strike_B"],"event_name":"Transmorgrifier","player_choice":"Transformed","floor":4.0,"gold_loss":0.0,"damage_taken":0.0,"cards_obtained":["Chaos"]},{"cards_removed":["Strike_B"],"damage_healed":0.0,"max_hp_gain":0.0,"max_hp_loss":0.0,"gold_gain":0.0,"event_name":"Wheel of Change","player_choice":"Card Removal","floor":7.0,"gold_loss":0.0,"damage_taken":0.0}],"is_beta":false,"boss_relics":[{"not_picked":["Fusion Hammer","Philosopher\u0027s Stone"],"picked":"Black Star"}],"items_purged_floors":[],"is_endless":false,"potions_floor_spawned":[2,5,8,12,16],"killed_by":"2 Thieves","ascension_level":9}