{"gold_per_floor":[214,42,55,130,150,150,182,182,182,182,197,213,213,244,244,349,349,368,387,34,34,34,68,68,84,84,102,113,113,138,165,165,263,263,275,275,375,375,375,405,423,457,482,482,515,515,533,457,457,457],"floor_reached":50,"playtime":2612,"items_purged":[],"score":774,"play_id":"5e7d5b2e-70bd-467e-bec4-d03494e4b52c","local_time":"20190207174355","is_ascension_mode":true,"campfire_choices":[{"data":"Apotheosis","floor":6.0,"key":"SMITH"},{"floor":8.0,"key":"REST"},{"floor":15.0,"key":"REST"},{"floor":24.0,"key":"REST"},{"floor":29.0,"key":"REST"},{"floor":32.0,"key":"REST"},{"floor":46,"key":"RECALL"},{"data":"Strike_B","floor":49,"key":"PURGE"}],"neow_cost":"NONE","seed_source_timestamp":26205855863700,"circlet_count":0,"master_deck":["Strike_B","Defend_B","Defend_B","Defend_B","Defend_B","Zap","Dualcast","Conserve Battery","Apotheosis+1","Streamline","Compile Driver","Seek+1","Recycle+1","Cold Snap","Ball Lightning","Echo Form","Rainbow+1","Conserve Battery+1","Echo Form","Self Repair","Electrodynamics","Reboot+1","Defragment+1","Self Repair"],"special_seed":0,"relics":["Cracked Core","Meat on the Bone","Toxic Egg 2","Letter Opener","Gambling Chip","Black Star","DataDisk","Lee\u0027s Waffle","Ancient Tea Set","Incense Burner","Pantograph","Bottled Flame","Dream Catcher","Smiling Mask","Runic Pyramid","Peace Pipe","Boot","Darkstone Periapt","Strawberry","Ornamental Fan","Blood Vial","Pear","Lantern"],"potions_floor_usage":[40,41,47,50,50],"damage_taken":[{"damage":0.0,"enemies":"2 Louse","floor":1.0,"turns":2.0},{"damage":4.0,"enemies":"Small Slimes","floor":3.0,"turns":4.0},{"damage":7.0,"enemies":"Jaw Worm","floor":5.0,"turns":4.0},{"damage":16.0,"enemies":"3 Sentries","floor":7.0,"turns":7.0},{"damage":0.0,"enemies":"3 Louse","floor":11.0,"turns":3.0},{"damage":0.0,"enemies":"Large Slime","floor":12.0,"turns":3.0},{"damage":19.0,"enemies":"Lagavulin","floor":14.0,"turns":5.0},{"damage":6.0,"enemies":"Slime Boss","floor":16.0,"turns":7.0},{"damage":18.0,"enemies":"3 Byrds","floor":18.0,"turns":4.0},{"damage":23.0,"enemies":"Chosen","floor":19.0,"turns":5.0},{"damage":18.0,"enemies":"Gremlin Leader","floor":23.0,"turns":8.0},{"damage":8.0,"enemies":"Shelled Parasite and Fungi","floor":25.0,"turns":5.0},{"damage":13.0,"enemies":"Centurion and Healer","floor":27.0,"turns":7.0},{"damage":20.0,"enemies":"Snake Plant","floor":28.0,"turns":4.0},{"damage":29.0,"enemies":"Book of Stabbing","floor":30.0,"turns":6.0},{"damage":45.0,"enemies":"Champ","floor":33.0,"turns":12.0},{"damage":14.0,"enemies":"3 Darklings","floor":35.0,"turns":3.0},{"damage":3.0,"enemies":"Mind Bloom Boss Battle","floor":37.0,"turns":6.0},{"damage":24,"enemies":"Reptomancer","floor":40,"turns":6},{"damage":12,"enemies":"Orb Walker","floor":41,"turns":4},{"damage":2,"enemies":"Giant Head","floor":42,"turns":9},{"damage":56,"enemies":"Reptomancer","floor":45,"turns":6},{"damage":37,"enemies":"4 Shapes","floor":47,"turns":4},{"damage":96,"enemies":"Awakened One","floor":50,"turns":9}],"seed_played":"8762523114446431242","potions_obtained":[{"floor":7.0,"key":"Poison Potion"},{"floor":11.0,"key":"SpeedPotion"},{"floor":14.0,"key":"Poison Potion"},{"floor":16.0,"key":"FearPotion"},{"floor":23.0,"key":"EssenceOfSteel"},{"floor":30.0,"key":"Weak Potion"},{"floor":35.0,"key":"EssenceOfSteel"},{"floor":37.0,"key":"EssenceOfSteel"},{"floor":45,"key":"Block Potion"},{"floor":47,"key":"Strength Potion"}],"is_trial":false,"path_per_floor":["M","$","M","?","M","R","E","R","T","?","M","M","T","E","R","B",null,"M","M","$","?","?","E","R","M","T","M","M","R","E","T","R","B",null,"M","?","?","?","?","E","M","E","T","?","E","R","M","$","R","B"],"character_chosen":"DEFECT","items_purchased":["Apotheosis","DataDisk","Lee\u0027s Waffle","Self Repair"],"campfire_rested":5,"item_purchase_floors":[2,20,20,48],"current_hp_per_floor":[68,68,64,53,46,46,30,52,52,52,52,52,52,45,67,61,72,54,43,82,66,66,48,74,76,76,73,53,79,70,70,87,74,84,70,70,84,84,84,80,68,93,93,93,80,80,57,57,57,0],"gold":457,"neow_bonus":"HUNDRED_GOLD","is_prod":false,"is_daily":false,"chose_seed":false,"campfire_upgraded":1,"win_rate":0,"timestamp":1549579435,"path_taken":["M","$","M","?","M","R","E","R","T","?","M","M","?","E","R","BOSS","M","M","$","?","?","E","R","M","T","?","M","R","E","?","R","BOSS","M","?","?","?","?","E","M","E","T","?","E","R","?","$","R","BOSS"],"build_version":"2019-01-23","purchased_purges":0,"victory":false,"max_hp_per_floor":[75,75,75,75,75,75,75,75,75,75,75,75,75,75,75,75,75,75,75,82,87,87,87,87,87,87,87,87,87,87,87,87,87,87,87,87,87,87,87,87,87,94,94,94,104,104,104,104,104,104],"card_choices":[{"not_picked":["Coolheaded","Compile Driver"],"picked":"Conserve Battery","floor":1.0},{"not_picked":["Heatsinks","Storm"],"picked":"Streamline","floor":3.0},{"not_picked":["Doom and Gloom","Force Field"],"picked":"Compile Driver","floor":5.0},{"not_picked":["Undo","Gash"],"picked":"Seek","floor":7.0},{"not_picked":["Leap+1","Barrage"],"picked":"Cold Snap","floor":11.0},{"not_picked":["Go for the Eyes","Compile Driver"],"picked":"Ball Lightning","floor":12.0},{"not_picked":["Glacier+1","Melter"],"picked":"Echo Form","floor":14.0},{"not_picked":["Multi-Cast+1","Seek+1"],"picked":"Rainbow+1","floor":16.0},{"not_picked":["Barrage","Gash","Coolheaded+1"],"picked":"SKIP","floor":18.0},{"not_picked":["Hello World","Cold Snap"],"picked":"Conserve Battery+1","floor":19.0},{"not_picked":["White Noise+1","Barrage"],"picked":"Self Repair","floor":23.0},{"not_picked":["Doom and Gloom","Gash","Aggregate+1"],"picked":"SKIP","floor":25.0},{"not_picked":["Rebound","Hologram+1","Blizzard"],"picked":"SKIP","floor":27.0},{"not_picked":["Barrage+1","Steam+1","Leap+1"],"picked":"SKIP","floor":28.0},{"not_picked":["Sweeping Beam","Echo Form","Steam Power+1"],"picked":"SKIP","floor":30.0},{"not_picked":["All For One","Core Surge"],"picked":"Electrodynamics","floor":33.0},{"not_picked":["Hologram+1","Gash+1","Force Field+1"],"picked":"SKIP","floor":35.0},{"not_picked":["Conserve Battery+1","Go for the Eyes","Hologram+1"],"picked":"SKIP","floor":40},{"not_picked":["Conserve Battery+1","Storm"],"picked":"Reboot+1","floor":41},{"not_picked":["Aggregate+1","Turbo+1"],"picked":"Defragment+1","floor":42},{"not_picked":["Aggregate+1","Tempest+1","Sweeping Beam+1"],"picked":"SKIP","floor":45},{"not_picked":["Tempest+1","Melter","Gash+1"],"picked":"SKIP","floor":47}],"player_experience":407620,"relics_obtained":[{"floor":7.0,"key":"Meat on the Bone"},{"floor":9.0,"key":"Toxic Egg 2"},{"floor":13.0,"key":"Letter Opener"},{"floor":14.0,"key":"Gambling Chip"},{"floor":23.0,"key":"Ancient Tea Set"},{"floor":23.0,"key":"Incense Burner"},{"floor":26.0,"key":"Pantograph"},{"floor":30.0,"key":"Bottled Flame"},{"floor":30.0,"key":"Dream Catcher"},{"floor":31.0,"key":"Smiling Mask"},{"floor":37.0,"key":"Peace Pipe"},{"floor":40,"key":"Boot"},{"floor":40,"key":"Darkstone Periapt"},{"floor":42,"key":"Strawberry"},{"floor":42,"key":"Ornamental Fan"},{"floor":43,"key":"Blood Vial"},{"floor":45,"key":"Pear"},{"floor":45,"key":"Lantern"}],"event_choices":[{"damage_healed":0.0,"max_hp_gain":0.0,"max_hp_loss":0.0,"gold_gain":75.0,"event_name":"World of Goop","player_choice":"Gather Gold","floor":4.0,"gold_loss":0.0,"damage_taken":11.0},{"damage_healed":0.0,"max_hp_gain":0.0,"max_hp_loss":0.0,"gold_gain":0.0,"cards_transformed":["Strike_B"],"event_name":"Living Wall","player_choice":"Change","floor":10.0,"gold_loss":0.0,"damage_taken":0.0,"cards_obtained":["Recycle"]},{"damage_healed":0.0,"max_hp_gain":5.0,"max_hp_loss":0.0,"gold_gain":0.0,"event_name":"Forgotten Altar","player_choice":"Shed Blood","floor":21.0,"gold_loss":0.0,"damage_taken":21.0},{"damage_healed":0.0,"max_hp_gain":0.0,"max_hp_loss":0.0,"gold_gain":0.0,"event_name":"Duplicator","player_choice":"Copied","floor":22.0,"gold_loss":0.0,"damage_taken":0.0,"cards_obtained":["Echo Form"]},{"damage_healed":0.0,"max_hp_gain":0.0,"max_hp_loss":0.0,"gold_gain":0.0,"event_name":"SensoryStone","player_choice":"Memory 1","floor":36.0,"gold_loss":0.0,"damage_taken":0.0},{"damage_healed":0.0,"max_hp_gain":0.0,"max_hp_loss":0.0,"gold_gain":0.0,"event_name":"MindBloom","player_choice":"Fight","floor":37.0,"gold_loss":0.0,"damage_taken":0.0},{"cards_removed":["Strike_B"],"damage_healed":0.0,"max_hp_gain":0.0,"max_hp_loss":0.0,"gold_gain":0.0,"event_name":"Falling","player_choice":"Removed Attack","floor":38.0,"gold_loss":0.0,"damage_taken":0.0},{"damage_healed":0,"gold_gain":0,"player_choice":"Ignored","damage_taken":0,"max_hp_gain":0,"max_hp_loss":0,"event_name":"Mysterious Sphere","floor":39,"gold_loss":0},{"damage_healed":0,"gold_gain":0,"player_choice":"Upgraded","damage_taken":0,"max_hp_gain":0,"max_hp_loss":0,"event_name":"Upgrade Shrine","floor":44,"gold_loss":0,"cards_upgraded":["Seek"]}],"is_beta":false,"boss_relics":[{"not_picked":["Empty Cage","Nuclear Battery"],"picked":"Black Star"},{"not_picked":["White Beast Statue","Lizard Tail"],"picked":"Runic Pyramid"}],"items_purged_floors":[],"is_endless":false,"potions_floor_spawned":[7,11,14,16,18,23,28,30,35,37,45,47],"killed_by":"Awakened One","ascension_level":6}