{"gold_per_floor":[112,129,146,5,5,38,38,38,38,93,93,93,109,134,134,208,208,225,32,30,5,55,55],"floor_reached":23,"playtime":2049,"items_purged":["Strike_G"],"score":325,"play_id":"6039fcd0-590c-4b7e-8d93-7a0ace888727","local_time":"20190419222208","is_ascension_mode":true,"campfire_choices":[{"floor":8,"key":"REST"},{"data":"Footwork","floor":11,"key":"SMITH"},{"floor":15,"key":"REST"}],"neow_cost":"NONE","seed_source_timestamp":171897791223428,"circlet_count":0,"master_deck":["AscendersBane","Defend_G","Defend_G","Defend_G","Defend_G","Defend_G","Strike_G+1","Strike_G","Strike_G","Strike_G","Survivor","Neutralize","Poisoned Stab+1","Poisoned Stab","Well Laid Plans","Footwork+1","Backflip","Sucker Punch","PiercingWail","Dagger Spray","Night Terror","Backflip","Deadly Poison","Caltrops","Cloak And Dagger+1","Noxious Fumes","Crippling Poison","Deadly Poison+1","Noxious Fumes"],"relics":["Ring of the Snake","NeowsBlessing","Mercury Hourglass","Smiling Mask","Regal Pillow","Mummified Hand","SsserpentHead","Whetstone","Orrery"],"potions_floor_usage":[6,10,23],"damage_taken":[{"damage":0,"enemies":"Cultist","floor":1,"turns":1},{"damage":0,"enemies":"Jaw Worm","floor":2,"turns":1},{"damage":0,"enemies":"2 Louse","floor":3,"turns":1},{"damage":29,"enemies":"Gremlin Nob","floor":6,"turns":5},{"damage":6,"enemies":"3 Sentries","floor":10,"turns":8},{"damage":6,"enemies":"Large Slime","floor":13,"turns":6},{"damage":14,"enemies":"3 Sentries","floor":14,"turns":7},{"damage":8,"enemies":"Slime Boss","floor":16,"turns":11},{"damage":12,"enemies":"Shell Parasite","floor":18,"turns":6},{"damage":13,"enemies":"2 Thieves","floor":20,"turns":4},{"damage":43,"enemies":"Book of Stabbing","floor":23,"turns":6}],"seed_played":"1230403379869409162","potions_obtained":[{"floor":2,"key":"FearPotion"},{"floor":6,"key":"Regen Potion"},{"floor":13,"key":"GhostInAJar"},{"floor":20,"key":"AttackPotion"}],"is_trial":false,"path_per_floor":["M","?","?","?","?","$","?"],"character_chosen":"THE_SILENT","items_purchased":["Footwork","Backflip","Energy Potion","Noxious Fumes","Crippling Poison","Noxious Fumes"],"campfire_rested":2,"item_purchase_floors":[4,4,4,19,19,21],"current_hp_per_floor":[63,63,63,63,45,16,16,37,37,46,46,46,40,26,62,54,66,54,54,41,41,41,0],"gold":55,"neow_bonus":"THREE_ENEMY_KILL","is_prod":false,"is_daily":false,"chose_seed":false,"campfire_upgraded":1,"win_rate":0,"timestamp":1555708928,"path_taken":["M","M","?","$","?","E","?","R","T","?","R","?","M","E","R","BOSS","M","$","M","?","?","E"],"build_version":"2019-01-23","purchased_purges":1,"victory":false,"max_hp_per_floor":[70,70,70,70,70,70,70,70,70,70,70,70,70,70,70,70,70,70,70,70,70,70,70],"card_choices":[{"not_picked":["Sucker Punch","Reflex"],"picked":"Poisoned Stab","floor":1},{"not_picked":["Expertise","Catalyst"],"picked":"Poisoned Stab","floor":2},{"not_picked":["Masterful Stab","Slice"],"picked":"Well Laid Plans","floor":3},{"not_picked":["Flying Knee","Slice"],"picked":"Sucker Punch","floor":6},{"not_picked":["Sucker Punch","Bouncing Flask"],"picked":"PiercingWail","floor":10},{"not_picked":["Slice","Acrobatics","Poisoned Stab"],"picked":"SKIP","floor":13},{"not_picked":["Choke","Slice"],"picked":"Dagger Spray","floor":14},{"not_picked":["Doppelganger","Bullet Time"],"picked":"Night Terror","floor":16},{"not_picked":["Dagger Spray","Accuracy"],"picked":"Backflip","floor":17},{"not_picked":["All Out Attack","Setup"],"picked":"Deadly Poison","floor":17},{"not_picked":["Bane","Infinite Blades"],"picked":"Caltrops","floor":17},{"not_picked":["Terror","Outmaneuver"],"picked":"Cloak And Dagger+1","floor":18},{"not_picked":["Tools of the Trade","Concentrate+1"],"picked":"Deadly Poison+1","floor":20}],"player_experience":657741,"relics_obtained":[{"floor":6,"key":"Smiling Mask"},{"floor":9,"key":"Regal Pillow"},{"floor":10,"key":"Mummified Hand"},{"floor":14,"key":"Whetstone"}],"event_choices":[{"damage_healed":0,"gold_gain":0,"player_choice":"Success","damage_taken":18,"relics_obtained":["Mercury Hourglass"],"max_hp_gain":0,"max_hp_loss":0,"event_name":"Scrap Ooze","floor":5,"gold_loss":0},{"damage_healed":0,"gold_gain":0,"player_choice":"Ignored","damage_taken":0,"max_hp_gain":0,"max_hp_loss":0,"event_name":"Golden Wing","floor":7,"gold_loss":0},{"damage_healed":0,"gold_gain":0,"player_choice":"Searched \u00272\u0027 times","damage_taken":0,"max_hp_gain":0,"max_hp_loss":0,"event_name":"Dead Adventurer","floor":10,"gold_loss":0},{"damage_healed":0,"gold_gain":0,"player_choice":"Trade","damage_taken":0,"relics_obtained":["SsserpentHead"],"max_hp_gain":0,"max_hp_loss":0,"event_name":"FaceTrader","floor":12,"gold_loss":0},{"damage_healed":0,"gold_gain":0,"player_choice":"0 cards matched","damage_taken":0,"max_hp_gain":0,"max_hp_loss":0,"event_name":"Match and Keep!","floor":22,"gold_loss":0,"cards_obtained":[]}],"is_beta":false,"boss_relics":[{"not_picked":["Lizard Tail","Tiny House"],"picked":"Orrery"}],"items_purged_floors":[19],"is_endless":false,"potions_floor_spawned":[2,6,13,14,20],"killed_by":"Book of Stabbing","ascension_level":13}