{"gold_per_floor":[115,72,72,151,170,170,203,203,203,218,249,249,276,294,294,294],"floor_reached":16,"playtime":326,"items_purged":[],"score":336,"play_id":"ce7aae61-e916-4dde-ba97-3bc690620f57","local_time":"20190423015819","is_ascension_mode":true,"campfire_choices":[{"data":"Sunder","floor":6,"key":"SMITH"},{"data":"Zap","floor":8,"key":"SMITH"},{"data":"Defragment","floor":15,"key":"SMITH"}],"neow_cost":"NONE","seed_source_timestamp":33445358597666,"circlet_count":0,"master_deck":["AscendersBane","Strike_B","Strike_B","Strike_B","Strike_B","Defend_B","Defend_B","Defend_B","Defend_B","Zap+1","Dualcast","Leap","Sunder+1","Chill","BootSequence","Defragment+1","Genetic Algorithm","Cold Snap"],"relics":["Cracked Core","NeowsBlessing","Du-Vu Doll","Centennial Puzzle","Torii","Dodecahedron","The Courier","Bronze Scales"],"potions_floor_usage":[13,13],"damage_taken":[{"damage":0,"enemies":"Small Slimes","floor":1,"turns":1},{"damage":0,"enemies":"Jaw Worm","floor":5,"turns":1},{"damage":0,"enemies":"Lagavulin","floor":7,"turns":1},{"damage":0,"enemies":"2 Louse","floor":10,"turns":3},{"damage":30,"enemies":"Gremlin Nob","floor":11,"turns":4},{"damage":0,"enemies":"Lagavulin","floor":13,"turns":5},{"damage":1,"enemies":"Looter","floor":14,"turns":3},{"damage":19,"enemies":"Hexaghost","floor":16,"turns":9}],"seed_played":"-7268852063971135141","potions_obtained":[{"floor":5,"key":"SpeedPotion"},{"floor":11,"key":"Poison Potion"}],"is_trial":false,"path_per_floor":["M","$","?","?","M","R","E","R","T","M","E","T","E","M","R","B"],"character_chosen":"DEFECT","items_purchased":["Sunder"],"campfire_rested":0,"item_purchase_floors":[2],"current_hp_per_floor":[64,64,46,46,46,46,46,46,46,46,16,16,16,15,15,0],"gold":294,"neow_bonus":"THREE_ENEMY_KILL","is_prod":false,"is_daily":false,"chose_seed":false,"campfire_upgraded":3,"win_rate":0,"timestamp":1555977499,"path_taken":["M","$","?","?","M","R","E","R","T","M","E","?","E","M","R","BOSS"],"build_version":"2019-04-21","purchased_purges":0,"victory":false,"max_hp_per_floor":[71,71,71,71,71,71,71,71,71,71,71,71,71,71,71,71],"card_choices":[{"not_picked":["Rebound","Streamline"],"picked":"Leap","floor":1},{"not_picked":["Gash","Hologram"],"picked":"Chill","floor":5},{"not_picked":["Tempest","Chaos"],"picked":"BootSequence","floor":7},{"not_picked":["Compile Driver","Steam"],"picked":"Defragment","floor":10},{"not_picked":["Amplify","Steam"],"picked":"Genetic Algorithm","floor":11},{"not_picked":["Redo","Beam Cell","Thunder Strike"],"picked":"SKIP","floor":13},{"not_picked":["Barrage","Blizzard"],"picked":"Cold Snap","floor":14}],"player_experience":1196652,"relics_obtained":[{"floor":7,"key":"Centennial Puzzle"},{"floor":9,"key":"Torii"},{"floor":11,"key":"Dodecahedron"},{"floor":12,"key":"The Courier"},{"floor":13,"key":"Bronze Scales"}],"event_choices":[{"damage_healed":0,"gold_gain":0,"player_choice":"Success","damage_taken":18,"relics_obtained":["Du-Vu Doll"],"max_hp_gain":0,"max_hp_loss":0,"event_name":"Scrap Ooze","floor":3,"gold_loss":0},{"damage_healed":0,"gold_gain":79,"player_choice":"Gained Gold","damage_taken":0,"max_hp_gain":0,"max_hp_loss":0,"event_name":"Golden Wing","floor":4,"gold_loss":0}],"is_beta":true,"boss_relics":[],"items_purged_floors":[],"is_endless":false,"potions_floor_spawned":[5,11],"killed_by":"Hexaghost","ascension_level":20}