{"gold_per_floor":[111,130,130,144,157,157,168,181,181,193,211,211,223,240,240,337,337,349,349,349,359,36,36,50,50,50,50,0,0],"floor_reached":29,"playtime":1185,"items_purged":[],"score":257,"play_id":"0577e630-d327-40ae-b9e0-b3dca39fbba9","local_time":"20181027122433","is_ascension_mode":true,"campfire_choices":[{"data":"Searing Blow","floor":12,"key":"SMITH"},{"data":"Searing Blow+1","floor":15,"key":"SMITH"},{"data":"Searing Blow+2","floor":23,"key":"SMITH"},{"data":"RitualDagger","floor":25,"key":"SMITH"},{"data":"Barricade","floor":27,"key":"SMITH"}],"neow_cost":"NONE","seed_source_timestamp":5903557146500,"circlet_count":0,"master_deck":["Defend_R","Defend_R","Defend_R","Defend_R","Bash","Flame Barrier","Metallicize","Armaments+1","Flex","Flame Barrier","Cleave","Rampage","Searing Blow+3","Heavy Blade","Barricade+1","Bite","Bite","Bite","Bite","Bite","RitualDagger+1","Infernal Blade+1","Body Slam","Writhe"],"relics":["Burning Blood","The Courier","Cursed Key","Oddly Smooth Stone","Bag of Preparation","Tiny Chest","Lantern"],"potions_floor_usage":[11,16,16,24,29,29],"damage_taken":[{"damage":6,"enemies":"Cultist","floor":1,"turns":3},{"damage":0,"enemies":"Small Slimes","floor":2,"turns":4},{"damage":0,"enemies":"2 Louse","floor":4,"turns":4},{"damage":0,"enemies":"Blue Slaver","floor":5,"turns":7},{"damage":10,"enemies":"Red Slaver","floor":7,"turns":7},{"damage":0,"enemies":"3 Louse","floor":8,"turns":2},{"damage":16,"enemies":"Exordium Wildlife","floor":10,"turns":6},{"damage":11,"enemies":"Lots of Slimes","floor":11,"turns":4},{"damage":5,"enemies":"3 Louse","floor":13,"turns":5},{"damage":0,"enemies":"Exordium Wildlife","floor":14,"turns":4},{"damage":43,"enemies":"The Guardian","floor":16,"turns":14},{"damage":9,"enemies":"Spheric Guardian","floor":18,"turns":7},{"damage":10,"enemies":"Shell Parasite","floor":21,"turns":7},{"damage":7,"enemies":"Chosen and Byrds","floor":24,"turns":4},{"damage":84,"enemies":"Slavers","floor":29,"turns":6}],"seed_played":"5525672926348993619","potions_obtained":[{"floor":0,"key":"Fire Potion"},{"floor":0,"key":"Poison Potion"},{"floor":0,"key":"BloodPotion"},{"floor":2,"key":"Regen Potion"},{"floor":8,"key":"AttackPotion"},{"floor":10,"key":"Dexterity Potion"},{"floor":13,"key":"Strength Potion"},{"floor":16,"key":"Swift Potion"},{"floor":24,"key":"BloodPotion"}],"is_trial":false,"path_per_floor":["M","M","?","M","M","?","M","M","T","M","M","R","M","M","R","B",null,"M","?","?","M","$","R","M","R","T","R","?"],"character_chosen":"IRONCLAD","items_purchased":["Oddly Smooth Stone","Bag of Preparation","Tiny Chest"],"campfire_rested":0,"item_purchase_floors":[22,22,22],"current_hp_per_floor":[80,80,80,80,80,80,76,80,80,70,65,65,66,72,72,35,80,77,56,50,56,56,56,56,56,56,56,56,0],"gold":0,"neow_bonus":"THREE_SMALL_POTIONS","is_prod":false,"is_daily":false,"chose_seed":false,"campfire_upgraded":5,"win_rate":0,"timestamp":1540657473,"path_taken":["M","M","?","M","M","?","?","M","T","M","M","R","M","M","R","BOSS","M","?","?","M","$","R","?","R","T","R","?","E"],"build_version":"2018-10-25v2","purchased_purges":0,"victory":false,"max_hp_per_floor":[80,80,80,80,80,80,80,80,80,80,80,80,80,80,80,80,80,80,56,56,56,56,56,56,56,56,56,56,56],"card_choices":[{"not_picked":["Carnage","Fire Breathing"],"picked":"Flame Barrier","floor":1},{"not_picked":["Havoc","Flex"],"picked":"Metallicize","floor":2},{"not_picked":["Feel No Pain","Warcry"],"picked":"Flex","floor":4},{"not_picked":["Twin Strike","Havoc"],"picked":"Flame Barrier","floor":5},{"not_picked":["True Grit","Clothesline"],"picked":"Cleave","floor":7},{"not_picked":["True Grit","Power Through"],"picked":"Rampage","floor":8},{"not_picked":["Headbutt","Clothesline"],"picked":"Searing Blow","floor":10},{"not_picked":["Carnage","Sword Boomerang","Flex"],"picked":"SKIP","floor":11},{"not_picked":["Feel No Pain","Pummel"],"picked":"Heavy Blade","floor":13},{"not_picked":["Wild Strike","Corruption","Twin Strike"],"picked":"SKIP","floor":14},{"not_picked":["Berserk","Juggernaut"],"picked":"Barricade","floor":16},{"not_picked":["Pummel","Anger","Evolve"],"picked":"SKIP","floor":18},{"not_picked":["Sword Boomerang","Sentinel"],"picked":"Infernal Blade+1","floor":21},{"not_picked":["True Grit","Perfected Strike+1"],"picked":"Body Slam","floor":24}],"player_experience":252890,"relics_obtained":[{"floor":9,"key":"The Courier"},{"floor":26,"key":"Lantern"}],"event_choices":[{"damage_healed":0,"gold_gain":0,"cards_transformed":["Strike_R"],"player_choice":"Transformed","damage_taken":0,"max_hp_gain":0,"max_hp_loss":0,"event_name":"Transmorgrifier","floor":3,"gold_loss":0,"cards_obtained":["Armaments"]},{"damage_healed":0,"gold_gain":0,"player_choice":"Upgraded","damage_taken":0,"max_hp_gain":0,"max_hp_loss":0,"event_name":"Upgrade Shrine","floor":6,"gold_loss":0,"cards_upgraded":["Armaments"]},{"damage_healed":0,"gold_gain":0,"player_choice":"Became a vampire","damage_taken":0,"max_hp_gain":0,"max_hp_loss":24,"event_name":"Vampires","floor":19,"gold_loss":0,"cards_obtained":["Bite","Bite","Bite","Bite","Bite"]},{"damage_healed":0,"gold_gain":0,"player_choice":"Joined the Cult","damage_taken":6,"max_hp_gain":0,"max_hp_loss":0,"event_name":"Nest","floor":20,"gold_loss":0,"cards_obtained":["RitualDagger"]},{"damage_healed":0,"gold_gain":0,"player_choice":"Paid Fearfully","damage_taken":0,"max_hp_gain":0,"max_hp_loss":0,"event_name":"Masked Bandits","floor":28,"gold_loss":50}],"is_beta":true,"boss_relics":[{"not_picked":["Runic Dome","Fusion Hammer"],"picked":"Cursed Key"}],"items_purged_floors":[],"is_endless":false,"potions_floor_spawned":[2,8,10,13,14,16,24],"killed_by":"Slavers","ascension_level":1}