{"gold_per_floor":[112,129,129,129,35,67,67,86,86,105,105,124,124],"floor_reached":13,"playtime":673,"items_purged":[],"score":170,"play_id":"73a30540-3741-45df-9556-bf7035cb9a00","local_time":"20190423212801","is_ascension_mode":true,"campfire_choices":[{"data":"Dash","floor":7,"key":"SMITH"},{"floor":11,"key":"REST"}],"neow_cost":"NONE","seed_source_timestamp":467490894220902,"circlet_count":0,"master_deck":["AscendersBane","Defend_G","Defend_G","Defend_G","Defend_G","Defend_G","Strike_G","Strike_G+1","Strike_G","Strike_G","Strike_G","Survivor","Neutralize+1","PiercingWail","Dash+1","Burst","Dagger Throw","Catalyst+1","Bouncing Flask+1"],"relics":["Ring of the Snake","Kunai","Potion Belt","Toxic Egg 2"],"potions_floor_usage":[6,12,13],"damage_taken":[{"damage":14,"enemies":"Jaw Worm","floor":1,"turns":10},{"damage":1,"enemies":"Cultist","floor":2,"turns":4},{"damage":12,"enemies":"Lagavulin","floor":6,"turns":9},{"damage":0,"enemies":"2 Louse","floor":8,"turns":3},{"damage":0,"enemies":"Exordium Wildlife","floor":10,"turns":4},{"damage":16,"enemies":"Large Slime","floor":12,"turns":8},{"damage":49,"enemies":"Gremlin Nob","floor":13,"turns":4}],"seed_played":"-2071681842930603669","potions_obtained":[{"floor":6,"key":"Energy Potion"},{"floor":10,"key":"Energy Potion"}],"is_trial":false,"path_per_floor":["?","T"],"character_chosen":"THE_SILENT","items_purchased":["Dash","Strength Potion"],"campfire_rested":1,"item_purchase_floors":[5,5],"current_hp_per_floor":[51,50,28,28,28,16,16,16,16,16,37,21,0],"gold":124,"neow_bonus":"TEN_PERCENT_HP_BONUS","is_prod":false,"is_daily":false,"chose_seed":false,"campfire_upgraded":1,"win_rate":0,"timestamp":1556044081,"path_taken":["M","M","?","?","$","E","R","M","T","M","R","M","E"],"build_version":"2019-01-23","purchased_purges":0,"victory":false,"max_hp_per_floor":[72,72,72,72,72,72,72,72,72,72,72,72,72],"card_choices":[{"not_picked":["Underhanded Strike","Reflex"],"picked":"PiercingWail","floor":1},{"not_picked":["Acrobatics","Reflex","Accuracy"],"picked":"SKIP","floor":2},{"not_picked":["PiercingWail","Concentrate"],"picked":"Burst","floor":6},{"not_picked":["Masterful Stab","Flechettes"],"picked":"Dagger Throw","floor":8},{"not_picked":["All Out Attack","Finisher"],"picked":"Catalyst+1","floor":10},{"not_picked":["Sucker Punch","Acrobatics+1"],"picked":"Bouncing Flask+1","floor":12}],"player_experience":1839125,"relics_obtained":[{"floor":4,"key":"Kunai"},{"floor":6,"key":"Potion Belt"},{"floor":9,"key":"Toxic Egg 2"}],"event_choices":[{"damage_healed":0,"gold_gain":0,"player_choice":"Entered Light","damage_taken":22,"max_hp_gain":0,"max_hp_loss":0,"event_name":"Shining Light","floor":3,"gold_loss":0,"cards_upgraded":["Neutralize","Strike_G"]}],"is_beta":false,"boss_relics":[],"items_purged_floors":[],"is_endless":false,"potions_floor_spawned":[6,10],"killed_by":"Gremlin Nob","ascension_level":20}