{"gold_per_floor":[112,123,48,48,64,64,79,79,124,143,178,453,467,306,306,306],"floor_reached":16,"playtime":1322,"items_purged":["Regret"],"score":204,"play_id":"25097ec4-e8b7-4f5c-b178-597f08c017a6","local_time":"20190422132952","is_ascension_mode":true,"campfire_choices":[{"data":"Neutralize","floor":6,"key":"SMITH"},{"data":"Poisoned Stab","floor":8,"key":"SMITH"},{"data":"Skewer","floor":15,"key":"SMITH"}],"neow_cost":"NONE","seed_source_timestamp":351749605435676,"circlet_count":0,"master_deck":["AscendersBane","Defend_G","Defend_G","Defend_G","Defend_G","Defend_G","Strike_G","Strike_G","Strike_G","Strike_G","Survivor","Neutralize+1","Poisoned Stab","Poisoned Stab+1","Dodge and Roll","Bullet Time","Dagger Spray","Skewer+1"],"relics":["Ring of the Snake","Potion Belt","Oddly Smooth Stone","Juzu Bracelet"],"potions_floor_usage":[16,16,16,16],"damage_taken":[{"damage":0,"enemies":"Small Slimes","floor":1,"turns":6},{"damage":0,"enemies":"2 Louse","floor":2,"turns":2},{"damage":0,"enemies":"Cultist","floor":5,"turns":3},{"damage":4,"enemies":"Gremlin Gang","floor":7,"turns":7},{"damage":3,"enemies":"Red Slaver","floor":10,"turns":3},{"damage":32,"enemies":"3 Sentries","floor":11,"turns":14},{"damage":7,"enemies":"Looter","floor":13,"turns":3},{"damage":21,"enemies":"Slime Boss","floor":16,"turns":7}],"seed_played":"-8515108071294848420","potions_obtained":[{"floor":5,"key":"Dexterity Potion"},{"floor":7,"key":"Swift Potion"},{"floor":10,"key":"GhostInAJar"},{"floor":11,"key":"Strength Potion"}],"is_trial":false,"path_per_floor":["?","?","?"],"character_chosen":"THE_SILENT","items_purchased":["Skewer"],"campfire_rested":0,"item_purchase_floors":[14],"current_hp_per_floor":[59,59,59,66,66,66,62,62,62,59,27,27,20,20,20,0],"gold":306,"neow_bonus":"RANDOM_COMMON_RELIC","is_prod":false,"is_daily":false,"chose_seed":false,"campfire_upgraded":3,"win_rate":0,"timestamp":1555928992,"path_taken":["M","M","?","?","M","R","M","R","T","M","E","?","M","$","R","BOSS"],"build_version":"2019-01-23","purchased_purges":1,"victory":false,"max_hp_per_floor":[66,66,66,66,66,66,66,66,66,66,66,66,66,66,66,66],"card_choices":[{"not_picked":["Terror","Deadly Poison"],"picked":"Poisoned Stab","floor":1},{"not_picked":["Outmaneuver","Quick Slash"],"picked":"Poisoned Stab","floor":2},{"not_picked":["Underhanded Strike","Flying Knee","Envenom"],"picked":"SKIP","floor":5},{"not_picked":["Underhanded Strike","Flying Knee","Envenom"],"picked":"SKIP","floor":5},{"not_picked":["Flechettes","Blade Dance"],"picked":"Dodge and Roll","floor":7},{"not_picked":["All Out Attack","Heel Hook","Slice"],"picked":"SKIP","floor":10},{"not_picked":["Reflex","Quick Slash"],"picked":"Bullet Time","floor":11},{"not_picked":["Flying Knee","Terror"],"picked":"Dagger Spray","floor":13}],"player_experience":1798002,"relics_obtained":[{"floor":9,"key":"Oddly Smooth Stone"},{"floor":11,"key":"Juzu Bracelet"}],"event_choices":[{"cards_removed":["Strike_G"],"damage_healed":0,"gold_gain":0,"player_choice":"Card Removal","damage_taken":0,"max_hp_gain":0,"max_hp_loss":0,"event_name":"The Cleric","floor":3,"gold_loss":75},{"damage_healed":7,"gold_gain":0,"player_choice":"Full Heal","damage_taken":0,"max_hp_gain":0,"max_hp_loss":0,"event_name":"Wheel of Change","floor":4,"gold_loss":0},{"damage_healed":0,"gold_gain":275,"player_choice":"Desecrate","damage_taken":0,"max_hp_gain":0,"max_hp_loss":0,"event_name":"Golden Shrine","floor":12,"gold_loss":0,"cards_obtained":["Regret"]}],"is_beta":false,"boss_relics":[],"items_purged_floors":[14],"is_endless":false,"potions_floor_spawned":[5,7,10,11],"killed_by":"Slime Boss","ascension_level":20}