{"gold_per_floor":[113,113,124,141,153,153,181,192,192,146,146,162,162,190,190,295,295,306,326,326],"floor_reached":20,"playtime":1400,"items_purged":[],"score":223,"play_id":"92c5b2bc-7a43-41dd-9a7a-3e96fb01d9af","local_time":"20190203010530","is_ascension_mode":true,"campfire_choices":[{"data":"Armaments","floor":6,"key":"SMITH"},{"data":"Limit Break","floor":13,"key":"SMITH"},{"floor":15,"key":"REST"}],"neow_cost":"NONE","seed_source_timestamp":21227924928300,"circlet_count":0,"master_deck":["Bash","Havoc","Heavy Blade","Armaments+1","Limit Break+1","Body Slam","Metallicize","Flex","Shrug It Off","Rampage","Barricade","Carnage","True Grit","Fire Breathing","Twin Strike","Sword Boomerang","Hemokinesis","Sever Soul","Shrug It Off","Berserk","Corruption"],"relics":["Burning Blood","Orichalcum","Du-Vu Doll","Pear","WingedGreaves","Pandora\u0027s Box"],"potions_floor_usage":[8,14,16,19],"damage_taken":[{"damage":3,"enemies":"2 Louse","floor":1,"turns":4},{"damage":0,"enemies":"Cultist","floor":3,"turns":3},{"damage":2,"enemies":"Jaw Worm","floor":4,"turns":3},{"damage":8,"enemies":"Exordium Thugs","floor":5,"turns":6},{"damage":54,"enemies":"Lagavulin","floor":7,"turns":10},{"damage":14,"enemies":"Large Slime","floor":8,"turns":6},{"damage":8,"enemies":"Blue Slaver","floor":12,"turns":6},{"damage":2,"enemies":"3 Sentries","floor":14,"turns":10},{"damage":61,"enemies":"The Guardian","floor":16,"turns":11},{"damage":33,"enemies":"Shell Parasite","floor":18,"turns":8},{"damage":51,"enemies":"3 Byrds","floor":19,"turns":5},{"damage":19,"enemies":"Snecko","floor":20,"turns":4}],"seed_played":"-1327091456580333700","potions_obtained":[{"floor":1,"key":"SpeedPotion"},{"floor":7,"key":"Fire Potion"},{"floor":8,"key":"Dexterity Potion"},{"floor":12,"key":"Regen Potion"},{"floor":18,"key":"PowerPotion"},{"floor":19,"key":"Dexterity Potion"}],"is_trial":false,"path_per_floor":["M","?","M","M","M","R","E","M","T","$","?","M","R","E","R","B",null,"M","M","M"],"character_chosen":"IRONCLAD","items_purchased":["Flex"],"campfire_rested":1,"item_purchase_floors":[10],"current_hp_per_floor":[80,80,80,80,78,78,30,22,32,32,32,30,30,34,61,20,90,63,18,0],"gold":326,"neow_bonus":"RANDOM_COMMON_RELIC","is_prod":false,"is_daily":false,"chose_seed":false,"campfire_upgraded":2,"win_rate":0,"timestamp":1549173930,"path_taken":["M","?","M","M","M","R","E","?","T","$","?","?","R","E","R","BOSS","M","M","M"],"build_version":"2019-01-23","purchased_purges":0,"victory":false,"max_hp_per_floor":[80,80,80,80,80,80,80,80,90,90,90,90,90,90,90,90,90,90,90,90],"card_choices":[{"not_picked":["Rage","Sentinel"],"picked":"Havoc","floor":1},{"not_picked":["Twin Strike","Bloodletting"],"picked":"Heavy Blade","floor":3},{"not_picked":["Wild Strike","Cleave"],"picked":"Armaments","floor":4},{"not_picked":["Iron Wave","Thunderclap"],"picked":"Limit Break","floor":5},{"not_picked":["Anger","Berserk"],"picked":"Body Slam","floor":7},{"not_picked":["Sentinel","Clash"],"picked":"Metallicize","floor":8},{"not_picked":["Heavy Blade","Seeing Red"],"picked":"Shrug It Off","floor":12},{"not_picked":["Flex","Iron Wave"],"picked":"Rampage","floor":14},{"not_picked":["Berserk","Brutality"],"picked":"Barricade","floor":16},{"not_picked":["Warcry","Shockwave+1","Twin Strike"],"picked":"SKIP","floor":18},{"not_picked":["Shrug It Off","Thunderclap"],"picked":"Corruption","floor":19}],"player_experience":361622,"relics_obtained":[{"floor":7,"key":"Du-Vu Doll"},{"floor":9,"key":"Pear"},{"floor":14,"key":"WingedGreaves"}],"event_choices":[{"damage_healed":0,"gold_gain":0,"player_choice":"Bought 0 Potions","damage_taken":0,"max_hp_gain":0,"max_hp_loss":0,"event_name":"The Woman in Blue","floor":2,"gold_loss":0},{"damage_healed":0,"gold_gain":0,"player_choice":"Ignored","damage_taken":0,"max_hp_gain":0,"max_hp_loss":0,"event_name":"Purifier","floor":11,"gold_loss":0}],"is_beta":false,"boss_relics":[{"not_picked":["Eternal Feather","Snecko Eye"],"picked":"Pandora\u0027s Box"}],"items_purged_floors":[],"is_endless":false,"potions_floor_spawned":[1,7,8,12,18,19],"killed_by":"Snecko","ascension_level":4}