{"path_per_floor":["M","M","?","?","M","R","E","M","T","$","R","M","R","?","R","B",null,"M","?","M","M","M","R","$","?","T","?","M","?","R","E","R","B",null,"M","M","?","?","?","R","T","R","T","M"],"character_chosen":"IRONCLAD","items_purchased":["Bronze Scales","Flame Barrier"],"gold_per_floor":[111,124,124,74,85,85,119,138,163,13,13,24,24,99,99,199,199,214,214,225,239,253,253,104,104,130,130,145,145,145,174,174,279,279,296,315,315,315,315,315,390,390,414,433],"floor_reached":45,"campfire_rested":3,"playtime":2468,"current_hp_per_floor":[80,77,77,77,80,80,62,65,65,65,65,69,69,58,58,44,80,80,80,77,24,29,53,53,38,45,75,75,75,75,55,82,15,92,92,58,58,58,46,73,73,73,73,64],"items_purged":["Dark Embrace"],"gold":433,"score":381,"play_id":"93652414-5c89-42ed-a72e-e6e0e2fd7517","is_prod":false,"is_daily":false,"is_ascension_mode":false,"campfire_upgraded":6,"path_taken":["M","M","?","?","?","R","E","M","T","$","R","M","R","?","R","BOSS","M","?","M","M","M","R","$","?","T","?","?","?","R","E","R","BOSS","M","M","?","?","?","R","?","R","T","M","M"],"build_version":"2018-02-12-PROD1","purchased_purges":1,"victory":false,"master_deck":["Strike_R+1","Defend_R+1","Defend_R+1","Defend_R+1","Defend_R+1","Bash+1","Inflame","Metallicize","Searing Blow+7","Metallicize","Body Slam","Impervious","Fiend Fire+1","Dark Embrace+1","Flame Barrier+1","Injury","Armaments+1","Double Tap+1","Body Slam+1","Madness","Madness"],"max_hp_per_floor":[80,80,80,80,80,80,80,80,80,80,80,80,80,80,80,80,80,80,80,80,80,80,80,80,85,92,92,92,92,92,92,92,92,92,92,92,92,92,92,92,92,92,92,92],"relics":["Black Blood","Bag of Preparation","Anchor","Bronze Scales","Astrolabe","Strawberry","Blood Vial","Darkstone Periapt","War Paint"],"card_choices":[{"not_picked":["Shockwave","Sword Boomerang"],"picked":"Inflame"},{"not_picked":["True Grit","Thunderclap"],"picked":"Metallicize"},{"not_picked":["Bloodletting","Flex"],"picked":"Searing Blow"},{"not_picked":["Second Wind","Reaper"],"picked":"Metallicize"},{"not_picked":["Flame Barrier","Warcry"],"picked":"Body Slam"},{"not_picked":["Exhume","Berserk"],"picked":"Impervious"},{"not_picked":["Blood for Blood","Sentinel"],"picked":"Armaments"},{"not_picked":["Dark Embrace","Bludgeon"],"picked":"Double Tap"},{"not_picked":["Corruption","Rupture"],"picked":"Body Slam"}],"player_experience":81618,"potions_floor_usage":[16,16,16,28,33,33],"damage_taken":[{"damage":3,"enemies":"Small Slimes","floor":1,"turns":6},{"damage":9,"enemies":"Blue Slaver","floor":2,"turns":4},{"damage":2,"enemies":"2 Louse","floor":5,"turns":4},{"damage":24,"enemies":"Lagavulin","floor":7,"turns":9},{"damage":3,"enemies":"Exordium Wildlife","floor":8,"turns":4},{"damage":2,"enemies":"2 Fungi Beasts","floor":12,"turns":4},{"damage":20,"enemies":"The Guardian","floor":16,"turns":10},{"damage":5,"enemies":"Shell Parasite","floor":18,"turns":10},{"damage":9,"enemies":"3 Byrds","floor":20,"turns":4},{"damage":59,"enemies":"3 Cultists","floor":21,"turns":9},{"damage":1,"enemies":"Snecko","floor":22,"turns":3},{"damage":6,"enemies":"Snake Plant","floor":28,"turns":5},{"damage":26,"enemies":"Slavers","floor":31,"turns":8},{"damage":75,"enemies":"Collector","floor":33,"turns":18},{"damage":3,"enemies":"3 Shapes","floor":35,"turns":6},{"damage":44,"enemies":"3 Darklings","floor":36,"turns":24},{"damage":21,"enemies":"4 Shapes","floor":44,"turns":8},{"damage":66,"enemies":"Maw","floor":45,"turns":9}],"event_choices":[{"event_name":"Transmorgrifier","player_choice":"Transform","floor":3,"damage_taken":0},{"event_name":"The Cleric","player_choice":"Card Removal","floor":4,"damage_taken":0},{"event_name":"World of Goop","player_choice":"Gather Gold","floor":14,"damage_taken":0},{"event_name":"Back to Basics","player_choice":"Simplicity","floor":19,"damage_taken":0},{"event_name":"Forgotten Altar","player_choice":"Shed Blood","floor":25,"damage_taken":0},{"event_name":"The Library","player_choice":"Heal","floor":27,"damage_taken":0},{"event_name":"Accursed Blacksmith","player_choice":"Forge","floor":29,"damage_taken":0},{"event_name":"Mysterious Sphere","player_choice":"Ignore","floor":37,"damage_taken":0},{"event_name":"Tomb of Lord Red Mask","player_choice":"Ignored","floor":38,"damage_taken":0},{"event_name":"Winding Halls","player_choice":"Embrace Madness","floor":39,"damage_taken":0}],"boss_relics":[{"not_picked":["Velvet Choker","Runic Cube"],"picked":"Astrolabe"},{"not_picked":["Cursed Key","Orrery"],"picked":"Black Blood"}],"potions_floor_spawned":[1,2,8,21,28,31],"seed_played":"-5557798413840046950","killed_by":"Maw","ascension_level":0,"is_trial":false}