{"gold_per_floor":[109,126,137,149,149,149,176,176,199,199,13,33,62,73,73,178,178,178,91,91,13,13,13,13,13,13,13,13,13,13,13,13,13,13,13,13,13,13,13,13,13,13,13,13,13,13,13,13,13,13],"floor_reached":51,"playtime":6407,"items_purged":[],"score":898,"play_id":"ba9924cd-718a-4a8f-84ea-c160c7e2edc1","local_time":"20190322215434","is_ascension_mode":true,"campfire_choices":[{"data":"Neutralize","floor":6,"key":"SMITH"},{"data":"Well Laid Plans","floor":8,"key":"SMITH"},{"data":"All Out Attack","floor":10,"key":"SMITH"},{"floor":15,"key":"REST"},{"data":"A Thousand Cuts","floor":25,"key":"SMITH"},{"data":"After Image","floor":27,"key":"SMITH"},{"floor":32,"key":"REST"},{"data":"Cloak And Dagger","floor":40,"key":"SMITH"},{"data":"Footwork","floor":42,"key":"SMITH"},{"floor":49,"key":"REST"}],"neow_cost":"NONE","seed_source_timestamp":226060947587552,"circlet_count":0,"master_deck":["Defend_G","Defend_G","Defend_G","Defend_G","Defend_G","Strike_G","Strike_G+1","Strike_G","Strike_G","Strike_G","Survivor","Neutralize+1","Dagger Throw","Dagger Spray+1","All Out Attack+1","Deflect","Well Laid Plans+1","A Thousand Cuts+1","PiercingWail","Deflect","Dodge and Roll","After Image+1","Finisher","Sucker Punch","Endless Agony","Cloak And Dagger+1","Crippling Poison","RitualDagger","Infinite Blades","Accuracy","Deflect+1","Wraith Form v2","Blade Dance+1","Blur","PiercingWail+1","Footwork+1","Backflip+1","Noxious Fumes+1"],"relics":["Ring of the Snake","FaceOfCleric","Whetstone","Bag of Preparation","Blood Vial","Ectoplasm","Shuriken","Strawberry","Tiny Chest","Centennial Puzzle","WristBlade","Molten Egg 2"],"potions_floor_usage":[7,30,39,47,47,48,50],"damage_taken":[{"damage":0,"enemies":"Cultist","floor":1,"turns":4},{"damage":6,"enemies":"Small Slimes","floor":2,"turns":4},{"damage":0,"enemies":"Jaw Worm","floor":3,"turns":3},{"damage":1,"enemies":"Red Slaver","floor":4,"turns":4},{"damage":8,"enemies":"3 Sentries","floor":7,"turns":6},{"damage":7,"enemies":"Exordium Wildlife","floor":12,"turns":4},{"damage":22,"enemies":"Gremlin Nob","floor":13,"turns":4},{"damage":0,"enemies":"Gremlin Gang","floor":14,"turns":2},{"damage":21,"enemies":"The Guardian","floor":16,"turns":17},{"damage":12,"enemies":"Spheric Guardian","floor":18,"turns":4},{"damage":2,"enemies":"3 Byrds","floor":20,"turns":3},{"damage":12,"enemies":"Gremlin Leader","floor":23,"turns":6},{"damage":13,"enemies":"Centurion and Healer","floor":28,"turns":8},{"damage":11,"enemies":"Snecko","floor":30,"turns":5},{"damage":3,"enemies":"Snake Plant","floor":31,"turns":5},{"damage":22,"enemies":"Automaton","floor":33,"turns":8},{"damage":12,"enemies":"3 Shapes","floor":35,"turns":5},{"damage":5,"enemies":"Orb Walker","floor":38,"turns":3},{"damage":2,"enemies":"Sphere and 2 Shapes","floor":39,"turns":5},{"damage":1,"enemies":"4 Shapes","floor":41,"turns":6},{"damage":12,"enemies":"Spire Growth","floor":45,"turns":7},{"damage":7,"enemies":"Maw","floor":46,"turns":7},{"damage":31,"enemies":"Transient","floor":47,"turns":5},{"damage":0,"enemies":"4 Shapes","floor":48,"turns":4},{"damage":38,"enemies":"Donu and Deca","floor":50,"turns":9}],"seed_played":"313303998867366784","potions_obtained":[{"floor":3,"key":"SneckoOil"},{"floor":4,"key":"SteroidPotion"},{"floor":12,"key":"Swift Potion"},{"floor":23,"key":"Ancient Potion"},{"floor":33,"key":"GhostInAJar"},{"floor":38,"key":"PowerPotion"},{"floor":41,"key":"Swift Potion"},{"floor":46,"key":"GhostInAJar"},{"floor":47,"key":"Block Potion"}],"is_trial":false,"path_per_floor":["M","?","?","?","M","T","?","M","M","M"],"character_chosen":"THE_SILENT","items_purchased":["A Thousand Cuts","PiercingWail","Sucker Punch","Endless Agony","Crippling Poison"],"campfire_rested":3,"item_purchase_floors":[11,11,19,19,21],"current_hp_per_floor":[70,64,64,63,63,63,56,56,56,56,56,50,29,32,56,38,71,62,62,63,63,57,48,55,55,55,55,45,45,37,37,65,46,84,75,75,75,73,74,74,76,76,76,76,67,63,35,38,69,34],"gold":13,"neow_bonus":"TEN_PERCENT_HP_BONUS","is_prod":false,"is_daily":false,"chose_seed":false,"campfire_upgraded":7,"win_rate":0,"timestamp":1553291674,"path_taken":["M","M","M","?","?","R","E","R","T","R","$","M","E","M","R","BOSS","M","$","M","$","?","E","?","R","T","R","?","?","M","M","R","BOSS","M","$","?","?","M","R","M","R","T","$","?","?","M","M","R","BOSS"],"build_version":"2019-01-23","purchased_purges":0,"victory":true,"max_hp_per_floor":[77,77,77,77,77,77,78,78,78,78,78,79,80,81,81,82,82,83,83,84,84,84,85,92,92,92,92,93,93,94,95,95,96,96,97,97,97,98,99,99,100,100,100,100,101,102,103,104,104,105],"card_choices":[{"not_picked":["Underhanded Strike","Acrobatics"],"picked":"Dagger Throw","floor":1},{"not_picked":["PiercingWail","Bane"],"picked":"Dagger Spray","floor":2},{"not_picked":["Underhanded Strike","Flying Knee"],"picked":"All Out Attack","floor":3},{"not_picked":["Blade Dance","Dagger Throw"],"picked":"Deflect","floor":4},{"not_picked":["Dagger Throw","Accuracy"],"picked":"Well Laid Plans","floor":7},{"not_picked":["Prepared","Concentrate","Distraction"],"picked":"SKIP","floor":12},{"not_picked":["Storm of Steel","Underhanded Strike"],"picked":"Deflect","floor":13},{"not_picked":["Quick Slash","Prepared"],"picked":"Dodge and Roll","floor":14},{"not_picked":["Doppelganger","Glass Knife"],"picked":"After Image","floor":16},{"not_picked":["Well Laid Plans","Outmaneuver"],"picked":"Finisher","floor":18},{"not_picked":["Concentrate","Deflect+1"],"picked":"Cloak And Dagger","floor":20},{"not_picked":["Dagger Throw","Prepared"],"picked":"Infinite Blades","floor":23},{"not_picked":["Expertise","Bane"],"picked":"Accuracy","floor":28},{"not_picked":["Deflect","Outmaneuver","Flying Knee+1"],"picked":"SKIP","floor":30},{"not_picked":["Underhanded Strike","Sucker Punch"],"picked":"Deflect+1","floor":31},{"not_picked":["Adrenaline","Night Terror"],"picked":"Wraith Form v2","floor":33},{"not_picked":["Dagger Throw","Acrobatics"],"picked":"Blade Dance+1","floor":35},{"not_picked":["Dash+1","Poisoned Stab"],"picked":"Blur","floor":38},{"not_picked":["Infinite Blades+1","Dagger Spray"],"picked":"PiercingWail+1","floor":39},{"not_picked":["Finisher","Accuracy+1"],"picked":"Footwork","floor":41},{"not_picked":["Bouncing Flask","Acrobatics+1","Distraction+1"],"picked":"SKIP","floor":45},{"not_picked":["Glass Knife+1","Acrobatics+1"],"picked":"Backflip+1","floor":46},{"not_picked":["Riddle With Holes+1","Acrobatics"],"picked":"Noxious Fumes+1","floor":47},{"not_picked":["Masterful Stab+1","Flying Knee+1","Dagger Throw+1"],"picked":"SKIP","floor":48}],"player_experience":286481,"relics_obtained":[{"floor":7,"key":"Whetstone"},{"floor":9,"key":"Bag of Preparation"},{"floor":13,"key":"Blood Vial"},{"floor":23,"key":"Shuriken"},{"floor":26,"key":"Tiny Chest"},{"floor":29,"key":"Centennial Puzzle"},{"floor":43,"key":"Molten Egg 2"}],"event_choices":[{"damage_healed":0,"gold_gain":0,"player_choice":"Trade","damage_taken":0,"relics_obtained":["FaceOfCleric"],"max_hp_gain":0,"max_hp_loss":0,"event_name":"FaceTrader","floor":5,"gold_loss":0},{"damage_healed":0,"gold_gain":0,"player_choice":"Joined the Cult","damage_taken":6,"max_hp_gain":0,"max_hp_loss":0,"event_name":"Nest","floor":22,"gold_loss":0,"cards_obtained":["RitualDagger"]},{"damage_healed":0,"gold_gain":0,"player_choice":"Gave Potion","damage_taken":0,"relics_obtained":["Strawberry"],"max_hp_gain":0,"max_hp_loss":0,"event_name":"WeMeetAgain","floor":24,"gold_loss":0},{"damage_healed":0,"gold_gain":0,"player_choice":"Ignored","damage_taken":0,"max_hp_gain":0,"max_hp_loss":0,"event_name":"SecretPortal","floor":37,"gold_loss":0}],"is_beta":false,"boss_relics":[{"not_picked":["HoveringKite","Orrery"],"picked":"Ectoplasm"},{"not_picked":["Busted Crown","White Beast Statue"],"picked":"WristBlade"}],"items_purged_floors":[],"is_endless":false,"potions_floor_spawned":[3,4,12,23,33,38,41,46,47],"ascension_level":6}