{"gold_per_floor":[109,109,39,39,56,56,83,83,110,124,135,135,135,154,154,254,304,318,338,338,117,117,117,117,130,156,170,19,19],"floor_reached":29,"playtime":800,"items_purged":["Strike_B"],"score":335,"play_id":"5bd5b84b-96b7-4c30-b146-b32c7ebaa7e4","local_time":"20190403214836","is_ascension_mode":true,"campfire_choices":[{"data":"Sunder","floor":6,"key":"SMITH"},{"data":"Zap","floor":8,"key":"SMITH"},{"data":"Echo Form","floor":15,"key":"SMITH"},{"floor":23,"key":"REST"}],"neow_cost":"NONE","seed_source_timestamp":183753120956400,"circlet_count":0,"master_deck":["AscendersBane","Strike_B","Defend_B","Defend_B","Defend_B","Defend_B","Zap+1","Dualcast","Undo","Ball Lightning","Sunder+1","Steam","Ball Lightning+1","Coolheaded+1","Echo Form+1","Amplify","Conserve Battery","White Noise"],"relics":["Cracked Core","Gremlin Horn","Happy Flower","Tiny House","FaceOfCleric","DataDisk","Potion Belt","Regal Pillow"],"potions_floor_usage":[7,27],"damage_taken":[{"damage":0,"enemies":"Jaw Worm","floor":1,"turns":4},{"damage":6,"enemies":"Cultist","floor":5,"turns":3},{"damage":5,"enemies":"Gremlin Nob","floor":7,"turns":3},{"damage":2,"enemies":"Small Slimes","floor":10,"turns":2},{"damage":0,"enemies":"2 Fungi Beasts","floor":11,"turns":2},{"damage":5,"enemies":"Exordium Thugs","floor":14,"turns":4},{"damage":15,"enemies":"The Guardian","floor":16,"turns":9},{"damage":11,"enemies":"3 Byrds","floor":18,"turns":4},{"damage":18,"enemies":"Spheric Guardian","floor":19,"turns":4},{"damage":8,"enemies":"Centurion and Healer","floor":25,"turns":7},{"damage":26,"enemies":"Shelled Parasite and Fungi","floor":27,"turns":4},{"damage":33,"enemies":"3 Cultists","floor":29,"turns":4}],"seed_played":"8702075606465931042","potions_obtained":[{"floor":1,"key":"Energy Potion"},{"floor":10,"key":"Weak Potion"},{"floor":17,"key":"FocusPotion"},{"floor":27,"key":"Energy Potion"}],"is_trial":false,"path_per_floor":["M","?","$","$","M","R","E","R","T","M","M","?","?","M","R","B",null,"M","M","?","$","$","R","?","M","T","M","$","M"],"character_chosen":"DEFECT","items_purchased":["Sunder","DataDisk","Regal Pillow"],"campfire_rested":1,"item_purchase_floors":[3,21,28],"current_hp_per_floor":[68,68,68,68,62,62,57,57,57,55,55,55,55,50,50,35,70,59,41,41,41,41,65,65,58,58,33,33,0],"gold":19,"neow_bonus":"TRANSFORM_CARD","is_prod":false,"is_daily":false,"chose_seed":false,"campfire_upgraded":3,"win_rate":0,"timestamp":1554342516,"path_taken":["M","?","?","$","M","R","E","R","T","M","M","?","?","M","R","BOSS","M","?","?","?","$","R","?","M","T","M","?","?"],"build_version":"2019-01-23","purchased_purges":1,"victory":false,"max_hp_per_floor":[75,75,75,75,75,75,75,75,75,75,75,75,75,75,75,75,80,80,80,80,80,80,80,80,81,81,82,82,82],"card_choices":[{"not_picked":["Recycle","Cold Snap"],"picked":"Ball Lightning","floor":1},{"not_picked":["Turbo","Scrape"],"picked":"Steam","floor":5},{"not_picked":["Double Energy","Turbo"],"picked":"Ball Lightning","floor":7},{"not_picked":["Barrage","Sweeping Beam"],"picked":"Coolheaded","floor":10},{"not_picked":["Gash","Fusion","Storm"],"picked":"SKIP","floor":11},{"not_picked":["Stack","Barrage","Beam Cell"],"picked":"SKIP","floor":14},{"not_picked":["Hyperbeam","Multi-Cast"],"picked":"Amplify","floor":16},{"not_picked":["Hologram","Go for the Eyes"],"picked":"Conserve Battery","floor":17},{"not_picked":["Steam","Scrape"],"picked":"White Noise","floor":18},{"not_picked":["Rebound","Hologram","Barrage"],"picked":"SKIP","floor":19},{"not_picked":["Streamline","Turbo","Beam Cell"],"picked":"SKIP","floor":25},{"not_picked":["Stack+1","Leap+1","Coolheaded"],"picked":"SKIP","floor":27}],"player_experience":564161,"relics_obtained":[{"floor":7,"key":"Gremlin Horn"},{"floor":9,"key":"Happy Flower"},{"floor":26,"key":"Potion Belt"}],"event_choices":[{"cards_removed":["Strike_B"],"damage_healed":0,"gold_gain":0,"player_choice":"Purged","damage_taken":0,"max_hp_gain":0,"max_hp_loss":0,"event_name":"Purifier","floor":2,"gold_loss":0},{"damage_healed":0,"gold_gain":0,"player_choice":"Grow","damage_taken":0,"max_hp_gain":0,"max_hp_loss":0,"event_name":"Living Wall","floor":12,"gold_loss":0,"cards_upgraded":["Coolheaded"]},{"damage_healed":0,"gold_gain":0,"player_choice":"1 cards matched","damage_taken":0,"max_hp_gain":0,"max_hp_loss":0,"event_name":"Match and Keep!","floor":13,"gold_loss":0,"cards_obtained":["Echo Form"]},{"damage_healed":0,"gold_gain":0,"player_choice":"Trade","damage_taken":0,"relics_obtained":["FaceOfCleric"],"max_hp_gain":0,"max_hp_loss":0,"event_name":"FaceTrader","floor":20,"gold_loss":0},{"damage_healed":0,"gold_gain":0,"player_choice":"Ignored","damage_taken":0,"max_hp_gain":0,"max_hp_loss":0,"event_name":"Vampires","floor":24,"gold_loss":0}],"is_beta":false,"boss_relics":[{"not_picked":["FrozenCore","Eternal Feather"],"picked":"Tiny House"}],"items_purged_floors":[21],"is_endless":false,"potions_floor_spawned":[1,10,27],"killed_by":"3 Cultists","ascension_level":10}