{"gold_per_floor":[116,116,116,133,56,56,83,102,102,131,81,96,96,108,108,203,203,215,137,155,168,168],"floor_reached":22,"playtime":1001,"items_purged":["Regret"],"score":254,"play_id":"e525f873-d521-435b-aea7-d9ffe82a1e0e","local_time":"20190131020907","is_ascension_mode":true,"campfire_choices":[{"data":"Bouncing Flask","floor":6.0,"key":"SMITH"},{"floor":13.0,"key":"REST"},{"floor":15.0,"key":"REST"}],"neow_cost":"NONE","seed_source_timestamp":18955684630000,"circlet_count":0,"master_deck":["Defend_G","Defend_G","Defend_G","Defend_G","Defend_G","Strike_G","Strike_G","Strike_G","Strike_G","Strike_G","Survivor","Neutralize","Acrobatics","Bane","Bouncing Flask+1","Flying Knee","Calculated Gamble","Dagger Spray","Crippling Poison","Sucker Punch","A Thousand Cuts","Flechettes","Caltrops","Footwork","Poisoned Stab+1"],"special_seed":0,"relics":["Ring of the Snake","NeowsBlessing","Mummified Hand","Omamori","Question Card","Smiling Mask","Sozu"],"potions_floor_usage":[21],"damage_taken":[{"damage":0.0,"enemies":"Cultist","floor":1.0,"turns":1.0},{"damage":0.0,"enemies":"Small Slimes","floor":4.0,"turns":1.0},{"damage":0.0,"enemies":"Lagavulin","floor":7.0,"turns":1.0},{"damage":11.0,"enemies":"Jaw Worm","floor":8.0,"turns":3.0},{"damage":38.0,"enemies":"3 Sentries","floor":10.0,"turns":10.0},{"damage":19.0,"enemies":"Large Slime","floor":12.0,"turns":9.0},{"damage":8.0,"enemies":"Lots of Slimes","floor":14.0,"turns":2.0},{"damage":20.0,"enemies":"The Guardian","floor":16.0,"turns":11.0},{"damage":3,"enemies":"3 Byrds","floor":18,"turns":3},{"damage":16,"enemies":"Chosen","floor":20,"turns":5},{"damage":30,"enemies":"Shelled Parasite and Fungi","floor":21,"turns":6},{"damage":21,"enemies":"Sentry and Sphere","floor":22,"turns":3}],"seed_played":"1720077824096216413","potions_obtained":[{"floor":7.0,"key":"GamblersBrew"},{"floor":12.0,"key":"SpeedPotion"},{"floor":14.0,"key":"Ancient Potion"}],"is_trial":false,"path_per_floor":["M","?","?","M","$","R","E","M","T","E","$","M","R","M","R","B",null,"M","$","M","M","M"],"character_chosen":"THE_SILENT","items_purchased":["Bouncing Flask","Caltrops"],"campfire_rested":2,"item_purchase_floors":[5,19],"current_hp_per_floor":[70,70,70,70,70,70,70,59,59,21,21,2,23,15,36,16,70,67,67,51,21,0],"gold":168,"neow_bonus":"THREE_ENEMY_KILL","is_prod":false,"is_daily":false,"chose_seed":false,"campfire_upgraded":1,"win_rate":0,"timestamp":1548918547,"path_taken":["M","?","?","M","?","R","E","M","T","E","$","M","R","M","R","BOSS","M","$","M","M","M"],"build_version":"2019-01-23","purchased_purges":1,"victory":false,"max_hp_per_floor":[70,70,70,70,70,70,70,70,70,70,70,70,70,70,70,70,70,70,70,70,70,70],"card_choices":[{"not_picked":["Outmaneuver","Dodge and Roll"],"picked":"Acrobatics","floor":1.0},{"not_picked":["Deflect","Quick Slash"],"picked":"Bane","floor":4.0},{"not_picked":["Dagger Throw","Backflip"],"picked":"Flying Knee","floor":7.0},{"not_picked":["Cloak And Dagger","Slice"],"picked":"Calculated Gamble","floor":8.0},{"not_picked":["Leg Sweep","Bane","Malaise"],"picked":"Dagger Spray","floor":10.0},{"not_picked":["Prepared","Deadly Poison","Dagger Spray"],"picked":"Crippling Poison","floor":12.0},{"not_picked":["Blade Dance","Masterful Stab","Flying Knee"],"picked":"Sucker Punch","floor":14.0},{"not_picked":["Tools of the Trade","Phantasmal Killer","Unload"],"picked":"A Thousand Cuts","floor":16.0},{"not_picked":["Dash","Calculated Gamble+1","Finisher"],"picked":"Flechettes","floor":18},{"not_picked":["Backflip","Cloak And Dagger+1","Prepared"],"picked":"Footwork","floor":20},{"not_picked":["Underhanded Strike","Leg Sweep","Storm of Steel"],"picked":"Poisoned Stab+1","floor":21}],"player_experience":352673,"relics_obtained":[{"floor":7.0,"key":"Omamori"},{"floor":9.0,"key":"Question Card"},{"floor":10.0,"key":"Smiling Mask"}],"event_choices":[{"damage_healed":0.0,"max_hp_gain":0.0,"max_hp_loss":0.0,"gold_gain":0.0,"event_name":"Big Fish","player_choice":"Box","floor":2.0,"gold_loss":0.0,"damage_taken":0.0,"relics_obtained":["Mummified Hand"],"cards_obtained":["Regret"]},{"damage_healed":0.0,"max_hp_gain":0.0,"max_hp_loss":0.0,"gold_gain":0.0,"event_name":"Liars Game","player_choice":"Ignored","floor":3.0,"gold_loss":0.0,"damage_taken":0.0}],"is_beta":false,"boss_relics":[{"not_picked":["Eternal Feather","Philosopher\u0027s Stone"],"picked":"Sozu"}],"items_purged_floors":[11],"is_endless":false,"potions_floor_spawned":[7,12,14],"killed_by":"Sentry and Sphere","ascension_level":3}