{"gold_per_floor":[112,37,53,72,87,101,101,180,180,180,190,190,290,323,323,426,426,436,448,44,44],"floor_reached":21,"playtime":638,"items_purged":["Strike_R","Strike_R"],"score":181,"play_id":"83aca82b-8109-49a0-affe-676fe921e116","local_time":"20190208014606","is_ascension_mode":false,"campfire_choices":[{"data":"Rampage","floor":7,"key":"SMITH"},{"data":"Bash","floor":10,"key":"SMITH"},{"floor":12,"key":"REST"},{"floor":15,"key":"REST"}],"neow_cost":"NONE","seed_source_timestamp":57223547603200,"circlet_count":0,"master_deck":["Strike_R","Strike_R","Strike_R","Defend_R","Defend_R","Defend_R","Defend_R","Bash+1","Rampage+1"],"relics":["Burning Blood","Dream Catcher","Meat on the Bone","Ornamental Fan","Nunchaku","Velvet Choker","Unceasing Top"],"potions_floor_usage":[11,11,16],"damage_taken":[{"damage":13,"enemies":"Cultist","floor":1,"turns":5},{"damage":11,"enemies":"Jaw Worm","floor":3,"turns":2},{"damage":6,"enemies":"2 Louse","floor":4,"turns":3},{"damage":10,"enemies":"Looter","floor":5,"turns":3},{"damage":43,"enemies":"3 Louse","floor":6,"turns":6},{"damage":19,"enemies":"Exordium Thugs","floor":11,"turns":4},{"damage":27,"enemies":"Lagavulin","floor":14,"turns":6},{"damage":46,"enemies":"Hexaghost","floor":16,"turns":9},{"damage":12,"enemies":"3 Byrds","floor":18,"turns":7},{"damage":25,"enemies":"Shell Parasite","floor":19,"turns":5},{"damage":61,"enemies":"3 Cultists","floor":21,"turns":6}],"seed_played":"-3380972333643917128","potions_obtained":[{"floor":4,"key":"Ancient Potion"},{"floor":5,"key":"GamblersBrew"},{"floor":6,"key":"EssenceOfSteel"},{"floor":14,"key":"LiquidBronze"}],"is_trial":false,"path_per_floor":["M","$","M","M","M","M","R","T","T","R","M","R","?","E","R","B",null,"M","M","$","M"],"character_chosen":"IRONCLAD","items_purchased":["Unceasing Top"],"campfire_rested":2,"item_purchase_floors":[20],"current_hp_per_floor":[73,73,68,68,64,27,27,27,27,27,26,50,50,41,65,37,80,74,55,55,0],"gold":44,"neow_bonus":"RANDOM_COMMON_RELIC","is_prod":false,"is_daily":false,"chose_seed":false,"campfire_upgraded":2,"win_rate":0,"timestamp":1549608366,"path_taken":["M","?","M","M","M","M","R","?","T","R","?","R","?","E","R","BOSS","M","?","$","M"],"build_version":"2019-01-23","purchased_purges":2,"victory":false,"max_hp_per_floor":[80,80,80,80,80,80,80,80,80,80,80,80,80,80,80,80,80,80,80,80,80],"card_choices":[{"not_picked":["Twin Strike","Havoc","Flex"],"picked":"SKIP","floor":1},{"not_picked":["Sword Boomerang","Pommel Strike"],"picked":"Rampage","floor":3},{"not_picked":["Thunderclap","Armaments","Wild Strike"],"picked":"SKIP","floor":4},{"not_picked":["Heavy Blade","Fire Breathing","Havoc"],"picked":"SKIP","floor":5},{"not_picked":["Feed","Shrug It Off","Power Through"],"picked":"SKIP","floor":6},{"not_picked":["Flex","Clothesline","Headbutt"],"picked":"SKIP","floor":11},{"not_picked":["Headbutt","Wild Strike","Searing Blow"],"picked":"SKIP","floor":14},{"not_picked":["Headbutt","Shrug It Off","Flame Barrier"],"picked":"SKIP","floor":18},{"not_picked":["Pommel Strike","Anger","True Grit"],"picked":"SKIP","floor":19}],"player_experience":419815,"relics_obtained":[{"floor":8,"key":"Meat on the Bone"},{"floor":9,"key":"Ornamental Fan"},{"floor":14,"key":"Nunchaku"}],"event_choices":[{"damage_healed":0,"gold_gain":100,"player_choice":"Pray","damage_taken":0,"max_hp_gain":0,"max_hp_loss":0,"event_name":"Golden Shrine","floor":13,"gold_loss":0}],"is_beta":false,"boss_relics":[{"not_picked":["Runic Pyramid","Pandora\u0027s Box"],"picked":"Velvet Choker"}],"items_purged_floors":[2,20],"is_endless":false,"potions_floor_spawned":[4,5,6,14],"killed_by":"3 Cultists","ascension_level":0}