{"gold_per_floor":[111,125,144,94,94,94,127,127,150,177,177,188,205,205,205,307,357,373,60,74,74,74,74],"floor_reached":23,"playtime":692,"items_purged":[],"score":259,"play_id":"20987ee8-82a5-4094-9586-e51583c73bc3","local_time":"20190213211952","is_ascension_mode":true,"campfire_choices":[{"data":"Armaments","floor":6.0,"key":"SMITH"},{"data":"Reaper","floor":8.0,"key":"SMITH"},{"floor":11.0,"key":"REST"},{"data":"Flame Barrier","floor":15.0,"key":"SMITH"}],"neow_cost":"NONE","seed_source_timestamp":7992813133500,"circlet_count":0,"master_deck":["Strike_R","Strike_R","Strike_R","Strike_R","Strike_R+1","Defend_R","Defend_R+1","Defend_R","Bash","Pommel Strike","Armaments+1","Cleave+1","Reaper+1","Spot Weakness","Flame Barrier+1","Evolve","Demon Form","True Grit","Limit Break","Flame Barrier+1","Decay","Swift Strike"],"special_seed":0,"relics":["Burning Blood","Red Skull","Centennial Puzzle","Happy Flower","Bronze Scales","Tiny House","Lantern"],"potions_floor_usage":[23,23],"damage_taken":[{"damage":6.0,"enemies":"Cultist","floor":1.0,"turns":3.0},{"damage":2.0,"enemies":"Jaw Worm","floor":2.0,"turns":3.0},{"damage":11.0,"enemies":"Small Slimes","floor":3.0,"turns":3.0},{"damage":24.0,"enemies":"Gremlin Nob","floor":7.0,"turns":4.0},{"damage":27.0,"enemies":"Lagavulin","floor":10.0,"turns":5.0},{"damage":9.0,"enemies":"3 Louse","floor":12.0,"turns":3.0},{"damage":0.0,"enemies":"Large Slime","floor":13.0,"turns":4.0},{"damage":55.0,"enemies":"Hexaghost","floor":16.0,"turns":12.0},{"damage":18.0,"enemies":"3 Byrds","floor":18.0,"turns":2.0},{"damage":20,"enemies":"Chosen","floor":20,"turns":5},{"damage":76,"enemies":"Slavers","floor":23,"turns":4}],"seed_played":"-5975258939307826941","potions_obtained":[{"floor":2.0,"key":"Regen Potion"},{"floor":3.0,"key":"Strength Potion"},{"floor":10.0,"key":"Strength Potion"},{"floor":13.0,"key":"EssenceOfSteel"},{"floor":17.0,"key":"Regen Potion"}],"is_trial":false,"path_per_floor":["M","M","M","?","?","R","E","R","T","E","R","M","M","?","R","B",null,"M","$","M","?","?","E"],"character_chosen":"IRONCLAD","items_purchased":["Limit Break","Lantern"],"campfire_rested":1,"item_purchase_floors":[19,19],"current_hp_per_floor":[72,76,71,71,55,55,37,37,37,16,40,53,66,66,66,34,74,68,68,71,71,55,0],"gold":74,"neow_bonus":"RANDOM_COMMON_RELIC","is_prod":false,"is_daily":false,"chose_seed":false,"campfire_upgraded":3,"win_rate":0,"timestamp":1550110792,"path_taken":["M","M","?","?","?","R","E","R","T","E","R","M","M","?","R","BOSS","M","$","M","?","?","E"],"build_version":"2019-01-23","purchased_purges":0,"victory":false,"max_hp_per_floor":[80,80,80,80,80,80,80,80,80,80,80,80,80,80,80,80,85,85,85,85,85,85,85],"card_choices":[{"not_picked":["True Grit","Fire Breathing"],"picked":"Pommel Strike","floor":1.0},{"not_picked":["Flex","Carnage"],"picked":"Armaments","floor":2.0},{"not_picked":["Flex","Sentinel"],"picked":"Cleave","floor":3.0},{"not_picked":["Corruption","Cleave"],"picked":"Reaper","floor":7.0},{"not_picked":["Havoc","Dual Wield"],"picked":"Spot Weakness","floor":10.0},{"not_picked":["Wild Strike","Armaments"],"picked":"Flame Barrier","floor":12.0},{"not_picked":["Headbutt","Flex"],"picked":"Evolve","floor":13.0},{"not_picked":["Dark Embrace","Impervious"],"picked":"Demon Form","floor":16.0},{"not_picked":["Carnage","Flex"],"picked":"True Grit","floor":17.0},{"not_picked":["Clothesline","Hemokinesis","Flex"],"picked":"SKIP","floor":18.0},{"not_picked":["Thunderclap","True Grit"],"picked":"Flame Barrier+1","floor":20}],"player_experience":460111,"relics_obtained":[{"floor":7.0,"key":"Centennial Puzzle"},{"floor":9.0,"key":"Happy Flower"},{"floor":10.0,"key":"Bronze Scales"}],"event_choices":[{"cards_removed":["Defend_R"],"damage_healed":0.0,"max_hp_gain":0.0,"max_hp_loss":0.0,"gold_gain":0.0,"event_name":"The Cleric","player_choice":"Card Removal","floor":4.0,"gold_loss":50.0,"damage_taken":0.0},{"damage_healed":0.0,"max_hp_gain":0.0,"max_hp_loss":0.0,"gold_gain":0.0,"event_name":"Shining Light","player_choice":"Entered Light","floor":5.0,"gold_loss":0.0,"damage_taken":16.0,"cards_upgraded":["Defend_R","Strike_R"]},{"damage_healed":0.0,"max_hp_gain":0.0,"max_hp_loss":0.0,"gold_gain":0.0,"event_name":"Liars Game","player_choice":"Ignored","floor":14.0,"gold_loss":0.0,"damage_taken":0.0},{"damage_healed":0,"gold_gain":0,"player_choice":"Smashed Altar","damage_taken":0,"max_hp_gain":0,"max_hp_loss":0,"event_name":"Forgotten Altar","floor":21,"gold_loss":0,"cards_obtained":["Decay"]},{"damage_healed":0,"gold_gain":0,"player_choice":"CARD ","damage_taken":16,"max_hp_gain":0,"max_hp_loss":0,"event_name":"Knowing Skull","floor":22,"potions_obtained":[],"gold_loss":0,"cards_obtained":["Swift Strike"]}],"is_beta":false,"boss_relics":[{"not_picked":["Eternal Feather","Philosopher\u0027s Stone"],"picked":"Tiny House"}],"items_purged_floors":[],"is_endless":false,"potions_floor_spawned":[2,3,10,13],"killed_by":"Slavers","ascension_level":6}