{"path_per_floor":["M","M","M","M","M","R","M","M","T","R","M","?","M","M","R","B",null,"M","?","$","?","?","M","R","E","T","R","M","M","R","M","R"],"character_chosen":"THE_SILENT","items_purchased":["Footwork","Flechettes"],"gold_per_floor":[111,127,142,158,172,172,184,201,227,227,240,315,327,343,343,443,443,460,460,275,275,275,288,288,319,373,373,389,402,402,418,418,418],"floor_reached":33,"campfire_rested":5,"playtime":2926,"current_hp_per_floor":[65,65,65,49,46,46,42,33,33,54,53,42,44,40,40,20,70,43,43,43,43,43,30,51,31,31,52,40,38,59,45,66,0],"items_purged":["Strike_G"],"gold":418,"score":290,"play_id":"adb57642-c2b4-4940-baf5-ac7bc1356566","local_time":"20180425220446","is_prod":false,"is_daily":false,"chose_seed":false,"is_ascension_mode":false,"campfire_upgraded":2,"timestamp":1524708286,"path_taken":["M","M","M","M","M","R","M","M","T","R","M","?","M","M","R","BOSS","M","?","$","?","?","M","R","E","T","R","M","?","R","M","R","BOSS"],"build_version":"2018-04-19","seed_source_timestamp":33150147408123,"purchased_purges":1,"victory":false,"master_deck":["Defend_G","Defend_G","Defend_G","Defend_G","Defend_G+1","Survivor","Neutralize","Crippling Poison+1","Dagger Throw","Leg Sweep","Outmaneuver","Backstab","Skewer","Deadly Poison+1","Bane+1","Deadly Poison","Flechettes+1","Crippling Poison+1","Footwork","Flechettes","Bite","Bite","Bite","Bite","Bite","Crippling Poison+1","Deadly Poison"],"max_hp_per_floor":[70,70,70,70,70,70,70,70,70,70,70,70,70,70,70,70,70,70,70,70,70,70,70,70,70,70,70,70,70,70,70,70,70],"relics":["Ring of the Snake","Bronze Scales","Runic Pyramid","Omamori","War Paint"],"card_choices":[{"not_picked":["Outmaneuver","Quick Slash"],"picked":"Crippling Poison","floor":1},{"not_picked":["Concentrate","Acrobatics"],"picked":"Dagger Throw","floor":2},{"not_picked":["Sucker Punch","Acrobatics"],"picked":"Leg Sweep","floor":3},{"not_picked":["Endless Agony","Expertise"],"picked":"Outmaneuver","floor":4},{"not_picked":["Dagger Spray","Phantasmal Killer"],"picked":"Backstab","floor":5},{"not_picked":["Blade Dance","Outmaneuver"],"picked":"Skewer","floor":7},{"not_picked":["Quick Slash","Underhanded Strike"],"picked":"Deadly Poison","floor":8},{"not_picked":["Setup","PiercingWail"],"picked":"Bane","floor":11},{"not_picked":["Concentrate","Envenom"],"picked":"Deadly Poison","floor":14},{"not_picked":["Bane","Sucker Punch"],"picked":"Flechettes","floor":18},{"not_picked":["Choke","Underhanded Strike"],"picked":"Crippling Poison","floor":29},{"not_picked":["Wraith Form v2","Dagger Spray"],"picked":"Deadly Poison","floor":31}],"player_experience":158594,"potions_floor_usage":[16,16,25,33,33],"damage_taken":[{"damage":5,"enemies":"Jaw Worm","floor":1,"turns":4},{"damage":0,"enemies":"2 Louse","floor":2,"turns":2},{"damage":0,"enemies":"Cultist","floor":3,"turns":4},{"damage":16,"enemies":"Exordium Thugs","floor":4,"turns":5},{"damage":3,"enemies":"Large Slime","floor":5,"turns":7},{"damage":4,"enemies":"Red Slaver","floor":7,"turns":3},{"damage":9,"enemies":"Exordium Wildlife","floor":8,"turns":5},{"damage":3,"enemies":"Gremlin Gang","floor":11,"turns":3},{"damage":0,"enemies":"3 Louse","floor":13,"turns":2},{"damage":6,"enemies":"Lots of Slimes","floor":14,"turns":4},{"damage":22,"enemies":"Hexaghost","floor":16,"turns":8},{"damage":27,"enemies":"2 Thieves","floor":18,"turns":4},{"damage":23,"enemies":"Shell Parasite","floor":23,"turns":6},{"damage":32,"enemies":"Gremlin Leader","floor":25,"turns":8},{"damage":20,"enemies":"Snake Plant","floor":28,"turns":5},{"damage":6,"enemies":"Snecko","floor":29,"turns":5},{"damage":22,"enemies":"Centurion and Healer","floor":31,"turns":7},{"damage":80,"enemies":"Collector","floor":33,"turns":9}],"event_choices":[{"event_name":"World of Goop","player_choice":"Gather Gold","floor":12,"damage_taken":0},{"event_name":"Duplicator","player_choice":"One dupe","floor":19,"damage_taken":0},{"event_name":"Ghosts","player_choice":"Ignored","floor":21,"damage_taken":0},{"event_name":"Vampires","player_choice":"Became a vampire (Vial)","floor":22,"damage_taken":0}],"boss_relics":[{"not_picked":["Pandora\u0027s Box","Runic Dome"],"picked":"Runic Pyramid"}],"potions_floor_spawned":[3,4,5,7,23,25],"seed_played":"-4250523056917453103","killed_by":"Collector","ascension_level":0,"is_trial":false}