{"path_per_floor":["M","?","M","$","M","M","?","R","T","R","E","?","M","M","R","B",null,"M","?","$","?","M","E","R","M","T","M","M","M"],"character_chosen":"IRONCLAD","items_purchased":["Armaments","Inflame","Mercury Hourglass"],"gold_per_floor":[365,365,378,38,51,64,64,64,64,64,90,190,209,229,229,334,334,352,302,227,227,239,264,264,274,274,289,308,326],"floor_reached":30,"campfire_rested":1,"playtime":1206,"current_hp_per_floor":[72,65,65,65,71,72,72,72,72,72,55,55,61,59,59,19,72,63,63,63,63,63,21,45,27,27,30,23,8],"items_purged":["Normality"],"gold":326,"score":254,"play_id":"be79d10c-2d5e-49c4-be8c-0dddae8bf6ca","is_prod":false,"is_daily":false,"is_ascension_mode":false,"campfire_upgraded":0,"path_taken":["M","?","M","$","M","M","?","R","T","R","E","?","M","M","R","BOSS","M","?","$","?","M","E","R","M","T","?","M","M","E"],"build_version":"2018-02-12-PROD1","purchased_purges":1,"victory":false,"master_deck":["Strike_R+1","Strike_R+1","Strike_R+1","Strike_R+1","Defend_R+1","Defend_R+1","Defend_R+1","Defend_R+1","Bash","Body Slam","Headbutt","Armaments","Inflame","Battle Trance","Juggernaut","Feed+1","Heavy Blade+1","Limit Break","Armaments","Shrug It Off+1"],"max_hp_per_floor":[72,72,72,72,72,72,72,72,72,72,72,72,72,72,72,72,72,76,76,76,76,80,80,80,84,84,84,84,88],"relics":["Burning Blood","Mercury Hourglass","Girya","Molten Egg 2","Centennial Puzzle","Black Star","Shuriken","Pantograph","Unceasing Top"],"card_choices":[{"not_picked":["Clash","Pommel Strike"],"picked":"Body Slam"},{"not_picked":["True Grit","Perfected Strike"],"picked":"Headbutt"},{"not_picked":["Anger","Twin Strike"],"picked":"Battle Trance"},{"not_picked":["Combust","Thunderclap"],"picked":"Juggernaut"},{"not_picked":["Limit Break","Juggernaut"],"picked":"Feed"},{"not_picked":["Perfected Strike","Pommel Strike"],"picked":"Heavy Blade"},{"not_picked":["Twin Strike","Flame Barrier"],"picked":"Limit Break"},{"not_picked":["Pummel","Anger"],"picked":"Armaments"},{"not_picked":["Dual Wield","Battle Trance"],"picked":"Shrug It Off"}],"player_experience":84715,"potions_floor_usage":[13,16,25,27,30],"damage_taken":[{"damage":2,"enemies":"2 Louse","floor":1,"turns":3},{"damage":6,"enemies":"Jaw Worm","floor":3,"turns":4},{"damage":0,"enemies":"Cultist","floor":5,"turns":3},{"damage":5,"enemies":"Exordium Wildlife","floor":6,"turns":4},{"damage":23,"enemies":"Gremlin Nob","floor":11,"turns":4},{"damage":0,"enemies":"Lots of Slimes","floor":13,"turns":1},{"damage":8,"enemies":"3 Louse","floor":14,"turns":4},{"damage":46,"enemies":"Slime Boss","floor":16,"turns":10},{"damage":19,"enemies":"Spheric Guardian","floor":18,"turns":4},{"damage":10,"enemies":"Chosen","floor":22,"turns":3},{"damage":48,"enemies":"Gremlin Leader","floor":23,"turns":5},{"damage":28,"enemies":"Slaver and Parasite","floor":25,"turns":6},{"damage":3,"enemies":"Snake Plant","floor":27,"turns":4},{"damage":13,"enemies":"Centurion and Healer","floor":28,"turns":5},{"damage":25,"enemies":"Sentry and Sphere","floor":29,"turns":6},{"damage":20,"enemies":"Slavers","floor":30,"turns":1}],"event_choices":[{"event_name":"Golden Wing","player_choice":"Card Removal","floor":2,"damage_taken":0},{"event_name":"Accursed Blacksmith","player_choice":"Rummage","floor":7,"damage_taken":0},{"event_name":"Golden Shrine","player_choice":"Pray","floor":12,"damage_taken":0},{"event_name":"The Joust","player_choice":"Bet on Murderer","floor":19,"damage_taken":0},{"event_name":"Back to Basics","player_choice":"Simplicity","floor":21,"damage_taken":0}],"boss_relics":[{"not_picked":["Tiny House","Snecko Eye"],"picked":"Black Star"}],"potions_floor_spawned":[11,13,22,25,28],"seed_played":"5909128987171439066","killed_by":"Slavers","ascension_level":0,"is_trial":false}