{"gold_per_floor":[118,193,203,214,224,224,254,268,268,368,424,92,109,125,125,125],"floor_reached":16,"playtime":569,"items_purged":[],"score":109,"play_id":"e0e4175e-b6b2-4b6e-bfc9-0dee434c8bf6","local_time":"20181027141225","is_ascension_mode":true,"campfire_choices":[{"data":"Fiend Fire","floor":6,"key":"SMITH"},{"floor":15,"key":"REST"}],"neow_cost":"NONE","seed_source_timestamp":12992793635400,"circlet_count":0,"master_deck":["Strike_R","Strike_R","Strike_R","Strike_R","Strike_R","Defend_R","Defend_R","Defend_R","Defend_R","Bash","Fiend Fire+1","Armaments","Metallicize","Rampage","Headbutt","Searing Blow","Feel No Pain","Ghostly Armor","Immolate+1","Cleave+1","Barricade"],"relics":["Burning Blood","Prayer Wheel","Sundial","Molten Egg 2"],"potions_floor_usage":[7,13,16],"damage_taken":[{"damage":14,"enemies":"Small Slimes","floor":1,"turns":5},{"damage":8,"enemies":"2 Louse","floor":3,"turns":2},{"damage":6,"enemies":"Cultist","floor":4,"turns":3},{"damage":11,"enemies":"Red Slaver","floor":5,"turns":3},{"damage":31,"enemies":"3 Sentries","floor":7,"turns":7},{"damage":8,"enemies":"Large Slime","floor":8,"turns":7},{"damage":10,"enemies":"Exordium Thugs","floor":13,"turns":4},{"damage":17,"enemies":"2 Fungi Beasts","floor":14,"turns":4},{"damage":38,"enemies":"The Guardian","floor":16,"turns":10}],"seed_played":"-5829903094278486467","potions_obtained":[{"floor":5,"key":"SkillPotion"},{"floor":8,"key":"SkillPotion"},{"floor":14,"key":"SteroidPotion"}],"is_trial":false,"path_per_floor":["M","?","M","M","M","R","E","M","T","?","?","$","M","M","R"],"character_chosen":"IRONCLAD","items_purchased":["Molten Egg 2","Ghostly Armor"],"campfire_rested":1,"item_purchase_floors":[12,12],"current_hp_per_floor":[72,61,59,59,54,54,29,27,27,27,27,27,23,12,36,0],"gold":125,"neow_bonus":"ONE_RANDOM_RARE_CARD","is_prod":false,"is_daily":false,"chose_seed":false,"campfire_upgraded":1,"win_rate":0,"timestamp":1540663945,"path_taken":["M","?","M","M","M","R","E","M","T","?","?","?","M","M","R","BOSS"],"build_version":"2018-10-25v2","purchased_purges":0,"victory":false,"max_hp_per_floor":[80,80,80,80,80,80,80,80,80,80,80,80,80,80,80,80],"card_choices":[{"not_picked":["Clothesline","Battle Trance"],"picked":"Armaments","floor":1},{"not_picked":["Armaments","Havoc"],"picked":"Metallicize","floor":3},{"not_picked":["Headbutt","Havoc"],"picked":"Rampage","floor":4},{"not_picked":["Thunderclap","Entrench"],"picked":"Headbutt","floor":5},{"not_picked":["Second Wind","Fire Breathing"],"picked":"Searing Blow","floor":7},{"not_picked":["Flex","Warcry"],"picked":"Feel No Pain","floor":8},{"not_picked":["Wild Strike","Pommel Strike","Shockwave"],"picked":"SKIP","floor":8},{"not_picked":["Shrug It Off","Intimidate"],"picked":"Immolate+1","floor":13},{"not_picked":["Armaments","Carnage+1"],"picked":"Cleave+1","floor":13},{"not_picked":["Sword Boomerang+1","Battle Trance"],"picked":"Barricade","floor":14},{"not_picked":["Clash+1","Iron Wave+1","Armaments"],"picked":"SKIP","floor":14}],"player_experience":255722,"relics_obtained":[{"floor":7,"key":"Prayer Wheel"},{"floor":9,"key":"Sundial"}],"event_choices":[{"damage_healed":0,"gold_gain":75,"player_choice":"Gather Gold","damage_taken":11,"max_hp_gain":0,"max_hp_loss":0,"event_name":"World of Goop","floor":2,"gold_loss":0},{"damage_healed":0,"gold_gain":100,"player_choice":"Pray","damage_taken":0,"max_hp_gain":0,"max_hp_loss":0,"event_name":"Golden Shrine","floor":10,"gold_loss":0},{"damage_healed":0,"gold_gain":56,"player_choice":"Gained Gold","damage_taken":0,"max_hp_gain":0,"max_hp_loss":0,"event_name":"Golden Wing","floor":11,"gold_loss":0}],"is_beta":true,"boss_relics":[],"items_purged_floors":[],"is_endless":false,"potions_floor_spawned":[5,8,14],"killed_by":"The Guardian","ascension_level":1}