{"gold_per_floor":[116,116,5,80,230,230,249,278,278,37,47,47,67,97,97,168,168,88],"floor_reached":18,"playtime":389,"items_purged":["Doubt"],"score":386,"play_id":"7011683c-7601-48de-8d25-935cc941adaf","local_time":"20190416125739","is_ascension_mode":true,"campfire_choices":[{"data":"Defragment","floor":6.0,"key":"SMITH"},{"data":"Defragment","floor":15.0,"key":"SMITH"}],"neow_cost":"NONE","seed_source_timestamp":9467779080243,"circlet_count":0,"master_deck":["AscendersBane","Strike_B","Strike_B","Strike_B","Defend_B","Defend_B","Defend_B","Defend_B","Zap","Dualcast","Go for the Eyes","Defragment+1","Go for the Eyes","Ball Lightning","Defragment+1","Ball Lightning","Coolheaded","Capacitor","Biased Cognition"],"special_seed":0,"relics":["Cracked Core","NeowsBlessing","Dodecahedron","Juzu Bracelet","Calipers","Orichalcum","Anchor","Inserter"],"potions_floor_usage":[16,17],"damage_taken":[{"damage":0.0,"enemies":"Small Slimes","floor":1.0,"turns":1.0},{"damage":0.0,"enemies":"2 Louse","floor":7.0,"turns":2.0},{"damage":0.0,"enemies":"3 Sentries","floor":8.0,"turns":1.0},{"damage":2.0,"enemies":"Jaw Worm","floor":11.0,"turns":3.0},{"damage":2.0,"enemies":"Blue Slaver","floor":13.0,"turns":2.0},{"damage":5.0,"enemies":"Lagavulin","floor":14.0,"turns":6.0},{"damage":7,"enemies":"Slime Boss","floor":16,"turns":8},{"damage":13,"enemies":"2 Thieves","floor":18,"turns":3}],"seed_played":"2184678125130355643","potions_obtained":[{"floor":1.0,"key":"FearPotion"},{"floor":8.0,"key":"FearPotion"},{"floor":16,"key":"Fruit Juice"}],"is_trial":false,"path_per_floor":["M","?","$","?","?","R","M","E","T","$","M","?","M","E","R","B",null,"M"],"character_chosen":"DEFECT","items_purchased":["Defragment","Go for the Eyes","Orichalcum"],"campfire_rested":0,"item_purchase_floors":[3,3,10],"current_hp_per_floor":[64,53,53,42,42,42,42,42,42,42,40,33,31,26,26,19,63,50],"gold":88,"neow_bonus":"THREE_ENEMY_KILL","is_prod":false,"is_daily":false,"chose_seed":false,"campfire_upgraded":2,"win_rate":0,"timestamp":1555412259,"path_taken":["M","?","$","?","?","R","?","E","T","$","M","?","M","E","R","BOSS","M"],"build_version":"2019-04-04","purchased_purges":1,"victory":false,"max_hp_per_floor":[71,71,71,71,71,71,71,71,71,71,71,71,71,71,71,71,76,76],"card_choices":[{"not_picked":["Force Field","Beam Cell"],"picked":"Go for the Eyes","floor":1.0},{"not_picked":["Rip and Tear","Streamline"],"picked":"Ball Lightning","floor":7.0},{"not_picked":["Capacitor","Barrage"],"picked":"Defragment","floor":8.0},{"not_picked":["Hologram","Stack"],"picked":"Ball Lightning","floor":11.0},{"not_picked":["Lockon","Loop"],"picked":"Coolheaded","floor":13.0},{"not_picked":["Multi-Cast","Gash"],"picked":"Capacitor","floor":14.0},{"not_picked":["Core Surge","Buffer"],"picked":"Biased Cognition","floor":16}],"player_experience":1142912,"relics_obtained":[{"floor":8.0,"key":"Juzu Bracelet"},{"floor":9.0,"key":"Calipers"},{"floor":14.0,"key":"Anchor"}],"event_choices":[{"damage_healed":0.0,"max_hp_gain":0.0,"max_hp_loss":0.0,"gold_gain":0.0,"event_name":"Scrap Ooze","player_choice":"Success","floor":2.0,"gold_loss":0.0,"damage_taken":11.0,"relics_obtained":["Dodecahedron"]},{"damage_healed":0.0,"max_hp_gain":0.0,"max_hp_loss":0.0,"gold_gain":75.0,"event_name":"World of Goop","player_choice":"Gather Gold","floor":4.0,"gold_loss":0.0,"damage_taken":11.0},{"damage_healed":0.0,"max_hp_gain":0.0,"max_hp_loss":0.0,"gold_gain":150.0,"event_name":"Liars Game","player_choice":"AGREE","floor":5.0,"gold_loss":0.0,"damage_taken":0.0,"cards_obtained":["Doubt"]},{"cards_removed":["Strike_B"],"damage_healed":0.0,"max_hp_gain":0.0,"max_hp_loss":0.0,"gold_gain":0.0,"event_name":"Golden Wing","player_choice":"Card Removal","floor":12.0,"gold_loss":0.0,"damage_taken":7.0}],"is_beta":true,"boss_relics":[{"not_picked":["Pandora\u0027s Box","Snecko Eye"],"picked":"Inserter"}],"items_purged_floors":[10],"is_endless":false,"potions_floor_spawned":[1,8,16],"killed_by":"2 Thieves","ascension_level":20}