{"gold_per_floor":[114,133,5,24,38,70,84,84,164,164,21,21,37,57,57,160,160,177,177],"floor_reached":19,"playtime":1397,"items_purged":["Strike_R"],"score":205,"play_id":"59fb5053-b343-4f0c-8423-13c2ba74ade8","local_time":"20190316071942","is_ascension_mode":true,"campfire_choices":[{"data":"Uppercut","floor":8,"key":"SMITH"},{"data":"Hemokinesis","floor":10,"key":"SMITH"},{"data":"Metallicize","floor":15,"key":"SMITH"}],"neow_cost":"NONE","seed_source_timestamp":290289684336603,"circlet_count":0,"master_deck":["Strike_R","Strike_R","Strike_R","Strike_R","Defend_R","Defend_R","Defend_R","Defend_R","Bash","Pommel Strike","Hemokinesis+1","Pommel Strike","Uppercut+1","Iron Wave+1","Shrug It Off","Body Slam","Metallicize+1","Barricade","Feel No Pain"],"relics":["Burning Blood","Pen Nib","Unceasing Top","Tiny Chest","Oddly Smooth Stone","Snecko Eye"],"potions_floor_usage":[16],"damage_taken":[{"damage":10,"enemies":"Cultist","floor":1,"turns":5},{"damage":2,"enemies":"Small Slimes","floor":2,"turns":3},{"damage":10,"enemies":"Jaw Worm","floor":4,"turns":2},{"damage":7,"enemies":"Blue Slaver","floor":5,"turns":2},{"damage":22,"enemies":"Gremlin Nob","floor":6,"turns":3},{"damage":13,"enemies":"Gremlin Gang","floor":7,"turns":5},{"damage":0,"enemies":"Red Slaver","floor":13,"turns":3},{"damage":2,"enemies":"Blue Slaver","floor":14,"turns":3},{"damage":12,"enemies":"Slime Boss","floor":16,"turns":8},{"damage":18,"enemies":"2 Thieves","floor":18,"turns":3},{"damage":2,"enemies":"Chosen","floor":19,"turns":4}],"seed_played":"-320888561483654190","potions_obtained":[{"floor":2,"key":"LiquidBronze"},{"floor":6,"key":"AttackPotion"},{"floor":7,"key":"Poison Potion"},{"floor":13,"key":"Dexterity Potion"},{"floor":18,"key":"SteroidPotion"}],"is_trial":false,"path_per_floor":["M","?","M"],"character_chosen":"IRONCLAD","items_purchased":["Pommel Strike","Oddly Smooth Stone"],"campfire_rested":0,"item_purchase_floors":[3,11],"current_hp_per_floor":[76,80,80,76,75,59,52,52,52,52,52,52,58,62,62,56,80,68,66],"gold":177,"neow_bonus":"RANDOM_COMMON_RELIC","is_prod":false,"is_daily":false,"chose_seed":false,"campfire_upgraded":3,"win_rate":0,"timestamp":1552720782,"path_taken":["M","M","$","?","M","E","M","R","T","R","$","?","?","M","R","BOSS","M","M"],"build_version":"2019-01-23","purchased_purges":1,"victory":false,"max_hp_per_floor":[80,80,80,80,80,80,80,80,80,80,80,80,80,80,80,80,80,80,80],"card_choices":[{"not_picked":["Cleave","Havoc"],"picked":"Pommel Strike","floor":1},{"not_picked":["Ghostly Armor","Twin Strike"],"picked":"Hemokinesis","floor":2},{"not_picked":["Twin Strike","Headbutt"],"picked":"Uppercut","floor":4},{"not_picked":["Warcry","Infernal Blade"],"picked":"Iron Wave","floor":5},{"not_picked":["Power Through","Flex"],"picked":"Shrug It Off","floor":6},{"not_picked":["Warcry","Carnage","Anger"],"picked":"SKIP","floor":7},{"not_picked":["Dual Wield","Carnage"],"picked":"Body Slam","floor":13},{"not_picked":["Heavy Blade","Shrug It Off"],"picked":"Metallicize","floor":14},{"not_picked":["Exhume","Dark Embrace"],"picked":"Barricade","floor":16},{"not_picked":["Sentinel","Iron Wave"],"picked":"Feel No Pain","floor":18}],"player_experience":230428,"relics_obtained":[{"floor":6,"key":"Unceasing Top"},{"floor":9,"key":"Tiny Chest"}],"event_choices":[{"damage_healed":0,"gold_gain":0,"player_choice":"Upgraded","damage_taken":0,"max_hp_gain":0,"max_hp_loss":0,"event_name":"Upgrade Shrine","floor":12,"gold_loss":0,"cards_upgraded":["Iron Wave"]}],"is_beta":false,"boss_relics":[{"not_picked":["Pandora\u0027s Box","Black Blood"],"picked":"Snecko Eye"}],"items_purged_floors":[3],"is_endless":false,"potions_floor_spawned":[2,6,7,13,18],"killed_by":"Chosen","ascension_level":4}