{"gold_per_floor":[19,19,36,36,48,48,80,80,80,80,108,108,108,122,122,196,196,208,219,219,234,267,267,17,47,98,125,138,138,152,186,186,262,262,274,374,419,243,243,243,278,278,346,105,120,145,155,189,189,189,189,189,64,89,89],"floor_reached":56,"playtime":2501,"items_purged":["Strike_R","Regret","Injury"],"score":2218,"play_id":"41a08d85-c4c6-4200-9039-c32a105d1532","local_time":"20190418170638","is_ascension_mode":true,"campfire_choices":[{"data":"Searing Blow","floor":6.0,"key":"SMITH"},{"data":"Searing Blow+1","floor":8.0,"key":"SMITH"},{"data":"Searing Blow+2","floor":10.0,"key":"SMITH"},{"data":"Searing Blow+3","floor":12.0,"key":"SMITH"},{"data":"Searing Blow+4","floor":13.0,"key":"SMITH"},{"data":"Flame Barrier","floor":15.0,"key":"SMITH"},{"data":"Searing Blow+5","floor":23.0,"key":"SMITH"},{"data":"Searing Blow+6","floor":29.0,"key":"SMITH"},{"data":"Searing Blow+7","floor":32.0,"key":"SMITH"},{"data":"Searing Blow+8","floor":40.0,"key":"SMITH"},{"floor":42.0,"key":"RECALL"},{"data":"Searing Blow+9","floor":49.0,"key":"SMITH"},{"data":"Searing Blow+10","floor":52,"key":"SMITH"}],"neow_cost":"NO_GOLD","seed_source_timestamp":125857662109237,"circlet_count":0,"master_deck":["AscendersBane","Strike_R","Strike_R","Strike_R","Strike_R","Defend_R","Defend_R","Defend_R","Defend_R","Bash+1","Flame Barrier+1","Twin Strike","Searing Blow+11","Clothesline","Iron Wave+1","Headbutt","Ghostly","Ghostly","Ghostly","Ghostly","Ghostly","Metallicize+1","Metallicize","Shrug It Off","Exhume","Warcry","Impervious","Headbutt","Warcry+1","Warcry","Warcry+1","Offering","Double Tap","Offering"],"special_seed":0,"relics":["Burning Blood","WingedGreaves","Dodecahedron","Bag of Marbles","Cursed Key","Red Mask","Brimstone","Potion Belt","PreservedInsect","Blue Candle","Pen Nib","Eternal Feather","Prayer Wheel","Calipers","Blood Vial","Sundial","Pear","Oddly Smooth Stone","Paper Frog"],"potions_floor_usage":[55,55],"damage_taken":[{"damage":1.0,"enemies":"2 Louse","floor":1.0,"turns":3.0},{"damage":0.0,"enemies":"Jaw Worm","floor":3.0,"turns":3.0},{"damage":1.0,"enemies":"Cultist","floor":5.0,"turns":4.0},{"damage":48.0,"enemies":"Lagavulin","floor":7.0,"turns":8.0},{"damage":16.0,"enemies":"Gremlin Nob","floor":11.0,"turns":3.0},{"damage":0.0,"enemies":"Gremlin Gang","floor":14.0,"turns":6.0},{"damage":20.0,"enemies":"The Guardian","floor":16.0,"turns":11.0},{"damage":0.0,"enemies":"Chosen","floor":18.0,"turns":3.0},{"damage":0.0,"enemies":"Shell Parasite","floor":19.0,"turns":2.0},{"damage":1.0,"enemies":"Snecko","floor":21.0,"turns":3.0},{"damage":5.0,"enemies":"Masked Bandits","floor":22.0,"turns":6.0},{"damage":0.0,"enemies":"Book of Stabbing","floor":25.0,"turns":5.0},{"damage":1.0,"enemies":"Slavers","floor":27.0,"turns":4.0},{"damage":0.0,"enemies":"Centurion and Healer","floor":28.0,"turns":2.0},{"damage":0.0,"enemies":"Cultist and Chosen","floor":30.0,"turns":4.0},{"damage":24.0,"enemies":"Book of Stabbing","floor":31.0,"turns":4.0},{"damage":18.0,"enemies":"Automaton","floor":33.0,"turns":6.0},{"damage":1.0,"enemies":"3 Shapes","floor":35.0,"turns":9.0},{"damage":1.0,"enemies":"Mind Bloom Boss Battle","floor":36.0,"turns":7.0},{"damage":0.0,"enemies":"2 Orb Walkers","floor":37.0,"turns":2.0},{"damage":9.0,"enemies":"Giant Head","floor":41.0,"turns":6.0},{"damage":1.0,"enemies":"Orb Walker","floor":45.0,"turns":3.0},{"damage":2.0,"enemies":"Reptomancer","floor":46.0,"turns":6.0},{"damage":0.0,"enemies":"Sphere and 2 Shapes","floor":47.0,"turns":3.0},{"damage":0.0,"enemies":"Nemesis","floor":48.0,"turns":3.0},{"damage":23,"enemies":"Time Eater","floor":50,"turns":9},{"damage":1,"enemies":"Shield and Spear","floor":54,"turns":5},{"damage":36,"enemies":"The Heart","floor":55,"turns":8}],"seed_played":"-2018941787524818764","potions_obtained":[{"floor":1.0,"key":"SpeedPotion"},{"floor":11.0,"key":"Energy Potion"},{"floor":14.0,"key":"SpeedPotion"},{"floor":25.0,"key":"Weak Potion"},{"floor":30.0,"key":"Energy Potion"},{"floor":33.0,"key":"SpeedPotion"},{"floor":41.0,"key":"Fire Potion"},{"floor":48.0,"key":"PowerPotion"}],"is_trial":false,"path_per_floor":["M","?","M","?","M","R","E","R","T","R","E","R","R","M","R","B",null,"M","M","?","M","?","R","$","E","T","E","M","R","M","E","R","B",null,"M","?","?","$","?","R","E","R","T","$","M","E","M","E","R","B",null,"R","$","E","B",null],"character_chosen":"IRONCLAD","items_purchased":["Brimstone","Shrug It Off","LiquidBronze","Warcry","Offering"],"campfire_rested":0,"item_purchase_floors":[24,24,38,38,44],"current_hp_per_floor":[87,87,89,89,89,89,47,47,47,47,37,37,37,43,43,29,74,80,86,44,44,44,44,44,44,44,44,44,44,44,26,26,14,37,42,44,44,44,44,44,41,44,44,44,44,54,54,54,54,37,50,54,54,54,24],"gold":89,"neow_bonus":"TWENTY_PERCENT_HP_BONUS","is_prod":false,"is_daily":false,"chose_seed":false,"campfire_upgraded":12,"win_rate":0,"timestamp":1555632398,"path_taken":["M","?","M","?","M","R","E","R","T","R","E","R","R","M","R","BOSS","M","M","?","M","?","R","$","E","T","E","M","R","M","E","R","BOSS","M","?","?","$","?","R","E","R","T","$","M","E","?","E","R","BOSS","R","$","E","BOSS"],"build_version":"2019-01-23","purchased_purges":3,"victory":true,"max_hp_per_floor":[89,89,89,89,89,89,89,89,89,89,89,89,89,89,89,89,89,89,89,44,44,44,44,44,44,44,44,44,44,44,44,44,44,44,44,44,44,44,44,44,44,44,44,44,44,54,54,54,54,54,54,54,54,54,54],"card_choices":[{"not_picked":["Heavy Blade","Headbutt"],"picked":"Flame Barrier","floor":1.0},{"not_picked":["Armaments","Rupture"],"picked":"Twin Strike","floor":3.0},{"not_picked":["Combust","Pommel Strike"],"picked":"Searing Blow","floor":5.0},{"not_picked":["Rupture","Pummel"],"picked":"Clothesline","floor":7.0},{"not_picked":["Feel No Pain","Fire Breathing","Cleave"],"picked":"SKIP","floor":11.0},{"not_picked":["Inflame","Heavy Blade","Second Wind"],"picked":"SKIP","floor":14.0},{"not_picked":["Second Wind","Fire Breathing"],"picked":"Iron Wave+1","floor":18.0},{"not_picked":["Anger+1","Heavy Blade"],"picked":"Headbutt","floor":19.0},{"not_picked":["Fiend Fire","Perfected Strike"],"picked":"Metallicize+1","floor":21.0},{"not_picked":["Iron Wave","Headbutt"],"picked":"Metallicize","floor":22.0},{"not_picked":["Clash","Sentinel","Disarm"],"picked":"SKIP","floor":25.0},{"not_picked":["Inflame+1","Sword Boomerang+1"],"picked":"Exhume","floor":27.0},{"not_picked":["Wild Strike","Entrench+1","Sword Boomerang"],"picked":"SKIP","floor":28.0},{"not_picked":["Intimidate","Fire Breathing"],"picked":"Warcry","floor":30.0},{"not_picked":["Anger","Shrug It Off","Searing Blow"],"picked":"SKIP","floor":31.0},{"not_picked":["Demon Form","Berserk"],"picked":"Impervious","floor":33.0},{"not_picked":["Flex","Body Slam+1","Headbutt"],"picked":"SKIP","floor":35.0},{"not_picked":["Flex","Body Slam+1"],"picked":"Headbutt","floor":35.0},{"not_picked":["Whirlwind","Thunderclap"],"picked":"Warcry+1","floor":37.0},{"not_picked":["Clash","Berserk"],"picked":"Warcry+1","floor":41.0},{"not_picked":["Clothesline","Warcry","Power Through"],"picked":"SKIP","floor":45.0},{"not_picked":["Body Slam","Ghostly Armor","Flex"],"picked":"SKIP","floor":45.0},{"not_picked":["Power Through","Warcry","Havoc"],"picked":"SKIP","floor":46.0},{"not_picked":["Clothesline+1","Armaments"],"picked":"Double Tap","floor":47.0},{"not_picked":["Cleave","Warcry","Rage"],"picked":"SKIP","floor":47.0},{"not_picked":["Infernal Blade+1","Flex","Disarm"],"picked":"SKIP","floor":48.0},{"not_picked":["Second Wind+1","Iron Wave"],"picked":"Offering","floor":54}],"player_experience":199977,"relics_obtained":[{"floor":7.0,"key":"WingedGreaves"},{"floor":9.0,"key":"Dodecahedron"},{"floor":11.0,"key":"Bag of Marbles"},{"floor":22.0,"key":"Red Mask"},{"floor":25.0,"key":"Potion Belt"},{"floor":26.0,"key":"PreservedInsect"},{"floor":27.0,"key":"Blue Candle"},{"floor":31.0,"key":"Pen Nib"},{"floor":36.0,"key":"Prayer Wheel"},{"floor":37.0,"key":"Calipers"},{"floor":41.0,"key":"Sundial"},{"floor":46.0,"key":"Pear"},{"floor":48.0,"key":"Oddly Smooth Stone"},{"floor":54,"key":"Paper Frog"}],"event_choices":[{"damage_healed":0.0,"max_hp_gain":0.0,"max_hp_loss":0.0,"gold_gain":0.0,"event_name":"Living Wall","player_choice":"Grow","floor":2.0,"gold_loss":0.0,"damage_taken":0.0,"cards_upgraded":["Bash"]},{"damage_healed":0.0,"max_hp_gain":0.0,"max_hp_loss":0.0,"gold_gain":0.0,"event_name":"Liars Game","player_choice":"Ignored","floor":4.0,"gold_loss":0.0,"damage_taken":0.0},{"damage_healed":0.0,"max_hp_gain":0.0,"max_hp_loss":45.0,"gold_gain":0.0,"event_name":"Ghosts","player_choice":"Became a Ghost","floor":20.0,"gold_loss":0.0,"damage_taken":0.0,"cards_obtained":["Ghostly","Ghostly","Ghostly","Ghostly","Ghostly"]},{"damage_healed":0.0,"max_hp_gain":0.0,"max_hp_loss":0.0,"gold_gain":0.0,"event_name":"Masked Bandits","player_choice":"Fought Bandits","floor":22.0,"gold_loss":0.0,"damage_taken":0.0},{"damage_healed":0.0,"max_hp_gain":0.0,"max_hp_loss":0.0,"gold_gain":0.0,"event_name":"MindBloom","player_choice":"Fight","floor":36.0,"gold_loss":0.0,"damage_taken":0.0},{"damage_healed":0.0,"max_hp_gain":0.0,"max_hp_loss":0.0,"gold_gain":0.0,"event_name":"Mysterious Sphere","player_choice":"Fight","floor":37.0,"gold_loss":0.0,"damage_taken":0.0},{"damage_healed":0.0,"max_hp_gain":0.0,"max_hp_loss":0.0,"gold_gain":0.0,"event_name":"WeMeetAgain","player_choice":"Gave Potion","floor":39.0,"gold_loss":0.0,"damage_taken":0.0,"relics_obtained":["Blood Vial"]}],"is_beta":false,"boss_relics":[{"not_picked":["Busted Crown","Philosopher\u0027s Stone"],"picked":"Cursed Key"},{"not_picked":["Tiny House","Runic Dome"],"picked":"Eternal Feather"}],"items_purged_floors":[38,44,53],"is_endless":false,"potions_floor_spawned":[1,11,14,16,18,21,25,30,33,37,41,45,48,54],"ascension_level":14}