{"gold_per_floor":[111,42,42,42,52,52,77,77,77,77,105,105,140,151,151,250,250,269,569,581,581,581,581,600,629,655,655,97,109,34,53,53,158,158,177,177,3,19,0,0,31,31,31,41,70,89,102,102],"floor_reached":48,"playtime":3698,"items_purged":["Strike_R","Strike_R"],"score":907,"play_id":"a9675cd1-046b-49d9-bba9-1ae99268a0e3","local_time":"20190407185501","is_ascension_mode":true,"campfire_choices":[{"data":"Bash","floor":10,"key":"SMITH"},{"data":"Wild Strike","floor":12,"key":"SMITH"},{"data":"Disarm","floor":15,"key":"SMITH"},{"floor":23,"key":"REST"},{"data":"Fiend Fire","floor":27,"key":"SMITH"},{"data":"Armaments","floor":32,"key":"SMITH"},{"floor":40,"key":"REST"},{"floor":42,"key":"REST"}],"neow_cost":"NONE","seed_source_timestamp":0,"circlet_count":0,"master_deck":["AscendersBane","Strike_R+1","Strike_R+1","Defend_R","Defend_R","Defend_R","Defend_R","Bash+1","Wild Strike+1","Uppercut+1","Ghostly Armor","Dropkick","Disarm+1","Fiend Fire+1","True Grit","RitualDagger","Armaments+1","Iron Wave+1","Feel No Pain","Dark Embrace","Inflame","Metallicize","True Grit+1","Impervious","Disarm","Metallicize"],"special_seed":0,"relics":["Burning Blood","NeowsBlessing","Pantograph","Whetstone","Bronze Scales","Strawberry","Runic Dome","Old Coin","Blood Vial","Juzu Bracelet","Lee\u0027s Waffle","Mummified Hand","Fusion Hammer","Red Mask","Smiling Mask","Ornamental Fan","Oddly Smooth Stone"],"potions_floor_usage":[25,33,36,48],"damage_taken":[{"damage":0.0,"enemies":"Cultist","floor":1.0,"turns":1.0},{"damage":0.0,"enemies":"Small Slimes","floor":5.0,"turns":1.0},{"damage":0.0,"enemies":"Lagavulin","floor":7.0,"turns":1.0},{"damage":15,"enemies":"Gremlin Nob","floor":11,"turns":4},{"damage":30,"enemies":"Lagavulin","floor":13,"turns":5},{"damage":0,"enemies":"Jaw Worm","floor":14,"turns":3},{"damage":36,"enemies":"Hexaghost","floor":16,"turns":8},{"damage":33,"enemies":"2 Thieves","floor":18,"turns":4},{"damage":2,"enemies":"Chosen","floor":20,"turns":4},{"damage":21,"enemies":"Shelled Parasite and Fungi","floor":24,"turns":6},{"damage":31,"enemies":"Book of Stabbing","floor":25,"turns":4},{"damage":11,"enemies":"3 Cultists","floor":29,"turns":5},{"damage":0,"enemies":"Snecko","floor":31,"turns":4},{"damage":111,"enemies":"Champ","floor":33,"turns":20},{"damage":0,"enemies":"Orb Walker","floor":35,"turns":3},{"damage":23,"enemies":"3 Shapes","floor":38,"turns":8},{"damage":46,"enemies":"Giant Head","floor":41,"turns":10},{"damage":35,"enemies":"3 Darklings","floor":44,"turns":11},{"damage":58,"enemies":"Reptomancer","floor":45,"turns":15},{"damage":0,"enemies":"Writhing Mass","floor":46,"turns":8},{"damage":14,"enemies":"Jaw Worm Horde","floor":47,"turns":6},{"damage":39,"enemies":"Nemesis","floor":48,"turns":2}],"seed_played":"-5150904036071016667","potions_obtained":[{"floor":11,"key":"Explosive Potion"},{"floor":16,"key":"SteroidPotion"},{"floor":25,"key":"Regen Potion"},{"floor":36,"key":"Fruit Juice"},{"floor":36,"key":"EssenceOfSteel"},{"floor":36,"key":"LiquidBronze"}],"is_trial":false,"path_per_floor":["M","$","?","$","M","$","E","$","T","R","E","R","E","M","R","B",null,"M","?","M","?","?","R","M","E","T","R","$","M","?","M","R","B",null,"M","?","$","M","?","R","E","R","T","M","E","M","M","E"],"character_chosen":"IRONCLAD","items_purchased":["Uppercut","Armaments","Lee\u0027s Waffle","Mummified Hand","Metallicize"],"campfire_rested":3,"item_purchase_floors":[2,28,28,28,37],"current_hp_per_floor":[78,78,78,78,80,80,80,80,80,80,71,71,54,60,60,55,79,52,52,56,50,33,60,45,20,20,20,99,94,94,99,99,9,77,85,90,90,75,75,104,64,95,95,68,18,26,20,0],"gold":102,"neow_bonus":"THREE_ENEMY_KILL","is_prod":false,"is_daily":false,"chose_seed":false,"campfire_upgraded":5,"win_rate":0,"timestamp":1554688501,"path_taken":["M","?","?","$","M","$","E","$","T","R","E","R","E","?","R","BOSS","M","?","?","?","?","R","M","E","T","R","$","M","?","M","R","BOSS","M","?","$","M","?","R","E","R","T","M","E","M","M","E"],"build_version":"2019-01-23","purchased_purges":2,"victory":false,"max_hp_per_floor":[80,80,80,80,80,80,80,80,80,80,80,80,87,87,87,87,87,87,87,87,87,92,92,92,92,92,92,99,99,99,99,99,99,99,99,104,104,104,104,104,104,104,104,104,104,104,104,104],"card_choices":[{"not_picked":["Armaments","Body Slam"],"picked":"Wild Strike","floor":1.0},{"not_picked":["Uppercut","Infernal Blade"],"picked":"Ghostly Armor","floor":5.0},{"not_picked":["Sword Boomerang","Feel No Pain","Clash"],"picked":"SKIP","floor":7.0},{"not_picked":["Sword Boomerang","Rampage"],"picked":"Dropkick","floor":11},{"not_picked":["Twin Strike","Dark Embrace","Bloodletting"],"picked":"SKIP","floor":13},{"not_picked":["Flex","Fire Breathing"],"picked":"Disarm","floor":14},{"not_picked":["Barricade","Limit Break"],"picked":"Fiend Fire","floor":16},{"not_picked":["Twin Strike","Body Slam"],"picked":"True Grit","floor":20},{"not_picked":["Warcry","Pommel Strike","Perfected Strike"],"picked":"SKIP","floor":24},{"not_picked":["Blood for Blood","Body Slam","Twin Strike"],"picked":"SKIP","floor":25},{"not_picked":["Twin Strike","Flex"],"picked":"Iron Wave+1","floor":29},{"not_picked":["Impervious","Pommel Strike"],"picked":"Feel No Pain","floor":31},{"not_picked":["Feed","Limit Break"],"picked":"Dark Embrace","floor":33},{"not_picked":["True Grit","Shockwave"],"picked":"Inflame","floor":35},{"not_picked":["Perfected Strike+1","Heavy Blade+1"],"picked":"True Grit+1","floor":38},{"not_picked":["Clothesline+1","Anger"],"picked":"Impervious","floor":41},{"not_picked":["Flex","Perfected Strike","Blood for Blood"],"picked":"SKIP","floor":44},{"not_picked":["Cleave","Pommel Strike+1","Rage"],"picked":"SKIP","floor":45},{"not_picked":["Havoc","Headbutt"],"picked":"Disarm","floor":46},{"not_picked":["True Grit","Dual Wield"],"picked":"Metallicize","floor":47}],"player_experience":174991,"relics_obtained":[{"floor":7.0,"key":"Pantograph"},{"floor":9,"key":"Whetstone"},{"floor":11,"key":"Bronze Scales"},{"floor":13,"key":"Strawberry"},{"floor":25,"key":"Blood Vial"},{"floor":26,"key":"Juzu Bracelet"},{"floor":41,"key":"Smiling Mask"},{"floor":43,"key":"Ornamental Fan"},{"floor":45,"key":"Oddly Smooth Stone"}],"event_choices":[{"damage_healed":0.0,"max_hp_gain":0.0,"max_hp_loss":0.0,"gold_gain":0.0,"event_name":"Living Wall","player_choice":"Grow","floor":3.0,"gold_loss":0.0,"damage_taken":0.0,"cards_upgraded":["Uppercut"]},{"damage_healed":0,"gold_gain":0,"player_choice":"Gave Potion","damage_taken":0,"relics_obtained":["Old Coin"],"max_hp_gain":0,"max_hp_loss":0,"event_name":"WeMeetAgain","floor":19,"gold_loss":0},{"damage_healed":0,"gold_gain":0,"player_choice":"Joined the Cult","damage_taken":6,"max_hp_gain":0,"max_hp_loss":0,"event_name":"Nest","floor":21,"gold_loss":0,"cards_obtained":["RitualDagger"]},{"damage_healed":0,"gold_gain":0,"player_choice":"Shed Blood","damage_taken":22,"max_hp_gain":5,"max_hp_loss":0,"event_name":"Forgotten Altar","floor":22,"gold_loss":0},{"cards_removed":["Strike_R"],"damage_healed":0,"gold_gain":0,"player_choice":"Gave Gold","damage_taken":0,"max_hp_gain":0,"max_hp_loss":0,"event_name":"Beggar","floor":30,"gold_loss":75},{"damage_healed":0,"gold_gain":0,"player_choice":"Got Potions","damage_taken":0,"max_hp_gain":0,"max_hp_loss":0,"event_name":"Lab","floor":36,"gold_loss":0},{"damage_healed":0,"gold_gain":0,"player_choice":"Paid","damage_taken":0,"relics_obtained":["Red Mask"],"max_hp_gain":0,"max_hp_loss":0,"event_name":"Tomb of Lord Red Mask","floor":39,"gold_loss":19}],"is_beta":false,"boss_relics":[{"not_picked":["White Beast Statue","Tiny House"],"picked":"Runic Dome"},{"not_picked":["Philosopher\u0027s Stone","Busted Crown"],"picked":"Fusion Hammer"}],"items_purged_floors":[28,37],"is_endless":false,"potions_floor_spawned":[11,16,18,25,38,41,44,45],"killed_by":"Nemesis","ascension_level":12}