{"gold_per_floor":[20,0,0,20,20,54,54,68,68,68,84,84,108,121,121,252,252,277,277,187,203,44,76,76,76,101,101,23,23],"floor_reached":29,"playtime":995,"items_purged":[],"score":362,"play_id":"2a51d0b0-8f46-4718-972b-0521f741ba2f","local_time":"20190305183113","is_ascension_mode":true,"campfire_choices":[{"data":"Flame Barrier","floor":7.0,"key":"SMITH"},{"data":"Bash","floor":10.0,"key":"SMITH"},{"data":"Spot Weakness","floor":12.0,"key":"SMITH"},{"floor":15.0,"key":"REST"},{"floor":25,"key":"REST"},{"data":"Reaper","floor":27,"key":"SMITH"}],"neow_cost":"NO_GOLD","seed_source_timestamp":967271030496100,"circlet_count":0,"master_deck":["Defend_R","Defend_R","Defend_R","Defend_R","Bash+1","Immolate","Spot Weakness+1","Flame Barrier+1","Double Tap+1","Reaper+1","Clumsy","Regret","Normality","Feed","Bite","Bite","Bite","Bite","Bite","Rampage"],"special_seed":0,"relics":["Burning Blood","Bloody Idol","Question Card","Toxic Egg 2","Calling Bell","Anchor","Singing Bowl","Mango","Ginger","Potion Belt"],"potions_floor_usage":[23,29],"damage_taken":[{"damage":3.0,"enemies":"Jaw Worm","floor":1.0,"turns":4.0},{"damage":7.0,"enemies":"Small Slimes","floor":4.0,"turns":2.0},{"damage":27.0,"enemies":"3 Sentries","floor":6.0,"turns":6.0},{"damage":1.0,"enemies":"Cultist","floor":8.0,"turns":3.0},{"damage":2.0,"enemies":"Large Slime","floor":11.0,"turns":6.0},{"damage":11.0,"enemies":"Looter","floor":13.0,"turns":3.0},{"damage":16.0,"enemies":"Blue Slaver","floor":14.0,"turns":3.0},{"damage":48.0,"enemies":"The Guardian","floor":16.0,"turns":15.0},{"damage":28.0,"enemies":"Chosen","floor":18.0,"turns":5.0},{"damage":43.0,"enemies":"2 Thieves","floor":21.0,"turns":5.0},{"damage":70,"enemies":"Slavers","floor":23,"turns":4},{"damage":67,"enemies":"Gremlin Leader","floor":29,"turns":4}],"seed_played":"-2426256610578689796","potions_obtained":[{"floor":4.0,"key":"Weak Potion"},{"floor":6.0,"key":"Fire Potion"},{"floor":8.0,"key":"PowerPotion"},{"floor":21.0,"key":"Energy Potion"},{"floor":23,"key":"GamblersBrew"}],"is_trial":false,"path_per_floor":["M","?","?","M","$","E","R","M","T","R","M","R","M","M","R","B",null,"M","?","?","M","$","E","?","R","T","R","$","E"],"character_chosen":"IRONCLAD","items_purchased":["Feed","Rampage"],"campfire_rested":2,"item_purchase_floors":[22,28],"current_hp_per_floor":[75,75,55,54,54,33,33,38,38,38,42,42,37,27,51,9,76,60,60,60,51,51,21,21,42,47,47,47,0],"gold":23,"neow_bonus":"THREE_RARE_CARDS","is_prod":false,"is_daily":false,"chose_seed":false,"campfire_upgraded":4,"win_rate":0,"timestamp":1551828673,"path_taken":["M","?","?","M","?","E","R","M","T","R","M","R","M","M","R","BOSS","M","?","?","?","$","E","?","R","T","R","$","E"],"build_version":"2019-01-23","purchased_purges":0,"victory":false,"max_hp_per_floor":[80,80,80,80,80,80,80,80,80,80,80,80,80,80,80,80,94,96,96,96,98,98,103,72,72,72,72,72,72],"card_choices":[{"not_picked":["Demon Form","Limit Break"],"picked":"Immolate","floor":0.0},{"not_picked":["Wild Strike","True Grit"],"picked":"Spot Weakness","floor":1.0},{"not_picked":["Wild Strike","Perfected Strike","Seeing Red"],"picked":"SKIP","floor":4.0},{"not_picked":["Wild Strike","Power Through"],"picked":"Flame Barrier","floor":6.0},{"not_picked":["Clash","True Grit","Pommel Strike","Pummel"],"picked":"SKIP","floor":8.0},{"not_picked":["Headbutt","Sentinel+1","Thunderclap"],"picked":"Double Tap+1","floor":11.0},{"not_picked":["Thunderclap","Perfected Strike","Hemokinesis","Heavy Blade"],"picked":"SKIP","floor":13.0},{"not_picked":["Clothesline","Searing Blow","Whirlwind","Twin Strike"],"picked":"SKIP","floor":14.0},{"not_picked":["Impervious+1","Offering+1","Bludgeon"],"picked":"Reaper","floor":16.0},{"not_picked":["Feel No Pain+1","Power Through+1","Heavy Blade","Brutality"],"picked":"Singing Bowl","floor":18.0},{"not_picked":["Twin Strike","Clash","Headbutt","Pommel Strike"],"picked":"Singing Bowl","floor":21.0},{"not_picked":["Entrench+1","Barricade","Body Slam","Clothesline+1"],"picked":"Singing Bowl","floor":23}],"player_experience":520195,"relics_obtained":[{"floor":6.0,"key":"Question Card"},{"floor":9.0,"key":"Toxic Egg 2"},{"floor":17.0,"key":"Anchor"},{"floor":17.0,"key":"Singing Bowl"},{"floor":17.0,"key":"Mango"},{"floor":23,"key":"Ginger"},{"floor":26,"key":"Potion Belt"}],"event_choices":[{"damage_healed":0.0,"max_hp_gain":0.0,"max_hp_loss":0.0,"gold_gain":0.0,"event_name":"World of Goop","player_choice":"Left Gold","floor":2.0,"gold_loss":20.0,"damage_taken":0.0},{"damage_healed":0.0,"max_hp_gain":0.0,"max_hp_loss":0.0,"gold_gain":0.0,"event_name":"Golden Idol","player_choice":"Take Damage","floor":3.0,"gold_loss":0.0,"damage_taken":20.0,"relics_obtained":["Golden Idol"]},{"damage_healed":0.0,"max_hp_gain":0.0,"max_hp_loss":0.0,"gold_gain":0.0,"event_name":"Forgotten Altar","player_choice":"Gave Idol","floor":19.0,"relics_lost":["Golden Idol"],"gold_loss":0.0,"damage_taken":0.0,"relics_obtained":["Bloody Idol"]},{"cards_removed":["Strike_R"],"damage_healed":0.0,"max_hp_gain":0.0,"max_hp_loss":0.0,"gold_gain":0.0,"event_name":"Designer","player_choice":"Upgrade and Remove","floor":20.0,"gold_loss":90.0,"damage_taken":0.0,"cards_upgraded":["Strike_R"]},{"damage_healed":0,"gold_gain":0,"player_choice":"Became a vampire","damage_taken":0,"max_hp_gain":0,"max_hp_loss":31,"event_name":"Vampires","floor":24,"gold_loss":0,"cards_obtained":["Bite","Bite","Bite","Bite","Bite"]}],"is_beta":false,"boss_relics":[{"not_picked":["Empty Cage","Lizard Tail"],"picked":"Calling Bell"}],"items_purged_floors":[],"is_endless":false,"potions_floor_spawned":[4,6,8,11,21,23],"killed_by":"Gremlin Leader","ascension_level":8}