{"gold_per_floor":[111,111,111,11,21,21,48,59,128,148,164,164,164,180,180,278,278,288,288,288,134,153,153,170,187,233,158,55,72,92,144,144,248,248,263,363,380,60,80,80,30,64,138,154,172,172,172,186,186,186],"floor_reached":51,"playtime":7366,"items_purged":["Strike_G","Defend_G","Strike_G","Strike_G","Defend_G"],"score":777,"play_id":"5de59114-c26e-4601-8ff3-fa531830187b","local_time":"20190302201901","is_ascension_mode":true,"campfire_choices":[{"data":"Noxious Fumes","floor":6,"key":"SMITH"},{"data":"Blur","floor":13,"key":"SMITH"},{"data":"Deadly Poison","floor":15,"key":"SMITH"},{"data":"RitualDagger","floor":23,"key":"SMITH"},{"floor":32,"key":"REST"},{"floor":40,"key":"REST"},{"data":"Well Laid Plans","floor":47,"key":"SMITH"},{"floor":49,"key":"REST"}],"neow_cost":"TEN_PERCENT_HP_LOSS","seed_source_timestamp":355494998759158,"circlet_count":0,"master_deck":["Defend_G","Defend_G","Defend_G","Survivor","Neutralize","Noxious Fumes+1","Bane","Deadly Poison+1","Quick Slash","Prepared","Blur+1","Slice","Corpse Explosion","Deadly Poison","RitualDagger+1","Acrobatics","Well Laid Plans+1","Poisoned Stab+1","Expertise","Dagger Throw","Reflex+1","Malaise","Prepared+1","Escape Plan+1","Outmaneuver+1","Terror","Catalyst+1","PiercingWail","Cloak And Dagger","Deadly Poison","Catalyst+1"],"relics":["Ring of the Snake","Incense Burner","Strawberry","Mercury Hourglass","StoneCalendar","Philosopher\u0027s Stone","Smiling Mask","Regal Pillow","Lizard Tail","Gambling Chip","Dream Catcher","Bag of Marbles","Mummified Hand"],"potions_floor_usage":[33,37,42,50,50],"damage_taken":[{"damage":0,"enemies":"2 Louse","floor":1,"turns":4},{"damage":5,"enemies":"Small Slimes","floor":5,"turns":3},{"damage":18,"enemies":"3 Sentries","floor":7,"turns":7},{"damage":0,"enemies":"Cultist","floor":8,"turns":3},{"damage":1,"enemies":"Exordium Thugs","floor":10,"turns":5},{"damage":3,"enemies":"3 Louse","floor":11,"turns":3},{"damage":1,"enemies":"Blue Slaver","floor":14,"turns":3},{"damage":0,"enemies":"Slime Boss","floor":16,"turns":7},{"damage":0,"enemies":"3 Byrds","floor":18,"turns":2},{"damage":10,"enemies":"Shell Parasite","floor":22,"turns":4},{"damage":9,"enemies":"3 Cultists","floor":24,"turns":4},{"damage":6,"enemies":"Cultist and Chosen","floor":25,"turns":4},{"damage":18,"enemies":"Centurion and Healer","floor":29,"turns":3},{"damage":0,"enemies":"3 Cultists","floor":30,"turns":3},{"damage":51,"enemies":"Champ","floor":33,"turns":9},{"damage":15,"enemies":"Orb Walker","floor":35,"turns":4},{"damage":0,"enemies":"Mind Bloom Boss Battle","floor":36,"turns":7},{"damage":0,"enemies":"3 Shapes","floor":37,"turns":2},{"damage":30,"enemies":"Spire Growth","floor":39,"turns":5},{"damage":6,"enemies":"Reptomancer","floor":42,"turns":6},{"damage":0,"enemies":"4 Shapes","floor":44,"turns":3},{"damage":6,"enemies":"Maw","floor":45,"turns":5},{"damage":13,"enemies":"Jaw Worm Horde","floor":48,"turns":4},{"damage":51,"enemies":"Donu and Deca","floor":50,"turns":5}],"seed_played":"-8332336162250282695","potions_obtained":[{"floor":1,"key":"FearPotion"},{"floor":7,"key":"Weak Potion"},{"floor":8,"key":"Explosive Potion"},{"floor":20,"key":"Energy Potion"},{"floor":20,"key":"Weak Potion"},{"floor":33,"key":"Dexterity Potion"},{"floor":42,"key":"Poison Potion"}],"is_trial":false,"path_per_floor":["?","?","M","T","?","?","M","?","$","T","?","?"],"character_chosen":"THE_SILENT","items_purchased":["Bane","Acrobatics","Dagger Throw","Terror","Dream Catcher","Regen Potion"],"campfire_rested":3,"item_purchase_floors":[4,21,28,38,38,38],"current_hp_per_floor":[63,68,68,68,63,63,52,52,52,51,48,48,48,47,47,47,75,75,69,69,69,59,59,50,44,44,44,44,26,26,26,63,12,75,60,60,60,60,30,67,67,61,61,61,55,55,55,42,75,33],"gold":186,"neow_bonus":"ONE_RARE_RELIC","is_prod":false,"is_daily":false,"chose_seed":false,"campfire_upgraded":5,"win_rate":0,"timestamp":1551557941,"path_taken":["M","?","?","$","M","R","E","M","T","M","?","?","R","M","R","BOSS","M","?","?","$","?","R","M","M","T","?","?","M","M","?","R","BOSS","M","?","M","$","M","R","$","E","T","M","M","?","R","M","R","BOSS"],"build_version":"2019-01-23","purchased_purges":5,"victory":true,"max_hp_per_floor":[63,68,68,68,68,68,75,75,75,75,75,75,75,75,75,75,75,75,75,75,75,75,75,75,75,75,75,75,75,75,75,75,75,75,75,75,75,75,75,75,75,75,75,75,75,75,75,75,75,75],"card_choices":[{"not_picked":["Sucker Punch","Dagger Throw"],"picked":"Noxious Fumes","floor":1},{"not_picked":["Blade Dance","Slice"],"picked":"Deadly Poison","floor":5},{"not_picked":["Phantasmal Killer","Outmaneuver"],"picked":"Quick Slash","floor":7},{"not_picked":["Dodge and Roll","Bane"],"picked":"Prepared","floor":8},{"not_picked":["Prepared","All Out Attack"],"picked":"Blur","floor":10},{"not_picked":["Heel Hook","Noxious Fumes"],"picked":"Slice","floor":11},{"not_picked":["Leg Sweep","Sucker Punch","Tactician"],"picked":"SKIP","floor":14},{"not_picked":["Phantasmal Killer","Bullet Time"],"picked":"Corpse Explosion","floor":16},{"not_picked":["Calculated Gamble","Slice"],"picked":"Deadly Poison","floor":18},{"not_picked":["Eviscerate","Underhanded Strike+1"],"picked":"Well Laid Plans","floor":22},{"not_picked":["Slice","Underhanded Strike"],"picked":"Poisoned Stab+1","floor":24},{"not_picked":["Finisher","Outmaneuver+1"],"picked":"Expertise","floor":25},{"not_picked":["Slice","Acrobatics"],"picked":"Reflex+1","floor":29},{"not_picked":["Masterful Stab","Noxious Fumes"],"picked":"Malaise","floor":30},{"not_picked":["Dagger Spray","Poisoned Stab+1"],"picked":"Prepared+1","floor":35},{"not_picked":["Backstab","Acrobatics"],"picked":"Escape Plan+1","floor":36},{"not_picked":["Quick Slash","Prepared"],"picked":"Outmaneuver+1","floor":37},{"not_picked":["Cloak And Dagger","Predator"],"picked":"Catalyst+1","floor":39},{"not_picked":["Slice+1","Cloak And Dagger+1"],"picked":"PiercingWail","floor":40},{"not_picked":["Malaise","Flying Knee+1"],"picked":"Cloak And Dagger","floor":42},{"not_picked":["Blade Dance","Choke+1"],"picked":"Deadly Poison","floor":44},{"not_picked":["Poisoned Stab","Underhanded Strike+1","Dagger Throw"],"picked":"SKIP","floor":45},{"not_picked":["Escape Plan+1","Deflect","Predator"],"picked":"SKIP","floor":48}],"player_experience":86792,"relics_obtained":[{"floor":7,"key":"Strawberry"},{"floor":9,"key":"Mercury Hourglass"},{"floor":12,"key":"StoneCalendar"},{"floor":26,"key":"Smiling Mask"},{"floor":31,"key":"Regal Pillow"},{"floor":36,"key":"Gambling Chip"},{"floor":42,"key":"Bag of Marbles"},{"floor":43,"key":"Mummified Hand"}],"event_choices":[{"damage_healed":0,"gold_gain":0,"player_choice":"Donut","damage_taken":0,"max_hp_gain":5,"max_hp_loss":0,"event_name":"Big Fish","floor":2,"gold_loss":0},{"cards_removed":["Strike_G"],"damage_healed":0,"gold_gain":0,"player_choice":"Offered Basic","damage_taken":0,"max_hp_gain":0,"max_hp_loss":0,"event_name":"Bonfire Elementals","floor":3,"gold_loss":0},{"damage_healed":0,"gold_gain":0,"player_choice":"Joined the Cult","damage_taken":6,"max_hp_gain":0,"max_hp_loss":0,"event_name":"Nest","floor":19,"gold_loss":0,"cards_obtained":["RitualDagger"]},{"damage_healed":0,"gold_gain":0,"player_choice":"Got Potions","damage_taken":0,"max_hp_gain":0,"max_hp_loss":0,"event_name":"Lab","floor":20,"gold_loss":0},{"cards_removed":["Strike_G"],"damage_healed":0,"gold_gain":0,"player_choice":"Gave Gold","damage_taken":0,"max_hp_gain":0,"max_hp_loss":0,"event_name":"Beggar","floor":27,"gold_loss":75},{"damage_healed":0,"gold_gain":0,"player_choice":"Fight","damage_taken":0,"max_hp_gain":0,"max_hp_loss":0,"event_name":"MindBloom","floor":36,"gold_loss":0},{"damage_healed":0,"gold_gain":0,"player_choice":"Copied","damage_taken":0,"max_hp_gain":0,"max_hp_loss":0,"event_name":"Duplicator","floor":46,"gold_loss":0,"cards_obtained":["Catalyst"]}],"is_beta":false,"boss_relics":[{"not_picked":["Orrery","WristBlade"],"picked":"Philosopher\u0027s Stone"},{"not_picked":["Black Star","Empty Cage"],"picked":"Lizard Tail"}],"items_purged_floors":[4,21,28,38,41],"is_endless":false,"potions_floor_spawned":[1,7,8,22,29,33,35,39,42,45,48],"ascension_level":2}