{"gold_per_floor":[118,138,153,165,165,165,181,181,181,213,288,323,323,323,323,418,418,436,74,174,189,208,208],"floor_reached":23,"playtime":1209,"items_purged":["Strike_R"],"score":283,"play_id":"922bb0d0-6585-4347-98ad-8227e60c87e9","local_time":"20190412143725","is_ascension_mode":true,"campfire_choices":[{"data":"Wild Strike","floor":6,"key":"SMITH"},{"data":"Headbutt","floor":8,"key":"SMITH"},{"data":"Fire Breathing","floor":13,"key":"SMITH"},{"data":"Dark Shackles","floor":15,"key":"SMITH"}],"neow_cost":"NONE","seed_source_timestamp":101579489481074,"circlet_count":0,"master_deck":["Strike_R","Strike_R","Strike_R","Strike_R","Defend_R","Defend_R","Defend_R","Defend_R","Bash+1","Headbutt+1","Flex","Wild Strike+1","Anger","Cleave","Fire Breathing+1","Exhume","Dark Shackles+1","Clothesline","Reaper","Bloodletting","Fire Breathing","Cleave+1","Thunderclap","Uppercut","Pommel Strike+1","Evolve"],"relics":["Black Blood","Boot","Bottled Lightning","Bottled Flame","Pen Nib","Mummified Hand","Prayer Wheel","Self Forming Clay"],"potions_floor_usage":[7,12,12,18,20],"damage_taken":[{"damage":6,"enemies":"Cultist","floor":1,"turns":3},{"damage":7,"enemies":"Jaw Worm","floor":2,"turns":3},{"damage":0,"enemies":"2 Louse","floor":3,"turns":2},{"damage":9,"enemies":"Red Slaver","floor":4,"turns":2},{"damage":11,"enemies":"Looter","floor":7,"turns":3},{"damage":16,"enemies":"Gremlin Nob","floor":10,"turns":3},{"damage":0,"enemies":"Lagavulin","floor":12,"turns":7},{"damage":53,"enemies":"Slime Boss","floor":16,"turns":9},{"damage":0,"enemies":"Chosen","floor":18,"turns":3},{"damage":35,"enemies":"Colosseum Slavers","floor":20,"turns":5},{"damage":33,"enemies":"Colosseum Nobs","floor":20,"turns":6},{"damage":22,"enemies":"Spheric Guardian","floor":21,"turns":4},{"damage":4,"enemies":"Snecko","floor":22,"turns":5},{"damage":37,"enemies":"Book of Stabbing","floor":23,"turns":3}],"seed_played":"-3369659659460228953","potions_obtained":[{"floor":3,"key":"Block Potion"},{"floor":7,"key":"SpeedPotion"},{"floor":10,"key":"PowerPotion"},{"floor":16,"key":"Block Potion"},{"floor":18,"key":"EssenceOfSteel"},{"floor":20,"key":"SpeedPotion"}],"is_trial":false,"path_per_floor":["M","M","M","M","?","R","M","R","T","E","?","E","R","?","R","B",null,"M","$","?","M","M","E"],"character_chosen":"IRONCLAD","items_purchased":["Mummified Hand","Fire Breathing"],"campfire_rested":0,"item_purchase_floors":[19,19],"current_hp_per_floor":[80,79,80,77,77,77,72,72,72,62,51,57,57,57,57,10,63,73,73,25,13,25,0],"gold":208,"neow_bonus":"RANDOM_COMMON_RELIC","is_prod":false,"is_daily":false,"chose_seed":false,"campfire_upgraded":4,"win_rate":0,"timestamp":1555094245,"path_taken":["M","M","?","?","?","R","M","R","T","E","?","E","R","?","R","BOSS","M","$","?","M","M","E"],"build_version":"2019-01-23","purchased_purges":1,"victory":false,"max_hp_per_floor":[80,80,80,80,80,80,80,80,80,80,80,80,80,80,80,80,80,80,80,80,80,80,80],"card_choices":[{"not_picked":["Twin Strike","Power Through"],"picked":"Headbutt","floor":1},{"not_picked":["Clash","True Grit"],"picked":"Flex","floor":2},{"not_picked":["Anger","Cleave"],"picked":"Wild Strike","floor":3},{"not_picked":["Perfected Strike","Wild Strike"],"picked":"Anger","floor":4},{"not_picked":["Flex","Offering"],"picked":"Cleave","floor":7},{"not_picked":["Sentinel","Perfected Strike"],"picked":"Fire Breathing","floor":10},{"not_picked":["Ghostly Armor","Blood for Blood"],"picked":"Exhume","floor":12},{"not_picked":["Impervious","Exhume"],"picked":"Reaper","floor":16},{"not_picked":["Flex+1","Anger"],"picked":"Bloodletting","floor":18},{"not_picked":["Clash+1","Fiend Fire"],"picked":"Cleave+1","floor":20},{"not_picked":["Shrug It Off","Perfected Strike"],"picked":"Thunderclap","floor":21},{"not_picked":["Anger+1","Iron Wave"],"picked":"Uppercut","floor":21},{"not_picked":["Cleave+1","Shrug It Off"],"picked":"Pommel Strike+1","floor":22},{"not_picked":["Anger","Intimidate"],"picked":"Evolve","floor":22}],"player_experience":302715,"relics_obtained":[{"floor":9,"key":"Bottled Lightning"},{"floor":10,"key":"Bottled Flame"},{"floor":12,"key":"Pen Nib"},{"floor":20,"key":"Prayer Wheel"},{"floor":20,"key":"Self Forming Clay"}],"event_choices":[{"damage_healed":0,"gold_gain":0,"player_choice":"Grow","damage_taken":0,"max_hp_gain":0,"max_hp_loss":0,"event_name":"Living Wall","floor":5,"gold_loss":0,"cards_upgraded":["Bash"]},{"damage_healed":0,"gold_gain":75,"player_choice":"Gather Gold","damage_taken":11,"max_hp_gain":0,"max_hp_loss":0,"event_name":"World of Goop","floor":11,"gold_loss":0},{"damage_healed":0,"gold_gain":0,"player_choice":"2 cards matched","damage_taken":0,"max_hp_gain":0,"max_hp_loss":0,"event_name":"Match and Keep!","floor":14,"gold_loss":0,"cards_obtained":["Dark Shackles","Clothesline"]},{"damage_healed":0,"gold_gain":0,"player_choice":"Fight","damage_taken":0,"max_hp_gain":0,"max_hp_loss":0,"event_name":"Colosseum","floor":20,"gold_loss":0},{"damage_healed":0,"gold_gain":0,"player_choice":"Fought Nobs","damage_taken":0,"max_hp_gain":0,"max_hp_loss":0,"event_name":"Colosseum","floor":20,"gold_loss":0}],"is_beta":false,"boss_relics":[{"not_picked":["Coffee Dripper","Black Star"],"picked":"Black Blood"}],"items_purged_floors":[19],"is_endless":false,"potions_floor_spawned":[3,7,10,16,18,20,20],"killed_by":"Book of Stabbing","ascension_level":5}