{"gold_per_floor":[119,119,119,138,151,151,76,76,76,76,76,138,164,218,218,218],"floor_reached":16,"playtime":528,"items_purged":["Strike_G"],"score":106,"play_id":"0bf1d86e-7115-46e2-8e16-fe8678eaa033","local_time":"20181212170545","is_ascension_mode":true,"campfire_choices":[{"data":"Footwork","floor":6,"key":"SMITH"},{"data":"Quick Slash","floor":8,"key":"SMITH"},{"data":"Survivor","floor":11,"key":"SMITH"},{"data":"Backstab","floor":15,"key":"SMITH"}],"neow_cost":"NONE","seed_source_timestamp":4438356097500,"circlet_count":0,"master_deck":["Defend_G","Defend_G","Defend_G","Defend_G","Defend_G","Strike_G","Strike_G","Strike_G","Strike_G","Survivor+1","Neutralize+1","Quick Slash+1","Footwork+1","PiercingWail","Flying Knee","Backstab+1"],"relics":["Ring of the Snake","NeowsBlessing","Gremlin Horn","Omamori","Bag of Preparation","Tiny Chest"],"potions_floor_usage":[12,12],"damage_taken":[{"damage":0,"enemies":"Small Slimes","floor":1,"turns":1},{"damage":0,"enemies":"Cultist","floor":4,"turns":1},{"damage":0,"enemies":"Jaw Worm","floor":5,"turns":1},{"damage":0,"enemies":"3 Sentries","floor":12,"turns":9},{"damage":17,"enemies":"Lagavulin","floor":13,"turns":10},{"damage":56,"enemies":"Hexaghost","floor":16,"turns":16}],"seed_played":"-5194236127952053409","potions_obtained":[{"floor":4,"key":"EssenceOfSteel"},{"floor":5,"key":"Explosive Potion"},{"floor":13,"key":"Ancient Potion"}],"is_trial":false,"path_per_floor":["M","?","$","M","M","R","$","R","T","?","R","?","E","T","R","B"],"character_chosen":"THE_SILENT","items_purchased":[],"campfire_rested":0,"item_purchase_floors":[],"current_hp_per_floor":[70,70,70,70,70,70,70,70,70,70,70,70,53,53,53,0],"gold":218,"neow_bonus":"THREE_ENEMY_KILL","is_prod":false,"is_daily":false,"chose_seed":false,"campfire_upgraded":4,"win_rate":0,"timestamp":1544652345,"path_taken":["M","?","$","M","?","R","?","R","T","?","R","?","E","?","R","BOSS"],"build_version":"2018-12-11","purchased_purges":1,"victory":false,"max_hp_per_floor":[70,70,70,70,70,70,70,70,70,70,70,70,70,70,70,70],"card_choices":[{"not_picked":["Cloak And Dagger","Deflect"],"picked":"Quick Slash","floor":1},{"not_picked":["Dagger Throw","Infinite Blades"],"picked":"Footwork","floor":4},{"not_picked":["Dagger Throw","Flying Knee"],"picked":"PiercingWail","floor":5},{"not_picked":["Endless Agony","Dodge and Roll"],"picked":"Flying Knee","floor":12},{"not_picked":["Deflect","Wraith Form v2"],"picked":"Backstab","floor":13}],"player_experience":299473,"relics_obtained":[{"floor":9,"key":"Gremlin Horn"},{"floor":12,"key":"Omamori"},{"floor":13,"key":"Bag of Preparation"},{"floor":14,"key":"Tiny Chest"}],"event_choices":[{"damage_healed":0,"gold_gain":0,"player_choice":"Upgraded","damage_taken":0,"max_hp_gain":0,"max_hp_loss":0,"event_name":"Upgrade Shrine","floor":2,"gold_loss":0,"cards_upgraded":["Neutralize"]},{"damage_healed":0,"gold_gain":0,"player_choice":"Leave","damage_taken":0,"max_hp_gain":0,"max_hp_loss":0,"event_name":"The Cleric","floor":10,"gold_loss":0},{"damage_healed":0,"gold_gain":30,"player_choice":"Searched \u00272\u0027 times","damage_taken":0,"max_hp_gain":0,"max_hp_loss":0,"event_name":"Dead Adventurer","floor":12,"gold_loss":0}],"is_beta":true,"boss_relics":[],"items_purged_floors":[7],"is_endless":false,"potions_floor_spawned":[4,5,13],"killed_by":"Hexaghost","ascension_level":2}