{"gold_per_floor":[115,13,31,31,31,31,69,69,116,152,170,170,170,186,186,317,317,340,440,454,379,397,397,410,410],"floor_reached":25,"playtime":735,"items_purged":["Regret"],"score":283,"play_id":"26ab4c83-90de-4496-9c28-00fb578caa73","local_time":"20190209014123","is_ascension_mode":true,"campfire_choices":[{"data":"Finisher","floor":6.0,"key":"SMITH"},{"data":"Neutralize","floor":8.0,"key":"SMITH"},{"floor":15.0,"key":"REST"},{"floor":23.0,"key":"REST"}],"neow_cost":"NONE","seed_source_timestamp":43230057151800,"circlet_count":0,"master_deck":["Defend_G+1","Defend_G","Defend_G","Defend_G","Defend_G","Strike_G","Strike_G","Strike_G","Strike_G","Strike_G","Survivor","Neutralize+1","Blade Dance","Finisher+1","Blade Dance+1","Phantasmal Killer+1","Choke+1","Venomology+1"],"special_seed":0,"relics":["Ring of the Snake","NeowsBlessing","War Paint","Golden Idol","Molten Egg 2","Art of War","Happy Flower","Toxic Egg 2","WristBlade"],"potions_floor_usage":[24,24],"damage_taken":[{"damage":0.0,"enemies":"Small Slimes","floor":1.0,"turns":1.0},{"damage":0.0,"enemies":"Jaw Worm","floor":3.0,"turns":1.0},{"damage":0.0,"enemies":"Lagavulin","floor":7.0,"turns":1.0},{"damage":24.0,"enemies":"Gremlin Nob","floor":10.0,"turns":4.0},{"damage":7.0,"enemies":"2 Louse","floor":11.0,"turns":2.0},{"damage":0.0,"enemies":"Large Slime","floor":14.0,"turns":1.0},{"damage":27.0,"enemies":"The Guardian","floor":16.0,"turns":13.0},{"damage":28.0,"enemies":"2 Thieves","floor":18.0,"turns":5.0},{"damage":2.0,"enemies":"Shell Parasite","floor":20.0,"turns":4.0},{"damage":8.0,"enemies":"Snecko","floor":22.0,"turns":3.0},{"damage":11,"enemies":"3 Cultists","floor":24,"turns":4},{"damage":46,"enemies":"Book of Stabbing","floor":25,"turns":5}],"seed_played":"-8462912534688495329","potions_obtained":[{"floor":10.0,"key":"Swift Potion"},{"floor":11.0,"key":"FearPotion"},{"floor":14.0,"key":"EntropicBrew"},{"floor":16.0,"key":"EssenceOfSteel"},{"floor":18.0,"key":"GamblersBrew"},{"floor":22.0,"key":"SkillPotion"}],"is_trial":false,"path_per_floor":["M","$","M","?","?","R","E","R","T","E","M","?","?","M","R","B",null,"M","?","M","$","M","R","M","E"],"character_chosen":"THE_SILENT","items_purchased":["Finisher","Blade Dance"],"campfire_rested":2,"item_purchase_floors":[2,2],"current_hp_per_floor":[70,70,70,70,53,53,53,53,53,29,22,15,15,15,36,9,70,42,42,40,40,32,53,42,0],"gold":410,"neow_bonus":"THREE_ENEMY_KILL","is_prod":false,"is_daily":false,"chose_seed":false,"campfire_upgraded":2,"win_rate":0,"timestamp":1549694483,"path_taken":["M","$","M","?","?","R","E","R","T","E","?","?","?","?","R","BOSS","M","?","?","$","M","R","M","E"],"build_version":"2019-01-23","purchased_purges":1,"victory":false,"max_hp_per_floor":[70,70,70,70,70,70,70,70,70,70,70,70,70,70,70,70,70,70,70,70,70,70,70,70,70],"card_choices":[{"not_picked":["Slice","Dash"],"picked":"Blade Dance","floor":1.0},{"not_picked":["Skewer","Bane","Dagger Throw"],"picked":"SKIP","floor":3.0},{"not_picked":["Noxious Fumes","Flying Knee","Poisoned Stab"],"picked":"SKIP","floor":7.0},{"not_picked":["Grand Finale+1","Bane+1","Reflex"],"picked":"SKIP","floor":10.0},{"not_picked":["Bane+1","Deadly Poison","Prepared"],"picked":"SKIP","floor":11.0},{"not_picked":["Crippling Poison+1","Underhanded Strike+1","Bane+1"],"picked":"SKIP","floor":14.0},{"not_picked":["Glass Knife+1","Corpse Explosion+1"],"picked":"Phantasmal Killer+1","floor":16.0},{"not_picked":["Prepared+1","Dagger Spray+1","Terror+1"],"picked":"SKIP","floor":18.0},{"not_picked":["Deflect+1","Quick Slash+1"],"picked":"Choke+1","floor":20.0},{"not_picked":["Slice+1","Dagger Throw+1"],"picked":"Venomology+1","floor":22.0},{"not_picked":["Bane+1","All Out Attack+1","Blur+1"],"picked":"SKIP","floor":24}],"player_experience":429421,"relics_obtained":[{"floor":7.0,"key":"Molten Egg 2"},{"floor":9.0,"key":"Art of War"},{"floor":10.0,"key":"Happy Flower"}],"event_choices":[{"damage_healed":0.0,"max_hp_gain":0.0,"max_hp_loss":0.0,"gold_gain":0.0,"event_name":"Big Fish","player_choice":"Box","floor":4.0,"gold_loss":0.0,"damage_taken":0.0,"relics_obtained":["War Paint"],"cards_obtained":["Regret"]},{"damage_healed":0.0,"max_hp_gain":0.0,"max_hp_loss":0.0,"gold_gain":0.0,"event_name":"Golden Idol","player_choice":"Take Damage","floor":5.0,"gold_loss":0.0,"damage_taken":17.0,"relics_obtained":["Golden Idol"]},{"damage_healed":0.0,"max_hp_gain":0.0,"max_hp_loss":0.0,"gold_gain":0.0,"event_name":"Scrap Ooze","player_choice":"Success","floor":12.0,"gold_loss":0.0,"damage_taken":7.0,"relics_obtained":["Toxic Egg 2"]},{"damage_healed":0.0,"max_hp_gain":0.0,"max_hp_loss":0.0,"gold_gain":0.0,"event_name":"Transmorgrifier","player_choice":"Ignored","floor":13.0,"gold_loss":0.0,"damage_taken":0.0},{"damage_healed":0.0,"max_hp_gain":0.0,"max_hp_loss":0.0,"gold_gain":100.0,"event_name":"Golden Shrine","player_choice":"Pray","floor":19.0,"gold_loss":0.0,"damage_taken":0.0}],"is_beta":false,"boss_relics":[{"not_picked":["Velvet Choker","Ectoplasm"],"picked":"WristBlade"}],"items_purged_floors":[21],"is_endless":false,"potions_floor_spawned":[10,11,14,16,18,22],"killed_by":"Book of Stabbing","ascension_level":4}