{"gold_per_floor":[119,132,32,52,52,52,68,103,103,103,122,153,164,164,164,267,267,277],"floor_reached":18,"playtime":1321,"items_purged":[],"score":174,"play_id":"2008295f-7455-4a8b-b127-28fdff6a5e48","local_time":"20190409152646","is_ascension_mode":false,"campfire_choices":[{"data":"Bash","floor":6,"key":"SMITH"},{"floor":15,"key":"REST"}],"neow_cost":"NONE","seed_source_timestamp":682946179494125,"circlet_count":0,"master_deck":["Strike_R","Strike_R","Strike_R","Strike_R","Defend_R","Defend_R","Defend_R","Defend_R","Bash+1","Wild Strike","Flame Barrier","Thunderclap","Cleave","Disarm","Sentinel","Infernal Blade","Seeing Red","Spot Weakness","Anger","Twin Strike","Demon Form+1","Sword Boomerang+1"],"relics":["Burning Blood","Frozen Egg 2","Torii","StoneCalendar","Mercury Hourglass","Snecko Eye"],"potions_floor_usage":[8,12],"damage_taken":[{"damage":7,"enemies":"2 Louse","floor":1,"turns":3},{"damage":1,"enemies":"Cultist","floor":2,"turns":3},{"damage":2,"enemies":"Small Slimes","floor":4,"turns":3},{"damage":21,"enemies":"Red Slaver","floor":7,"turns":6},{"damage":11,"enemies":"Gremlin Nob","floor":8,"turns":5},{"damage":2,"enemies":"Looter","floor":11,"turns":4},{"damage":12,"enemies":"3 Sentries","floor":12,"turns":7},{"damage":2,"enemies":"Exordium Thugs","floor":13,"turns":5},{"damage":17,"enemies":"The Guardian","floor":16,"turns":8},{"damage":1,"enemies":"Chosen","floor":18,"turns":4}],"seed_played":"-3222741222799084133","potions_obtained":[{"floor":2,"key":"Ancient Potion"},{"floor":7,"key":"Fire Potion"},{"floor":11,"key":"AttackPotion"},{"floor":12,"key":"EssenceOfSteel"},{"floor":13,"key":"PowerPotion"}],"is_trial":false,"path_per_floor":["?","?","M","?"],"character_chosen":"IRONCLAD","items_purchased":["Thunderclap","EssenceOfSteel"],"campfire_rested":1,"item_purchase_floors":[3,3],"current_hp_per_floor":[87,88,88,88,55,55,40,35,35,35,39,33,37,37,63,52,88,88],"gold":277,"neow_bonus":"TEN_PERCENT_HP_BONUS","is_prod":false,"is_daily":false,"chose_seed":false,"campfire_upgraded":1,"win_rate":0,"timestamp":1554820006,"path_taken":["M","M","$","M","?","R","M","E","T","?","?","E","M","?","R","BOSS","M"],"build_version":"2019-01-23","purchased_purges":0,"victory":false,"max_hp_per_floor":[88,88,88,88,88,88,88,88,88,88,88,88,88,88,88,88,88,88],"card_choices":[{"not_picked":["Perfected Strike","Metallicize"],"picked":"Wild Strike","floor":1},{"not_picked":["Cleave","Feel No Pain"],"picked":"Flame Barrier","floor":2},{"not_picked":["Shrug It Off","Blood for Blood"],"picked":"Cleave","floor":4},{"not_picked":["Rage","Corruption+1"],"picked":"Disarm","floor":7},{"not_picked":["Hemokinesis","Cleave"],"picked":"Sentinel","floor":8},{"not_picked":["Twin Strike","Disarm"],"picked":"Seeing Red","floor":11},{"not_picked":["Corruption+1","Twin Strike"],"picked":"Spot Weakness","floor":12},{"not_picked":["Perfected Strike","Twin Strike"],"picked":"Anger","floor":13},{"not_picked":["Exhume","Offering"],"picked":"Demon Form+1","floor":16},{"not_picked":["Anger","Perfected Strike"],"picked":"Sword Boomerang+1","floor":18}],"player_experience":531344,"relics_obtained":[{"floor":8,"key":"Torii"},{"floor":9,"key":"StoneCalendar"},{"floor":12,"key":"Mercury Hourglass"}],"event_choices":[{"damage_healed":0,"gold_gain":0,"player_choice":"Success","damage_taken":33,"relics_obtained":["Frozen Egg 2"],"max_hp_gain":0,"max_hp_loss":0,"event_name":"Scrap Ooze","floor":5,"gold_loss":0},{"damage_healed":0,"gold_gain":0,"cards_transformed":["Strike_R"],"player_choice":"Transformed","damage_taken":0,"max_hp_gain":0,"max_hp_loss":0,"event_name":"Transmorgrifier","floor":10,"gold_loss":0,"cards_obtained":["Infernal Blade"]},{"damage_healed":0,"gold_gain":0,"player_choice":"1 cards matched","damage_taken":0,"max_hp_gain":0,"max_hp_loss":0,"event_name":"Match and Keep!","floor":14,"gold_loss":0,"cards_obtained":["Twin Strike"]}],"is_beta":false,"boss_relics":[{"not_picked":["Lizard Tail","Coffee Dripper"],"picked":"Snecko Eye"}],"items_purged_floors":[],"is_endless":false,"potions_floor_spawned":[2,7,11,12,13],"killed_by":"Chosen","ascension_level":0}