{"gold_per_floor":[213,108,108,108,121,155,155,174,174,203,213,213,244,257,257,361,361,371,383,30,49,0,29,29,45,95,108,142,15,15,76,76,175,175,187,187,206,56,71,71,101,118,165,165,178,191,191,201,201,201],"floor_reached":51,"playtime":5088,"items_purged":[],"score":1226,"play_id":"3abe60a2-9946-4990-9de9-c68069eee8c7","local_time":"20190405214219","is_ascension_mode":true,"campfire_choices":[{"floor":7,"key":"REST"},{"data":"Neutralize","floor":12,"key":"SMITH"},{"data":"Sucker Punch","floor":15,"key":"SMITH"},{"floor":24,"key":"REST"},{"data":"Finisher","floor":30,"key":"SMITH"},{"data":"Noxious Fumes","floor":32,"key":"SMITH"},{"floor":40,"key":"REST"},{"floor":44,"key":"REST"},{"floor":47,"key":"REST"},{"floor":49,"key":"REST"}],"neow_cost":"NONE","seed_source_timestamp":356107970155277,"circlet_count":0,"master_deck":["AscendersBane","Defend_G","Defend_G","Defend_G+1","Defend_G","Defend_G","Strike_G","Strike_G","Strike_G","Strike_G","Strike_G","Survivor","Neutralize+1","Quick Slash","Dagger Spray","Endless Agony","Cloak And Dagger","Finisher+1","Quick Slash","Well Laid Plans","Wraith Form v2","Sucker Punch+1","Corpse Explosion+1","Cloak And Dagger+1","Noxious Fumes+1","Blade Dance","Skewer","Blur","Predator+1","Clumsy","Deadly Poison+1","Concentrate+1","Infinite Blades","Slice","Deflect+1","Bullet Time","Choke","Pain","Backstab","Calculated Gamble+1"],"relics":["Ring of the Snake","Darkstone Periapt","PreservedInsect","Vajra","Bottled Tornado","Cursed Key","Shuriken","Incense Burner","War Paint","Bag of Preparation","Tiny Chest","Busted Crown","NlothsMask","Centennial Puzzle"],"potions_floor_usage":[6,13,16,23,25,28,33,39,45,48],"damage_taken":[{"damage":0,"enemies":"2 Louse","floor":1,"turns":3},{"damage":4,"enemies":"Small Slimes","floor":5,"turns":4},{"damage":43,"enemies":"Gremlin Nob","floor":6,"turns":6},{"damage":2,"enemies":"Jaw Worm","floor":8,"turns":4},{"damage":11,"enemies":"Lagavulin","floor":10,"turns":5},{"damage":0,"enemies":"Large Slime","floor":11,"turns":2},{"damage":12,"enemies":"3 Sentries","floor":13,"turns":4},{"damage":2,"enemies":"Red Slaver","floor":14,"turns":3},{"damage":19,"enemies":"Hexaghost","floor":16,"turns":11},{"damage":14,"enemies":"2 Thieves","floor":18,"turns":3},{"damage":1,"enemies":"3 Byrds","floor":19,"turns":2},{"damage":3,"enemies":"Centurion and Healer","floor":21,"turns":4},{"damage":0,"enemies":"Slavers","floor":23,"turns":2},{"damage":4,"enemies":"Chosen and Byrds","floor":25,"turns":4},{"damage":1,"enemies":"Snecko","floor":27,"turns":5},{"damage":4,"enemies":"Book of Stabbing","floor":28,"turns":4},{"damage":5,"enemies":"Gremlin Leader","floor":31,"turns":4},{"damage":20,"enemies":"Collector","floor":33,"turns":8},{"damage":0,"enemies":"Orb Walker","floor":35,"turns":3},{"damage":8,"enemies":"3 Shapes","floor":37,"turns":5},{"damage":18,"enemies":"Maw","floor":39,"turns":7},{"damage":19,"enemies":"Reptomancer","floor":41,"turns":5},{"damage":2,"enemies":"Spire Growth","floor":42,"turns":5},{"damage":22,"enemies":"3 Darklings","floor":45,"turns":4},{"damage":39,"enemies":"Writhing Mass","floor":46,"turns":5},{"damage":13,"enemies":"Jaw Worm Horde","floor":48,"turns":4},{"damage":36,"enemies":"Donu and Deca","floor":50,"turns":6}],"seed_played":"-82719926083525415","potions_obtained":[{"floor":1,"key":"FearPotion"},{"floor":6,"key":"Dexterity Potion"},{"floor":10,"key":"Regen Potion"},{"floor":13,"key":"FearPotion"},{"floor":19,"key":"Block Potion"},{"floor":23,"key":"Block Potion"},{"floor":25,"key":"LiquidBronze"},{"floor":31,"key":"SteroidPotion"},{"floor":33,"key":"Poison Potion"},{"floor":37,"key":"Swift Potion"},{"floor":39,"key":"GamblersBrew"}],"is_trial":false,"path_per_floor":["?","?","M","?","M"],"character_chosen":"THE_SILENT","items_purchased":["Dagger Spray","Weak Potion","Noxious Fumes","Shuriken","Blade Dance","PowerPotion","Infinite Blades","Slice","GhostInAJar","Choke"],"campfire_rested":6,"item_purchase_floors":[2,2,20,20,20,22,29,29,38,38],"current_hp_per_floor":[63,63,68,68,64,21,43,41,41,30,30,30,30,28,28,9,59,45,44,44,41,41,41,63,59,65,64,60,60,60,55,55,35,70,70,70,62,62,44,68,49,47,53,79,57,18,44,31,57,21],"gold":201,"neow_bonus":"HUNDRED_GOLD","is_prod":false,"is_daily":false,"chose_seed":false,"campfire_upgraded":4,"win_rate":0,"timestamp":1554496939,"path_taken":["M","$","?","?","M","E","R","?","T","E","M","R","E","M","R","BOSS","M","M","$","M","$","E","R","M","T","M","E","$","R","E","R","BOSS","M","?","M","$","M","R","E","?","T","R","M","M","R","M","R","BOSS"],"build_version":"2019-01-23","purchased_purges":0,"victory":true,"max_hp_per_floor":[70,70,75,75,75,75,75,75,75,75,75,75,75,75,75,75,75,75,75,75,75,75,75,75,75,81,81,81,81,81,81,81,81,81,81,81,81,81,81,81,81,81,87,87,87,87,87,87,87,87],"card_choices":[{"not_picked":["Tactician","Underhanded Strike"],"picked":"Quick Slash","floor":1},{"not_picked":["Outmaneuver","Underhanded Strike"],"picked":"Endless Agony","floor":5},{"not_picked":["Backflip","Adrenaline"],"picked":"Cloak And Dagger","floor":6},{"not_picked":["Acrobatics","Endless Agony"],"picked":"Finisher","floor":8},{"not_picked":["Escape Plan","Deadly Poison"],"picked":"Quick Slash","floor":10},{"not_picked":["Expertise","Setup"],"picked":"Well Laid Plans","floor":11},{"not_picked":["Calculated Gamble","Bane"],"picked":"Wraith Form v2","floor":13},{"not_picked":["Terror","Slice"],"picked":"Sucker Punch","floor":14},{"not_picked":["Envenom","Venomology"],"picked":"Corpse Explosion","floor":16},{"not_picked":["Endless Agony","Calculated Gamble"],"picked":"Cloak And Dagger+1","floor":18},{"not_picked":["Quick Slash","Flechettes","Terror"],"picked":"SKIP","floor":19},{"not_picked":["Sucker Punch+1","Dagger Throw"],"picked":"Skewer","floor":21},{"not_picked":["Underhanded Strike","All Out Attack"],"picked":"Blur","floor":23},{"not_picked":["Tactician","Deadly Poison"],"picked":"Predator+1","floor":25},{"not_picked":["Prepared","Wraith Form v2"],"picked":"Deadly Poison+1","floor":27},{"not_picked":["Sucker Punch+1","Blur"],"picked":"Concentrate+1","floor":28},{"not_picked":["Quick Slash","Concentrate"],"picked":"Deflect+1","floor":31},{"not_picked":["Burst","Die Die Die"],"picked":"Bullet Time","floor":33},{"not_picked":["Distraction+1"],"picked":"SKIP","floor":35},{"not_picked":["Bane"],"picked":"SKIP","floor":37},{"not_picked":["Dagger Spray"],"picked":"SKIP","floor":39},{"not_picked":["Slice"],"picked":"SKIP","floor":41},{"not_picked":["Acrobatics"],"picked":"SKIP","floor":42},{"not_picked":["Sucker Punch"],"picked":"SKIP","floor":45},{"not_picked":[],"picked":"Backstab","floor":46},{"not_picked":[],"picked":"Calculated Gamble+1","floor":48}],"player_experience":477091,"relics_obtained":[{"floor":6,"key":"Darkstone Periapt"},{"floor":9,"key":"PreservedInsect"},{"floor":10,"key":"Vajra"},{"floor":13,"key":"Bottled Tornado"},{"floor":23,"key":"Incense Burner"},{"floor":26,"key":"War Paint"},{"floor":28,"key":"Bag of Preparation"},{"floor":31,"key":"Tiny Chest"},{"floor":41,"key":"Centennial Puzzle"}],"event_choices":[{"damage_healed":0,"gold_gain":0,"player_choice":"Donut","damage_taken":0,"max_hp_gain":5,"max_hp_loss":0,"event_name":"Big Fish","floor":3,"gold_loss":0},{"damage_healed":0,"gold_gain":0,"player_choice":"Ignored","damage_taken":0,"max_hp_gain":0,"max_hp_loss":0,"event_name":"Liars Game","floor":4,"gold_loss":0},{"damage_healed":0,"gold_gain":0,"player_choice":"Trade","damage_taken":0,"relics_obtained":["NlothsMask"],"max_hp_gain":0,"max_hp_loss":0,"event_name":"FaceTrader","floor":36,"gold_loss":0}],"is_beta":false,"boss_relics":[{"not_picked":["Coffee Dripper","Astrolabe"],"picked":"Cursed Key"},{"not_picked":["Lizard Tail","Black Star"],"picked":"Busted Crown"}],"items_purged_floors":[],"is_endless":false,"potions_floor_spawned":[1,6,8,10,13,14,19,23,25,31,33,37,39,41,42],"ascension_level":11}