{"path_per_floor":["M","?","M","M","M","R","M","?","T","M","T","M","?","M","R","B",null,"M","$","?","M","$","R","M","R","T","M","?","M","?","M","R"],"character_chosen":"DEFECT","items_purchased":["Capacitor","Madness","Pen Nib","Storm"],"gold_per_floor":[217,268,288,303,314,314,330,330,330,348,396,412,377,391,391,492,492,503,293,293,310,77,77,93,93,117,129,129,148,148,168,168,168],"floor_reached":33,"campfire_rested":3,"playtime":2260,"current_hp_per_floor":[63,63,57,56,47,47,47,47,47,38,38,34,52,45,45,45,75,75,75,75,43,43,65,10,32,32,31,31,55,39,14,36,0],"items_purged":["Regret","Injury"],"gold":168,"score":293,"play_id":"b18eb1ba-971f-4b15-b763-34bdf24e98dd","local_time":"20180429152415","is_prod":false,"is_daily":false,"chose_seed":false,"is_ascension_mode":false,"campfire_upgraded":2,"timestamp":1525029855,"path_taken":["M","?","M","M","M","R","M","?","T","M","?","M","?","M","R","BOSS","M","$","?","M","$","R","M","R","T","M","?","?","?","?","R","BOSS"],"build_version":"2018-04-27v3","seed_source_timestamp":14516964387498,"purchased_purges":2,"victory":false,"master_deck":["Strike_B","Strike_B","Strike_B","Strike_B","Defend_B","Defend_B","Defend_B","Defend_B","Zap","Dualcast","Streamline+1","Rebound","Stack","Rebound","Hello World","Auto Shields","Loop","Buffer+1","Prime","Capacitor","Madness","Buffer","Storm","Self Repair+1","Self Repair","Leap+1"],"max_hp_per_floor":[75,75,75,75,75,75,75,75,75,75,75,75,75,75,75,75,75,75,75,75,75,75,75,75,75,75,75,75,75,75,75,75,75],"relics":["Cracked Core","Smiling Mask","Mummified Hand","Omamori","Calling Bell","Prayer Wheel","Dodecahedron","Bird Faced Urn","Pen Nib","Dream Catcher"],"card_choices":[{"not_picked":["Leap","Barrage"],"picked":"Streamline","floor":1},{"not_picked":["Storm","Sweeping Beam"],"picked":"Rebound","floor":3},{"not_picked":["Streamline","Flux Capacitor"],"picked":"Stack","floor":4},{"not_picked":["Capacitor","Rip and Tear"],"picked":"Rebound","floor":5},{"not_picked":["Beam Cell","Leap"],"picked":"Hello World","floor":7},{"not_picked":["Stack","All For One"],"picked":"Auto Shields","floor":10},{"not_picked":["Rebound","Barrage"],"picked":"Loop","floor":12},{"not_picked":["Undo","Impulse"],"picked":"Buffer","floor":14},{"not_picked":["All For One","Thunder Strike"],"picked":"Prime","floor":16},{"not_picked":["Axe Kick","Steam Power"],"picked":"Buffer","floor":21},{"not_picked":["Axe Kick","Beam Cell"],"picked":"Self Repair","floor":27},{"not_picked":["Auto Shields","Darkness"],"picked":"Self Repair","floor":31},{"not_picked":["Rip and Tear","Hologram"],"picked":"Leap","floor":32}],"player_experience":165517,"potions_floor_usage":[12,16,16,33,33,33],"damage_taken":[{"damage":12,"enemies":"Small Slimes","floor":1,"turns":4},{"damage":6,"enemies":"Jaw Worm","floor":3,"turns":4},{"damage":1,"enemies":"Cultist","floor":4,"turns":3},{"damage":9,"enemies":"Blue Slaver","floor":5,"turns":3},{"damage":0,"enemies":"Looter","floor":7,"turns":3},{"damage":9,"enemies":"2 Fungi Beasts","floor":10,"turns":3},{"damage":19,"enemies":"Exordium Thugs","floor":12,"turns":7},{"damage":7,"enemies":"Blue Slaver","floor":14,"turns":4},{"damage":0,"enemies":"Slime Boss","floor":16,"turns":11},{"damage":0,"enemies":"Chosen","floor":18,"turns":6},{"damage":34,"enemies":"Spheric Guardian","floor":21,"turns":6},{"damage":67,"enemies":"Slaver and Parasite","floor":24,"turns":8},{"damage":17,"enemies":"Centurion and Healer","floor":27,"turns":12},{"damage":0,"enemies":"Snecko","floor":29,"turns":6},{"damage":47,"enemies":"3 Cultists","floor":31,"turns":6},{"damage":69,"enemies":"Champ","floor":33,"turns":16}],"event_choices":[{"event_name":"Golden Wing","player_choice":"Gained Gold","floor":2,"damage_taken":0},{"event_name":"Big Fish","player_choice":"Box","floor":8,"damage_taken":0},{"event_name":"The Cleric","player_choice":"Healed","floor":13,"damage_taken":0},{"event_name":"Match and Keep!","player_choice":"0 cards matched","floor":20,"damage_taken":0},{"event_name":"Vampires","player_choice":"Ignored","floor":28,"damage_taken":0},{"event_name":"Cursed Tome","player_choice":"Obtained Book","floor":30,"damage_taken":0}],"boss_relics":[{"not_picked":["Runic Pyramid","Sozu"],"picked":"Calling Bell"}],"potions_floor_spawned":[4,5,10,12,21,29,31],"seed_played":"-1863482463084814532","killed_by":"Champ","ascension_level":0,"is_trial":false}