{"path_per_floor":["M","$","?","M","M","R","?","M","T","?","R","?","M","T","R","B",null,"M","M","?","?","$","R","E","R","T","R","M","M","?","M","R"],"character_chosen":"IRONCLAD","items_purchased":["Bludgeon","Molten Egg 2"],"gold_per_floor":[116,47,47,64,78,78,78,91,91,166,166,225,241,241,241,340,340,354,370,370,370,51,51,78,78,78,78,91,107,107,119,119],"floor_reached":33,"campfire_rested":2,"playtime":1323,"current_hp_per_floor":[80,80,64,67,73,73,73,73,73,62,62,46,35,35,59,35,80,80,76,76,76,76,76,43,43,43,43,52,37,22,31,56],"items_purged":["Writhe"],"gold":119,"score":255,"play_id":"ac957a55-9b8c-4da7-9a03-def371dac41c","is_prod":false,"is_daily":false,"is_ascension_mode":false,"campfire_upgraded":3,"path_taken":["M","?","?","M","?","R","?","M","T","?","R","?","M","?","R","BOSS","M","M","?","?","$","R","E","R","T","R","?","M","?","M","R","BOSS"],"build_version":"2018-02-15-PROD1","purchased_purges":1,"victory":false,"master_deck":["Strike_R","Strike_R+1","Strike_R","Strike_R","Strike_R","Defend_R+1","Defend_R+1","Defend_R","Defend_R+1","Bash","Bludgeon+1","Barricade+1","Shrug It Off","Fiend Fire+1","Seeing Red","Wild Strike+1"],"max_hp_per_floor":[80,80,80,80,80,80,80,80,80,80,80,80,80,80,80,80,80,80,80,80,80,80,80,80,80,80,80,80,80,85,85,85],"relics":["Burning Blood","Shovel","Ginger","Mercury Hourglass","Charon\u0027s Ashes","Sozu","Molten Egg 2","War Paint","Lantern","Magic Flower"],"card_choices":[{"not_picked":["Blood for Blood","Wild Strike"],"picked":"Shrug It Off"},{"not_picked":["Demon Form","Bludgeon"],"picked":"Fiend Fire"},{"not_picked":["Perfected Strike","Sever Soul"],"picked":"Wild Strike"}],"player_experience":100519,"potions_floor_usage":[16,16],"damage_taken":[{"damage":2,"enemies":"Cultist","floor":1,"turns":5},{"damage":3,"enemies":"2 Louse","floor":4,"turns":3},{"damage":0,"enemies":"Small Slimes","floor":5,"turns":2},{"damage":6,"enemies":"Red Slaver","floor":8,"turns":3},{"damage":22,"enemies":"3 Sentries","floor":12,"turns":6},{"damage":17,"enemies":"Exordium Thugs","floor":13,"turns":5},{"damage":30,"enemies":"Slime Boss","floor":16,"turns":9},{"damage":0,"enemies":"Chosen","floor":18,"turns":2},{"damage":10,"enemies":"Spheric Guardian","floor":19,"turns":3},{"damage":39,"enemies":"Slavers","floor":24,"turns":6},{"damage":0,"enemies":"Cultist and Chosen","floor":28,"turns":3},{"damage":24,"enemies":"3 Cultists","floor":29,"turns":6},{"damage":0,"enemies":"Snecko","floor":31,"turns":4},{"damage":59,"enemies":"Automaton","floor":33,"turns":6}],"event_choices":[{"event_name":"Shining Light","player_choice":"Entered Light","floor":3,"damage_taken":0},{"event_name":"Match and Keep!","player_choice":"2 cards matched","floor":7,"damage_taken":0},{"event_name":"World of Goop","player_choice":"Gather Gold","floor":10,"damage_taken":0},{"event_name":"Dead Adventurer","player_choice":"Searched \u00273\u0027 times","floor":12,"damage_taken":0},{"event_name":"The Library","player_choice":"Read","floor":20,"damage_taken":0},{"event_name":"Drug Dealer","player_choice":"Ignored","floor":21,"damage_taken":0},{"event_name":"Forgotten Altar","player_choice":"Shed Blood","floor":30,"damage_taken":0}],"boss_relics":[{"not_picked":["Runic Cube","Velvet Choker"],"picked":"Sozu"}],"potions_floor_spawned":[1,8,12,13,24,29],"seed_played":"-5417131196942521942","killed_by":"Automaton","ascension_level":0,"is_trial":false}