{"gold_per_floor":[115,115,40,40,5,33,50,50,77,87,114,126,126,141,141,242,242,223,223,82,100,100,100,130,130,130,130,144,162,174,187,187,282,282,294,294,305,320,320,351,351,385,409,409,423,441,441,451,451,451],"floor_reached":50,"playtime":5878,"items_purged":["Strike_G","Strike_G"],"score":641,"play_id":"f0548446-774d-434b-8e7d-fb066bcb63bd","local_time":"20190317232249","is_ascension_mode":true,"campfire_choices":[{"floor":8.0,"key":"REST"},{"floor":15.0,"key":"REST"},{"data":"Venomology","floor":23.0,"key":"SMITH"},{"floor":27.0,"key":"REST"},{"floor":32.0,"key":"REST"},{"data":"Burst","floor":41.0,"key":"SMITH"},{"data":"Outmaneuver","floor":44.0,"key":"SMITH"},{"data":"Neutralize","floor":47.0,"key":"SMITH"},{"floor":49.0,"key":"RECALL"}],"neow_cost":"TEN_PERCENT_HP_LOSS","seed_source_timestamp":747806239233587,"circlet_count":0,"master_deck":["Defend_G+1","Defend_G+1","Defend_G+1","Defend_G","Defend_G","Strike_G+1","Strike_G","Survivor","Neutralize+1","Flying Knee","Slice","Cloak And Dagger","Venomology+1","Footwork","Blur","Adrenaline","Flechettes","Well Laid Plans","Leg Sweep","Flechettes","Backflip","Outmaneuver+1","Footwork","Blur","Necronomicurse","Noxious Fumes+1","Malaise","Choke","Burst+1","Choke","Backflip+1","Outmaneuver+1","Malaise","Noxious Fumes+1"],"special_seed":0,"relics":["Ring of the Snake","The Specimen","Dodecahedron","War Paint","Bottled Flame","Orrery","Necronomicon","Oddly Smooth Stone","Coffee Dripper","Centennial Puzzle","Dead Branch","Regal Pillow"],"potions_floor_usage":[50,50,50,50],"damage_taken":[{"damage":0.0,"enemies":"Small Slimes","floor":1.0,"turns":5.0},{"damage":30.0,"enemies":"Gremlin Nob","floor":6.0,"turns":5.0},{"damage":0.0,"enemies":"2 Louse","floor":7.0,"turns":2.0},{"damage":1.0,"enemies":"Jaw Worm","floor":10.0,"turns":4.0},{"damage":25.0,"enemies":"3 Sentries","floor":11.0,"turns":10.0},{"damage":3.0,"enemies":"Exordium Wildlife","floor":12.0,"turns":4.0},{"damage":0.0,"enemies":"3 Louse","floor":14.0,"turns":4.0},{"damage":37.0,"enemies":"Slime Boss","floor":16.0,"turns":14.0},{"damage":1.0,"enemies":"2 Thieves","floor":18.0,"turns":4.0},{"damage":11.0,"enemies":"Spheric Guardian","floor":21.0,"turns":11.0},{"damage":24.0,"enemies":"Slavers","floor":24.0,"turns":9.0},{"damage":0.0,"enemies":"Snake Plant","floor":28.0,"turns":9.0},{"damage":3.0,"enemies":"Centurion and Healer","floor":29.0,"turns":16.0},{"damage":1.0,"enemies":"Shelled Parasite and Fungi","floor":30.0,"turns":8.0},{"damage":5.0,"enemies":"Cultist and Chosen","floor":31.0,"turns":10.0},{"damage":25.0,"enemies":"Collector","floor":33.0,"turns":10.0},{"damage":0.0,"enemies":"3 Shapes","floor":35.0,"turns":7.0},{"damage":2.0,"enemies":"3 Darklings","floor":37.0,"turns":7.0},{"damage":1.0,"enemies":"4 Shapes","floor":38.0,"turns":5.0},{"damage":8.0,"enemies":"Nemesis","floor":40.0,"turns":8.0},{"damage":31.0,"enemies":"Giant Head","floor":42.0,"turns":10.0},{"damage":2.0,"enemies":"Jaw Worm Horde","floor":45.0,"turns":5.0},{"damage":3.0,"enemies":"Transient","floor":46.0,"turns":5.0},{"damage":0.0,"enemies":"Writhing Mass","floor":48.0,"turns":6.0},{"damage":21,"enemies":"Donu and Deca","floor":50,"turns":9}],"seed_played":"3728832621668893958","potions_obtained":[{"floor":6.0,"key":"Fire Potion"},{"floor":7.0,"key":"SteroidPotion"},{"floor":11.0,"key":"Block Potion"},{"floor":14.0,"key":"Dexterity Potion"},{"floor":16.0,"key":"Ancient Potion"},{"floor":21.0,"key":"Regen Potion"},{"floor":37.0,"key":"AttackPotion"},{"floor":42.0,"key":"LiquidBronze"},{"floor":48.0,"key":"Block Potion"}],"is_trial":false,"path_per_floor":["?","?","?","M","?","?","?","?","M","?","?","M"],"character_chosen":"THE_SILENT","items_purchased":["Footwork"],"campfire_rested":4,"item_purchase_floors":[20],"current_hp_per_floor":[63,63,63,50,63,33,33,51,51,50,25,22,22,22,40,3,63,62,62,62,51,35,35,26,15,15,35,35,32,31,26,46,21,68,68,65,63,62,62,54,54,23,23,23,21,18,18,18,18,0],"gold":451,"neow_bonus":"ONE_RARE_RELIC","is_prod":false,"is_daily":false,"chose_seed":false,"campfire_upgraded":4,"win_rate":0,"timestamp":1552890169,"path_taken":["M","?","$","?","?","E","M","R","T","?","E","M","?","M","R","BOSS","M","?","$","M","?","R","E","?","T","R","M","M","?","M","R","BOSS","M","?","M","M","?","E","R","E","T","R","M","M","R","?","R","BOSS"],"build_version":"2019-01-23","purchased_purges":2,"victory":false,"max_hp_per_floor":[63,63,63,63,63,63,63,63,63,63,63,63,63,63,63,63,63,63,63,63,63,63,63,63,68,68,68,68,68,68,68,68,68,68,68,65,65,65,65,65,65,65,65,65,65,65,65,65,65,65],"card_choices":[{"not_picked":["Bane","Expertise"],"picked":"Flying Knee","floor":1.0},{"not_picked":["Eviscerate","Dagger Spray"],"picked":"Cloak And Dagger","floor":6.0},{"not_picked":["Prepared","Riddle With Holes","Dagger Spray"],"picked":"SKIP","floor":7.0},{"not_picked":["Acrobatics","Quick Slash"],"picked":"Venomology","floor":10.0},{"not_picked":["Sucker Punch","Bouncing Flask"],"picked":"Footwork","floor":11.0},{"not_picked":["Choke","Prepared","Dagger Spray"],"picked":"SKIP","floor":12.0},{"not_picked":["Masterful Stab","Quick Slash"],"picked":"Blur","floor":14.0},{"not_picked":["Malaise","Envenom"],"picked":"Adrenaline","floor":16.0},{"not_picked":["Sucker Punch","Blade Dance"],"picked":"Flechettes","floor":17.0},{"not_picked":["Infinite Blades","Finisher"],"picked":"Well Laid Plans","floor":17.0},{"not_picked":["Poisoned Stab","PiercingWail"],"picked":"Leg Sweep","floor":17.0},{"not_picked":["Bouncing Flask","Quick Slash"],"picked":"Flechettes","floor":17.0},{"not_picked":["Cloak And Dagger","Eviscerate"],"picked":"Backflip","floor":17.0},{"not_picked":["Dash","Choke"],"picked":"Outmaneuver+1","floor":18.0},{"not_picked":["PiercingWail","Footwork"],"picked":"Blur","floor":21.0},{"not_picked":["Dagger Spray+1","Well Laid Plans"],"picked":"Flying Knee+1","floor":24.0},{"not_picked":["Cloak And Dagger","Flechettes","Poisoned Stab"],"picked":"SKIP","floor":28.0},{"not_picked":["Deadly Poison","Flying Knee+1"],"picked":"Noxious Fumes+1","floor":29.0},{"not_picked":["Crippling Poison","Underhanded Strike"],"picked":"Malaise","floor":30.0},{"not_picked":["Bane+1","Cloak And Dagger"],"picked":"Choke","floor":31.0},{"not_picked":["Malaise","Envenom"],"picked":"Burst","floor":33.0},{"not_picked":["Prepared","Masterful Stab+1"],"picked":"Choke","floor":35.0},{"not_picked":["Acrobatics+1","Deadly Poison","Dagger Spray"],"picked":"SKIP","floor":37.0},{"not_picked":["Dagger Spray","Eviscerate"],"picked":"Backflip+1","floor":38.0},{"not_picked":["Dagger Throw+1","Sucker Punch+1"],"picked":"Outmaneuver","floor":40.0},{"not_picked":["Flechettes+1","Leg Sweep+1","Prepared"],"picked":"SKIP","floor":42.0},{"not_picked":["Outmaneuver+1","Slice"],"picked":"Malaise","floor":45.0},{"not_picked":["Deadly Poison","Quick Slash+1"],"picked":"Noxious Fumes+1","floor":46.0},{"not_picked":["Outmaneuver","Flying Knee+1","Skewer+1"],"picked":"SKIP","floor":48.0}],"player_experience":73087,"relics_obtained":[{"floor":6.0,"key":"Dodecahedron"},{"floor":9.0,"key":"War Paint"},{"floor":11.0,"key":"Bottled Flame"},{"floor":22.0,"key":"Necronomicon"},{"floor":24.0,"key":"Oddly Smooth Stone"},{"floor":40.0,"key":"Centennial Puzzle"},{"floor":42.0,"key":"Dead Branch"},{"floor":43.0,"key":"Regal Pillow"}],"event_choices":[{"damage_healed":0.0,"max_hp_gain":0.0,"max_hp_loss":0.0,"gold_gain":0.0,"cards_transformed":["Strike_G"],"event_name":"Living Wall","player_choice":"Change","floor":2.0,"gold_loss":0.0,"damage_taken":0.0,"cards_obtained":["Slice"]},{"damage_healed":0.0,"max_hp_gain":0.0,"max_hp_loss":0.0,"gold_gain":0.0,"event_name":"Shining Light","player_choice":"Entered Light","floor":4.0,"gold_loss":0.0,"damage_taken":13.0,"cards_upgraded":["Strike_G","Defend_G"]},{"damage_healed":15.0,"max_hp_gain":0.0,"max_hp_loss":0.0,"gold_gain":0.0,"event_name":"The Cleric","player_choice":"Healed","floor":5.0,"gold_loss":35.0,"damage_taken":0.0},{"damage_healed":0.0,"max_hp_gain":0.0,"max_hp_loss":0.0,"gold_gain":0.0,"event_name":"Liars Game","player_choice":"Ignored","floor":13.0,"gold_loss":0.0,"damage_taken":0.0},{"damage_healed":0.0,"max_hp_gain":0.0,"max_hp_loss":0.0,"gold_gain":0.0,"event_name":"Vampires","player_choice":"Ignored","floor":19.0,"gold_loss":0.0,"damage_taken":0.0},{"damage_healed":0.0,"max_hp_gain":0.0,"max_hp_loss":0.0,"gold_gain":0.0,"event_name":"Cursed Tome","player_choice":"Obtained Book","floor":22.0,"gold_loss":0.0,"damage_taken":16.0},{"damage_healed":0.0,"max_hp_gain":5.0,"max_hp_loss":0.0,"gold_gain":0.0,"event_name":"Forgotten Altar","player_choice":"Shed Blood","floor":25.0,"gold_loss":0.0,"damage_taken":16.0},{"damage_healed":0.0,"max_hp_gain":0.0,"max_hp_loss":3.0,"gold_gain":0.0,"event_name":"Winding Halls","player_choice":"Max HP","floor":36.0,"gold_loss":0.0,"damage_taken":0.0},{"cards_removed":["Flying Knee"],"damage_healed":0.0,"max_hp_gain":0.0,"max_hp_loss":0.0,"gold_gain":0.0,"event_name":"Falling","player_choice":"Removed Attack","floor":39.0,"gold_loss":0.0,"damage_taken":0.0}],"is_beta":false,"boss_relics":[{"not_picked":["White Beast Statue","Philosopher\u0027s Stone"],"picked":"Orrery"},{"not_picked":["Lizard Tail","Fusion Hammer"],"picked":"Coffee Dripper"}],"items_purged_floors":[3,20],"is_endless":false,"potions_floor_spawned":[6,7,11,14,16,21,30,31,37,42,46,48],"killed_by":"Donu and Deca","ascension_level":4}