{"path_per_floor":["M","?","M","$","M","R","M","M","T","M","R","M","M","M","R"],"character_chosen":"DEFECT","items_purchased":["Anchor"],"gold_per_floor":[211,211,228,82,95,95,115,134,164,184,184,204,219,235,235,235],"floor_reached":16,"campfire_rested":1,"playtime":691,"current_hp_per_floor":[73,58,56,56,56,56,54,44,44,42,42,38,38,28,50,0],"items_purged":[],"gold":235,"score":98,"play_id":"cbef2a45-98b9-44d8-a86d-c6fe66c59742","local_time":"20180501144947","is_prod":false,"is_daily":false,"chose_seed":false,"is_ascension_mode":false,"campfire_upgraded":2,"timestamp":1525200587,"path_taken":["M","?","M","$","M","R","M","M","T","M","R","M","M","M","R","BOSS"],"build_version":"2018-04-30","seed_source_timestamp":186825962507484,"purchased_purges":0,"victory":false,"master_deck":["Strike_B+1","Strike_B","Strike_B","Strike_B","Defend_B","Defend_B","Defend_B","Defend_B","Zap","Dualcast","Impulse+1","Turbo","Defragment+1","Auto Shields","Axe Kick","Chill+1","Cold Snap","Creative AI","Ball Lightning"],"max_hp_per_floor":[75,75,75,75,75,75,75,75,75,75,75,75,75,75,75,75],"relics":["Cracked Core","Anchor","Tiny Chest"],"card_choices":[{"not_picked":["Rebound","Turbo"],"picked":"Impulse","floor":1},{"not_picked":["Barrage","Cold Snap"],"picked":"Turbo","floor":3},{"not_picked":["Force Field","Rip and Tear"],"picked":"Defragment","floor":5},{"not_picked":["Go for the Eyes","Stack"],"picked":"Auto Shields","floor":7},{"not_picked":["Turbo","Hologram"],"picked":"Axe Kick","floor":8},{"not_picked":["Turbo","Leap"],"picked":"Chill","floor":10},{"not_picked":["Melter","Hologram"],"picked":"Cold Snap","floor":12},{"not_picked":["Recycle","Leap"],"picked":"Creative AI","floor":13},{"not_picked":["Go for the Eyes","Beam Cell"],"picked":"Ball Lightning","floor":14}],"player_experience":176834,"potions_floor_usage":[16,16,16],"damage_taken":[{"damage":2,"enemies":"Jaw Worm","floor":1,"turns":4},{"damage":2,"enemies":"2 Louse","floor":3,"turns":2},{"damage":0,"enemies":"Small Slimes","floor":5,"turns":2},{"damage":2,"enemies":"Blue Slaver","floor":7,"turns":3},{"damage":10,"enemies":"Gremlin Gang","floor":8,"turns":5},{"damage":2,"enemies":"3 Louse","floor":10,"turns":4},{"damage":4,"enemies":"Exordium Thugs","floor":12,"turns":4},{"damage":0,"enemies":"Lots of Slimes","floor":13,"turns":5},{"damage":10,"enemies":"Blue Slaver","floor":14,"turns":5},{"damage":50,"enemies":"Slime Boss","floor":16,"turns":10}],"event_choices":[{"event_name":"Shining Light","player_choice":"Entered Light","floor":2,"damage_taken":0}],"boss_relics":[],"potions_floor_spawned":[5,7,10],"seed_played":"4457777583165366419","killed_by":"Slime Boss","ascension_level":0,"is_trial":false}