{"gold_per_floor":[110,185,185,135,84,114,114,114,137,137,150,161,161,175,175,277,277,217,217,217,217,217,217,217,217,217,217,217,217,217,217],"floor_reached":31,"playtime":765,"items_purged":[],"score":288,"play_id":"75931859-4844-45ad-b3cf-0d5c839f41b1","local_time":"20181221221934","is_ascension_mode":true,"campfire_choices":[{"data":"Heavy Blade","floor":7.0,"key":"SMITH"},{"data":"Flex","floor":10.0,"key":"SMITH"},{"data":"Anger","floor":15.0,"key":"SMITH"},{"data":"Double Tap","floor":23.0,"key":"SMITH"},{"data":"Shrug It Off","floor":25.0,"key":"SMITH"},{"data":"Flex","floor":27.0,"key":"SMITH"}],"neow_cost":"NONE","seed_source_timestamp":3128814227800,"circlet_count":0,"master_deck":["Strike_R","Strike_R","Strike_R","Strike_R","Defend_R","Defend_R","Defend_R","Defend_R","Bash","Flex+1","Heavy Blade+1","Burning Pact","Twin Strike","Thunderclap+1","Anger+1","Double Tap+1","Flex+1","Ghostly Armor","Shrug It Off+1","Clothesline+1","Bludgeon","Inflame","Headbutt"],"special_seed":0,"relics":["Burning Blood","NeowsBlessing","Boot","Oddly Smooth Stone","CultistMask","Omamori","Ectoplasm","Regal Pillow"],"potions_floor_usage":[28,28,29,31],"damage_taken":[{"damage":0.0,"enemies":"2 Louse","floor":1.0,"turns":1.0},{"damage":0.0,"enemies":"Gremlin Nob","floor":6.0,"turns":1.0},{"damage":0.0,"enemies":"Small Slimes","floor":11.0,"turns":1.0},{"damage":0.0,"enemies":"Cultist","floor":12.0,"turns":2.0},{"damage":6.0,"enemies":"3 Louse","floor":14.0,"turns":2.0},{"damage":58.0,"enemies":"The Guardian","floor":16.0,"turns":10.0},{"damage":20.0,"enemies":"2 Thieves","floor":18.0,"turns":4.0},{"damage":20.0,"enemies":"Shell Parasite","floor":19.0,"turns":3.0},{"damage":18.0,"enemies":"3 Cultists","floor":21.0,"turns":6.0},{"damage":20.0,"enemies":"Snake Plant","floor":24.0,"turns":4.0},{"damage":6,"enemies":"Shelled Parasite and Fungi","floor":28,"turns":4},{"damage":40,"enemies":"Snecko","floor":29,"turns":5},{"damage":12,"enemies":"Snake Plant","floor":30,"turns":4},{"damage":16,"enemies":"Colosseum Slavers","floor":31,"turns":2}],"seed_played":"-8769724467845673660","potions_obtained":[{"floor":12.0,"key":"Block Potion"},{"floor":18.0,"key":"PowerPotion"},{"floor":21.0,"key":"Explosive Potion"},{"floor":24.0,"key":"Block Potion"},{"floor":28,"key":"PowerPotion"},{"floor":30,"key":"Explosive Potion"}],"is_trial":false,"path_per_floor":["M","?","?","?","$","E","R","?","T","R","M","M","?","M","R","B",null,"M","M","?","M","?","R","M","R","T","R","M","M","M","?"],"character_chosen":"IRONCLAD","items_purchased":["Heavy Blade"],"campfire_rested":0,"item_purchase_floors":[5],"current_hp_per_floor":[80,69,66,66,66,72,72,72,72,72,78,80,80,80,80,28,80,66,52,52,40,66,66,52,52,52,52,52,18,12,0],"gold":217,"neow_bonus":"THREE_ENEMY_KILL","is_prod":false,"is_daily":false,"chose_seed":false,"campfire_upgraded":6,"win_rate":0,"timestamp":1545448774,"path_taken":["M","?","?","?","$","E","R","?","T","R","?","M","?","M","R","BOSS","M","M","?","M","?","R","M","R","T","R","M","M","M","?"],"build_version":"2018-12-20","purchased_purges":0,"victory":false,"max_hp_per_floor":[80,80,80,80,80,80,80,80,80,80,80,80,80,80,80,80,80,80,80,80,80,80,80,80,80,80,80,80,80,80,80],"card_choices":[{"not_picked":["Seeing Red","Fire Breathing"],"picked":"Flex","floor":1.0},{"not_picked":["Clash","Brutality"],"picked":"Burning Pact","floor":6.0},{"not_picked":["Sword Boomerang","Havoc","Twin Strike"],"picked":"SKIP","floor":11.0},{"not_picked":["Sword Boomerang","Havoc"],"picked":"Twin Strike","floor":11.0},{"not_picked":["Bloodletting","Second Wind"],"picked":"Thunderclap","floor":12.0},{"not_picked":["Iron Wave","Exhume"],"picked":"Anger","floor":14.0},{"not_picked":["Dark Embrace","Exhume"],"picked":"Double Tap","floor":16.0},{"not_picked":["Dual Wield","Heavy Blade"],"picked":"Flex","floor":18.0},{"not_picked":["Perfected Strike","True Grit"],"picked":"Ghostly Armor","floor":19.0},{"not_picked":["Havoc+1","Pommel Strike"],"picked":"Shrug It Off","floor":21.0},{"not_picked":["Combust","Thunderclap"],"picked":"Clothesline+1","floor":24.0},{"not_picked":["Wild Strike+1","Sentinel"],"picked":"Bludgeon","floor":28},{"not_picked":["Infernal Blade","Rupture"],"picked":"Inflame","floor":29},{"not_picked":["Thunderclap","Sever Soul"],"picked":"Headbutt","floor":30}],"player_experience":307569,"relics_obtained":[{"floor":6.0,"key":"Oddly Smooth Stone"},{"floor":9.0,"key":"Omamori"},{"floor":26.0,"key":"Regal Pillow"}],"event_choices":[{"damage_healed":0.0,"max_hp_gain":0.0,"max_hp_loss":0.0,"gold_gain":75.0,"event_name":"World of Goop","player_choice":"Gather Gold","floor":2.0,"gold_loss":0.0,"damage_taken":11.0},{"damage_healed":0.0,"max_hp_gain":0.0,"max_hp_loss":0.0,"gold_gain":0.0,"event_name":"Scrap Ooze","player_choice":"Success","floor":3.0,"gold_loss":0.0,"damage_taken":3.0,"relics_obtained":["Boot"]},{"cards_removed":["Strike_R"],"damage_healed":0.0,"max_hp_gain":0.0,"max_hp_loss":0.0,"gold_gain":0.0,"event_name":"The Cleric","player_choice":"Card Removal","floor":4.0,"gold_loss":50.0,"damage_taken":0.0},{"damage_healed":0.0,"max_hp_gain":0.0,"max_hp_loss":0.0,"gold_gain":0.0,"event_name":"FaceTrader","player_choice":"Trade","floor":8.0,"gold_loss":0.0,"damage_taken":0.0,"relics_obtained":["CultistMask"]},{"damage_healed":0.0,"max_hp_gain":0.0,"max_hp_loss":0.0,"gold_gain":0.0,"event_name":"Upgrade Shrine","player_choice":"Upgraded","floor":13.0,"gold_loss":0.0,"damage_taken":0.0,"cards_upgraded":["Thunderclap"]},{"damage_healed":0.0,"max_hp_gain":0.0,"max_hp_loss":0.0,"gold_gain":99.0,"event_name":"Nest","player_choice":"Stole From Cult","floor":20.0,"gold_loss":0.0,"damage_taken":0.0},{"damage_healed":26.0,"max_hp_gain":0.0,"max_hp_loss":0.0,"gold_gain":0.0,"event_name":"The Library","player_choice":"Heal","floor":22.0,"gold_loss":0.0,"damage_taken":0.0},{"damage_healed":0,"gold_gain":0,"player_choice":"Fight","damage_taken":0,"max_hp_gain":0,"max_hp_loss":0,"event_name":"Colosseum","floor":31,"gold_loss":0}],"is_beta":false,"boss_relics":[{"not_picked":["Runic Cube","Eternal Feather"],"picked":"Ectoplasm"}],"items_purged_floors":[],"is_endless":false,"potions_floor_spawned":[12,18,21,24,28,30],"killed_by":"Colosseum Slavers","ascension_level":2}