{"path_per_floor":["M","M","?","?","M","R","E","?","T","M","M","R","?","?","R","B",null,"M","M"],"character_chosen":"THE_SILENT","items_purchased":[],"gold_per_floor":[11,31,31,31,44,44,72,72,72,82,96,96,96,151,151,249,249,262,280],"floor_reached":20,"campfire_rested":2,"playtime":913,"current_hp_per_floor":[68,68,68,68,68,68,36,36,36,36,28,49,49,29,50,1,70,69,31],"items_purged":[],"gold":280,"score":174,"play_id":"00499006-5ec7-4a86-97e0-6ea1ad566405","is_prod":false,"is_daily":false,"is_ascension_mode":false,"campfire_upgraded":1,"path_taken":["M","M","?","?","M","R","E","?","T","M","M","R","?","?","R","BOSS","M","?","M"],"build_version":"2018-02-15-PROD1","purchased_purges":0,"victory":false,"master_deck":["Defend_G","Defend_G","Defend_G","Defend_G","Defend_G","Strike_G","Strike_G","Strike_G","Survivor","Neutralize","Flying Knee","Deadly Poison+1","Poisoned Stab","Acrobatics","Venomology","Noxious Fumes","Deadly Poison","Envenom"],"max_hp_per_floor":[70,70,70,70,70,70,70,70,70,70,70,70,70,70,70,70,70,70,70],"relics":["Ring of the Snake","Du-Vu Doll","Anchor","Torii","Bag of Preparation","Snecko Eye"],"card_choices":[{"not_picked":["Acrobatics","Quick Slash"],"picked":"Flying Knee"},{"not_picked":["Bane","Dagger Spray"],"picked":"Deadly Poison"},{"not_picked":["Prepared","Tools of the Trade"],"picked":"Poisoned Stab"},{"not_picked":["Quick Slash","Distraction"],"picked":"Acrobatics"},{"not_picked":["Backflip","Quick Slash"],"picked":"Noxious Fumes"},{"not_picked":["Infinite Blades","Dodge and Roll"],"picked":"PiercingWail"},{"not_picked":["Infinite Blades","Cloak And Dagger"],"picked":"Deadly Poison"},{"not_picked":["Tools of the Trade","Bullet Time"],"picked":"Envenom"}],"player_experience":104692,"potions_floor_usage":[14,14,16,16,18,18,20,20],"damage_taken":[{"damage":2,"enemies":"2 Louse","floor":1,"turns":4},{"damage":0,"enemies":"Cultist","floor":2,"turns":4},{"damage":0,"enemies":"Jaw Worm","floor":5,"turns":4},{"damage":32,"enemies":"3 Sentries","floor":7,"turns":12},{"damage":0,"enemies":"Looter","floor":10,"turns":3},{"damage":8,"enemies":"Exordium Thugs","floor":11,"turns":5},{"damage":20,"enemies":"Lagavulin Event","floor":14,"turns":5},{"damage":49,"enemies":"Slime Boss","floor":16,"turns":11},{"damage":1,"enemies":"2 Thieves","floor":18,"turns":4},{"damage":38,"enemies":"3 Byrds","floor":19,"turns":7},{"damage":41,"enemies":"Cultist and Chosen","floor":20,"turns":6}],"event_choices":[{"event_name":"Wheel of Change","player_choice":"Card Removal","floor":3,"damage_taken":0},{"event_name":"Liars Game","player_choice":"disagreed","floor":4,"damage_taken":0},{"event_name":"Transmorgrifier","player_choice":"Transform","floor":8,"damage_taken":0},{"event_name":"Living Wall","player_choice":"Forget","floor":13,"damage_taken":0},{"event_name":"Dead Adventurer","player_choice":"Searched \u00271\u0027 times","floor":14,"damage_taken":0}],"boss_relics":[{"not_picked":["Eternal Feather","Velvet Choker"],"picked":"Snecko Eye"}],"potions_floor_spawned":[11,14,16],"seed_played":"1713574658071648427","killed_by":"Cultist and Chosen","ascension_level":0,"is_trial":false}