{"gold_per_floor":[111,111,111,111,186,186,217,234,234,234,260,278,289,324,324,399,399,416,416,416,416,431,463,463,483,483,513,513,35,35,68,68,143,143,156,156,378,378,390,415,415,450,450,450,483,493,508,17,17,17,17,17,17,17,48,48],"floor_reached":57,"playtime":4270,"items_purged":["Pain","Regret"],"score":3009,"play_id":"529898c5-f3bc-403f-9544-a3003e7f1c44","local_time":"20190425220102","is_ascension_mode":true,"campfire_choices":[{"data":"Zap","floor":10.0,"key":"SMITH"},{"data":"Multi-Cast","floor":15.0,"key":"SMITH"},{"floor":24.0,"key":"REST"},{"data":"RitualDagger","floor":28.0,"key":"SMITH"},{"floor":30.0,"key":"RECALL"},{"floor":32.0,"key":"REST"},{"data":"Consume","floor":41.0,"key":"SMITH"},{"data":"Capacitor","floor":44.0,"key":"SMITH"},{"data":"Biased Cognition","floor":49.0,"key":"SMITH"},{"data":"Fission","floor":53.0,"key":"SMITH"}],"neow_cost":"NONE","seed_source_timestamp":0,"circlet_count":0,"master_deck":["AscendersBane","Strike_B","Defend_B","Defend_B","Defend_B","Defend_B","Zap+1","Dualcast","Cold Snap","Rainbow","Compile Driver","Chill","Conserve Battery","Multi-Cast+1","Seek","Turbo","RitualDagger+1","Coolheaded+1","Reprogram","Consume+1","Core Surge","Fission+1","Biased Cognition+1","Capacitor+1","Redo+1","Self Repair","Go for the Eyes","Core Surge","Master of Strategy","Turbo"],"special_seed":0,"relics":["Cracked Core","NeowsBlessing","The Courier","FossilizedHelix","Meat on the Bone","Dead Branch","Ornamental Fan","White Beast Statue","WarpedTongs","Gambling Chip","Potion Belt","Red Mask","Runic Capacitor","WingedGreaves","Orichalcum","Eternal Feather","Anchor","Question Card","Art of War","Bag of Preparation","Ancient Tea Set","Letter Opener"],"potions_floor_usage":[56,56,56,56],"damage_taken":[{"damage":0.0,"enemies":"2 Louse","floor":1.0,"turns":1.0},{"damage":0.0,"enemies":"3 Sentries","floor":7.0,"turns":1.0},{"damage":0.0,"enemies":"Small Slimes","floor":8.0,"turns":1.0},{"damage":4.0,"enemies":"Gremlin Nob","floor":11.0,"turns":3.0},{"damage":0.0,"enemies":"Cultist","floor":12.0,"turns":3.0},{"damage":0.0,"enemies":"Lots of Slimes","floor":13.0,"turns":2.0},{"damage":15.0,"enemies":"3 Sentries","floor":14.0,"turns":8.0},{"damage":31.0,"enemies":"The Guardian","floor":16.0,"turns":14.0},{"damage":0.0,"enemies":"Chosen","floor":18.0,"turns":3.0},{"damage":14.0,"enemies":"Shell Parasite","floor":22.0,"turns":4.0},{"damage":35.0,"enemies":"Book of Stabbing","floor":23.0,"turns":5.0},{"damage":10.0,"enemies":"Shelled Parasite and Fungi","floor":25.0,"turns":3.0},{"damage":10.0,"enemies":"Masked Bandits","floor":27.0,"turns":5.0},{"damage":28.0,"enemies":"Gremlin Leader","floor":31.0,"turns":6.0},{"damage":21.0,"enemies":"Champ","floor":33.0,"turns":11.0},{"damage":3.0,"enemies":"Orb Walker","floor":35.0,"turns":4.0},{"damage":3.0,"enemies":"3 Darklings","floor":39.0,"turns":6.0},{"damage":4.0,"enemies":"Nemesis","floor":40.0,"turns":9.0},{"damage":3.0,"enemies":"Giant Head","floor":42.0,"turns":8.0},{"damage":1.0,"enemies":"Nemesis","floor":45.0,"turns":7.0},{"damage":5.0,"enemies":"Sphere and 2 Shapes","floor":46.0,"turns":8.0},{"damage":14.0,"enemies":"Maw","floor":47.0,"turns":11.0},{"damage":0.0,"enemies":"Awakened One","floor":50.0,"turns":13.0},{"damage":0.0,"enemies":"Time Eater","floor":51.0,"turns":13.0},{"damage":30,"enemies":"Shield and Spear","floor":55,"turns":8},{"damage":44,"enemies":"The Heart","floor":56,"turns":10}],"seed_played":"1449139324465253027","potions_obtained":[{"floor":12.0,"key":"FearPotion"},{"floor":14.0,"key":"Block Potion"},{"floor":16.0,"key":"Fire Potion"},{"floor":18.0,"key":"GamblersBrew"},{"floor":22.0,"key":"Poison Potion"},{"floor":23.0,"key":"Ancient Potion"},{"floor":25.0,"key":"EssenceOfSteel"},{"floor":27.0,"key":"SkillPotion"},{"floor":31.0,"key":"Dexterity Potion"},{"floor":33.0,"key":"SpeedPotion"},{"floor":35.0,"key":"SkillPotion"},{"floor":39.0,"key":"Ancient Potion"},{"floor":40.0,"key":"Ancient Potion"},{"floor":42.0,"key":"Block Potion"},{"floor":45.0,"key":"EssenceOfSteel"},{"floor":46.0,"key":"LiquidBronze"},{"floor":55,"key":"FocusPotion"}],"is_trial":false,"path_per_floor":["M","$","?","?","?","?","E","M","T","R","E","M","M","E","R","B",null,"M","?","?","?","M","E","R","M","T","?","R","$","R","E","R","B",null,"M","?","?","?","M","E","R","E","T","R","E","M","M","$","R","B","B",null,"R","$","E","B",null],"character_chosen":"DEFECT","items_purchased":["Runic Capacitor","WingedGreaves","Bag of Preparation","Ancient Tea Set","Master of Strategy"],"campfire_rested":2,"item_purchase_floors":[29,29,48,48,48],"current_hp_per_floor":[64,64,57,57,46,46,46,46,46,46,42,42,42,39,39,20,58,58,58,52,52,38,15,36,38,38,40,40,40,40,24,45,36,62,59,59,59,59,56,52,67,64,64,71,71,71,67,67,71,71,71,71,71,71,51,26],"gold":48,"neow_bonus":"THREE_ENEMY_KILL","is_prod":false,"is_daily":false,"chose_seed":false,"campfire_upgraded":7,"win_rate":0,"timestamp":1556222462,"path_taken":["M","$","?","?","?","?","E","M","T","R","E","?","?","E","R","BOSS","M","?","?","?","?","E","R","?","T","?","R","$","R","E","R","BOSS","M","?","?","?","?","E","R","E","T","R","E","M","M","$","R","BOSS","BOSS","R","$","E","BOSS"],"build_version":"2019-04-23","purchased_purges":2,"victory":true,"max_hp_per_floor":[71,71,71,71,71,71,71,71,71,71,71,71,71,71,71,71,71,71,71,71,71,71,71,71,71,71,71,71,71,71,71,71,71,71,71,71,71,71,71,71,71,71,71,71,71,71,71,71,71,71,71,71,71,71,71,71],"card_choices":[{"not_picked":["Stack","Coolheaded"],"picked":"Cold Snap","floor":1.0},{"not_picked":["Rip and Tear","Melter"],"picked":"Compile Driver","floor":7.0},{"not_picked":["Gash","Reinforced Body"],"picked":"Chill","floor":8.0},{"not_picked":["Ball Lightning","Steam"],"picked":"Conserve Battery","floor":11.0},{"not_picked":["Heatsinks","Lockon","Go for the Eyes"],"picked":"SKIP","floor":12.0},{"not_picked":["Multi-Cast","Beam Cell","Ball Lightning"],"picked":"SKIP","floor":13.0},{"not_picked":["Beam Cell","Ball Lightning"],"picked":"Multi-Cast","floor":13.0},{"not_picked":["Darkness","Hello World","Stack"],"picked":"SKIP","floor":14.0},{"not_picked":["Machine Learning","Multi-Cast"],"picked":"Seek","floor":16.0},{"not_picked":["Compile Driver","Ball Lightning"],"picked":"Turbo","floor":18.0},{"not_picked":["Heatsinks","Beam Cell"],"picked":"Coolheaded+1","floor":22.0},{"not_picked":["Go for the Eyes+1","Steam"],"picked":"Reprogram","floor":23.0},{"not_picked":["Barrage","Redo"],"picked":"Consume","floor":25.0},{"not_picked":["Reprogram","Gash"],"picked":"Core Surge","floor":27.0},{"not_picked":["Lockon","Meteor Strike","Beam Cell"],"picked":"SKIP","floor":31.0},{"not_picked":["Seek","Meteor Strike"],"picked":"Fission","floor":33.0},{"not_picked":["Skim","Redo","Melter"],"picked":"SKIP","floor":35.0},{"not_picked":["Heatsinks","Stack+1","Conserve Battery"],"picked":"SKIP","floor":39.0},{"not_picked":["Sweeping Beam","Coolheaded"],"picked":"Redo+1","floor":40.0},{"not_picked":["Ball Lightning","Consume+1"],"picked":"Self Repair","floor":42.0},{"not_picked":["Redo","Hello World","Sweeping Beam"],"picked":"Go for the Eyes","floor":45.0},{"not_picked":["Gash+1","Leap","Turbo","Streamline"],"picked":"SKIP","floor":46.0},{"not_picked":["Redo","Steam","Compile Driver"],"picked":"Core Surge","floor":47.0},{"not_picked":["Gash","Steam Power","Rip and Tear"],"picked":"Turbo","floor":55}],"player_experience":1211144,"relics_obtained":[{"floor":7.0,"key":"FossilizedHelix"},{"floor":9.0,"key":"Meat on the Bone"},{"floor":11.0,"key":"Dead Branch"},{"floor":14.0,"key":"Ornamental Fan"},{"floor":23.0,"key":"Gambling Chip"},{"floor":26.0,"key":"Potion Belt"},{"floor":27.0,"key":"Red Mask"},{"floor":31.0,"key":"Orichalcum"},{"floor":40.0,"key":"Anchor"},{"floor":42.0,"key":"Question Card"},{"floor":45.0,"key":"Art of War"},{"floor":55,"key":"Letter Opener"}],"event_choices":[{"cards_removed":["Strike_B"],"damage_healed":0.0,"max_hp_gain":0.0,"max_hp_loss":0.0,"gold_gain":0.0,"event_name":"Golden Wing","player_choice":"Card Removal","floor":3.0,"gold_loss":0.0,"damage_taken":7.0},{"damage_healed":0.0,"max_hp_gain":0.0,"max_hp_loss":0.0,"gold_gain":0.0,"event_name":"Big Fish","player_choice":"Box","floor":4.0,"gold_loss":0.0,"damage_taken":0.0,"relics_obtained":["The Courier"],"cards_obtained":["Regret"]},{"damage_healed":0.0,"max_hp_gain":0.0,"max_hp_loss":0.0,"gold_gain":75.0,"event_name":"World of Goop","player_choice":"Gather Gold","floor":5.0,"gold_loss":0.0,"damage_taken":11.0},{"damage_healed":0.0,"max_hp_gain":0.0,"max_hp_loss":0.0,"gold_gain":0.0,"cards_transformed":["Strike_B"],"event_name":"Transmorgrifier","player_choice":"Transformed","floor":6.0,"gold_loss":0.0,"damage_taken":0.0,"cards_obtained":["Rainbow"]},{"damage_healed":0.0,"max_hp_gain":0.0,"max_hp_loss":0.0,"gold_gain":0.0,"event_name":"Cursed Tome","player_choice":"Ignored","floor":19.0,"gold_loss":0.0,"damage_taken":0.0},{"damage_healed":0.0,"max_hp_gain":0.0,"max_hp_loss":0.0,"gold_gain":0.0,"event_name":"Nest","player_choice":"Joined the Cult","floor":20.0,"gold_loss":0.0,"damage_taken":6.0,"cards_obtained":["RitualDagger"]},{"damage_healed":0.0,"max_hp_gain":0.0,"max_hp_loss":0.0,"gold_gain":0.0,"event_name":"Accursed Blacksmith","player_choice":"Rummage","floor":21.0,"gold_loss":0.0,"damage_taken":0.0,"relics_obtained":["WarpedTongs"],"cards_obtained":["Pain"]},{"damage_healed":0.0,"max_hp_gain":0.0,"max_hp_loss":0.0,"gold_gain":0.0,"event_name":"Masked Bandits","player_choice":"Fought Bandits","floor":27.0,"gold_loss":0.0,"damage_taken":0.0},{"cards_removed":["Strike_B"],"damage_healed":0.0,"max_hp_gain":0.0,"max_hp_loss":0.0,"gold_gain":0.0,"event_name":"Falling","player_choice":"Removed Attack","floor":36.0,"gold_loss":0.0,"damage_taken":0.0},{"damage_healed":0.0,"max_hp_gain":0.0,"max_hp_loss":0.0,"gold_gain":222.0,"event_name":"Tomb of Lord Red Mask","player_choice":"Wore Mask","floor":37.0,"gold_loss":0.0,"damage_taken":0.0},{"damage_healed":0.0,"max_hp_gain":0.0,"max_hp_loss":0.0,"gold_gain":0.0,"event_name":"Match and Keep!","player_choice":"2 cards matched","floor":38.0,"gold_loss":0.0,"damage_taken":0.0,"cards_obtained":["Biased Cognition","Capacitor"]}],"is_beta":true,"boss_relics":[{"not_picked":["Ectoplasm","Tiny House"],"picked":"White Beast Statue"},{"not_picked":["Velvet Choker","Lizard Tail"],"picked":"Eternal Feather"}],"items_purged_floors":[29,48],"is_endless":false,"potions_floor_spawned":[12,14,16,18,22,23,25,27,31,33,35,39,40,42,45,46,47,55],"ascension_level":20}