{"path_per_floor":["M","?","M","M","?","R","?","M","T","R","T","M","M","M","R","B",null,"M","?","M","$","M","R"],"character_chosen":"THE_SILENT","items_purchased":["Ice Cream"],"gold_per_floor":[118,118,130,150,150,150,150,162,211,211,284,304,320,333,333,432,432,372,372,384,99,109,109],"floor_reached":24,"campfire_rested":1,"playtime":1825,"current_hp_per_floor":[70,63,63,63,63,63,70,70,70,70,70,68,68,65,65,46,77,75,75,59,59,29,60],"items_purged":[],"gold":109,"play_id":"b5e10ad9-bf4e-4626-ae3d-456294582a19","is_prod":false,"is_daily":false,"is_ascension_mode":false,"campfire_upgraded":3,"path_taken":["M","?","M","M","?","R","?","M","T","R","?","?","M","M","R","BOSS","M","?","M","$","M","R","E"],"build_version":"2018-02-01-PROD3","purchased_purges":0,"victory":false,"master_deck":["Defend_G","Defend_G","Defend_G","Defend_G","Defend_G","Strike_G","Strike_G","Strike_G","Survivor","Neutralize","Dagger Throw+1","Dagger Spray+1","Deflect+1","Regret","Footwork","Leg Sweep+1","Acrobatics","Outmaneuver","Malaise","Dagger Throw"],"max_hp_per_floor":[70,70,70,70,70,70,77,77,77,77,77,77,77,77,77,77,77,77,77,77,77,77,77],"relics":["Ring of the Snake","Strawberry","Pen Nib","Mummified Hand","Eternal Feather","Ice Cream"],"card_choices":[{"not_picked":["Prepared","Backflip"],"picked":"Dagger Throw"},{"not_picked":["Bane","Slice"],"picked":"Dagger Spray"},{"not_picked":["Choke","Deadly Poison"],"picked":"Deflect"},{"not_picked":["Accuracy","Escape Plan"],"picked":"Footwork"},{"not_picked":["Glass Knife","Poisoned Stab"],"picked":"Leg Sweep"},{"not_picked":["Well Laid Plans","Riddle With Holes"],"picked":"Acrobatics"},{"not_picked":["Sucker Punch","Underhanded Strike"],"picked":"Outmaneuver"},{"not_picked":["PiercingWail","Blur"],"picked":"Dagger Throw"}],"player_experience":64515,"potions_floor_usage":[14,16,16,16],"damage_taken":[{"damage":0,"enemies":"Small Slimes","floor":1,"turns":3},{"damage":0,"enemies":"Cultist","floor":3,"turns":4},{"damage":0,"enemies":"2 Louse","floor":4,"turns":3},{"damage":0,"enemies":"Looter","floor":8,"turns":4},{"damage":2,"enemies":"Large Slime","floor":12,"turns":5},{"damage":0,"enemies":"2 Fungi Beasts","floor":13,"turns":3},{"damage":3,"enemies":"3 Louse","floor":14,"turns":3},{"damage":19,"enemies":"Hexaghost","floor":16,"turns":14},{"damage":2,"enemies":"2 Thieves","floor":18,"turns":4},{"damage":16,"enemies":"Chosen","floor":20,"turns":12},{"damage":30,"enemies":"Slaver and Parasite","floor":22,"turns":14},{"damage":61,"enemies":"Slavers","floor":24,"turns":4}],"event_choices":[{"event_name":"Golden Wing","player_choice":"Card Removal","floor":2,"damage_taken":0},{"event_name":"Living Wall","player_choice":"Grow","floor":5,"damage_taken":0},{"event_name":"Big Fish","player_choice":"Box","floor":7,"damage_taken":0},{"event_name":"Transmorgrifier","player_choice":"Transform","floor":19,"damage_taken":0}],"boss_relics":[{"not_picked":["Ectoplasm","Snecko Eye"],"picked":"Eternal Feather"}],"potions_floor_spawned":[3,4,8,14],"seed_played":"6833213591890498871","killed_by":"Slavers","ascension_level":0,"is_trial":false}