{"gold_per_floor":[110,35,54,69,79,79,90,90,90,104,104,124,124,138,138,138],"floor_reached":16,"playtime":434,"items_purged":["Defend_R"],"score":96,"play_id":"b8dfa389-0b8c-4ad4-8900-a84d4572867d","local_time":"20190208162636","is_ascension_mode":false,"campfire_choices":[{"data":"Bash","floor":6,"key":"SMITH"},{"floor":8,"key":"REST"},{"floor":15,"key":"REST"}],"neow_cost":"NONE","seed_source_timestamp":10641131611300,"circlet_count":0,"master_deck":["Strike_R","Strike_R","Strike_R","Strike_R","Defend_R","Defend_R","Defend_R","Bash+1","Exhume"],"relics":["Burning Blood","Happy Flower"],"potions_floor_usage":[3,10,16,16],"damage_taken":[{"damage":6,"enemies":"Cultist","floor":1,"turns":3},{"damage":1,"enemies":"2 Louse","floor":3,"turns":2},{"damage":8,"enemies":"Jaw Worm","floor":4,"turns":3},{"damage":31,"enemies":"3 Louse","floor":5,"turns":5},{"damage":26,"enemies":"Lots of Slimes","floor":7,"turns":5},{"damage":10,"enemies":"Looter","floor":10,"turns":2},{"damage":22,"enemies":"Exordium Thugs","floor":12,"turns":5},{"damage":16,"enemies":"Red Slaver","floor":14,"turns":3},{"damage":88,"enemies":"Slime Boss","floor":16,"turns":11}],"seed_played":"-1172739040551053609","potions_obtained":[{"floor":1,"key":"Explosive Potion"},{"floor":3,"key":"FearPotion"},{"floor":5,"key":"BloodPotion"},{"floor":14,"key":"AttackPotion"}],"is_trial":false,"path_per_floor":["M","$","M","M","M","R","M","R","T","M","?","M","?","M","R","B"],"character_chosen":"IRONCLAD","items_purchased":[],"campfire_rested":2,"item_purchase_floors":[],"current_hp_per_floor":[80,80,80,78,53,53,33,57,57,53,79,63,63,53,77,0],"gold":138,"neow_bonus":"THREE_CARDS","is_prod":false,"is_daily":false,"chose_seed":false,"campfire_upgraded":1,"win_rate":0,"timestamp":1549661196,"path_taken":["M","$","M","M","?","R","M","R","T","M","?","M","?","M","R","BOSS"],"build_version":"2019-01-23","purchased_purges":1,"victory":false,"max_hp_per_floor":[80,80,80,80,80,80,80,80,80,80,80,80,80,80,80,80],"card_choices":[{"not_picked":["Ghostly Armor","Sword Boomerang","Armaments"],"picked":"SKIP","floor":1},{"not_picked":["Disarm","Power Through","Sword Boomerang"],"picked":"SKIP","floor":3},{"not_picked":["Inflame","Iron Wave","Wild Strike"],"picked":"SKIP","floor":4},{"not_picked":["Armaments","Feel No Pain","Thunderclap"],"picked":"SKIP","floor":5},{"not_picked":["Flex","Searing Blow","Ghostly Armor"],"picked":"SKIP","floor":7},{"not_picked":["Body Slam","Feed","Clash"],"picked":"SKIP","floor":10},{"not_picked":["Clash","Flex","Anger"],"picked":"SKIP","floor":12},{"not_picked":["Anger","Pommel Strike","Dual Wield"],"picked":"SKIP","floor":14}],"player_experience":422795,"relics_obtained":[{"floor":9,"key":"Happy Flower"}],"event_choices":[{"damage_healed":26,"gold_gain":0,"player_choice":"Banana","damage_taken":0,"max_hp_gain":0,"max_hp_loss":0,"event_name":"Big Fish","floor":11,"gold_loss":0},{"damage_healed":0,"gold_gain":0,"cards_transformed":["Strike_R"],"player_choice":"Change","damage_taken":0,"max_hp_gain":0,"max_hp_loss":0,"event_name":"Living Wall","floor":13,"gold_loss":0,"cards_obtained":["Exhume"]}],"is_beta":false,"boss_relics":[],"items_purged_floors":[2],"is_endless":false,"potions_floor_spawned":[1,3,5,14],"killed_by":"Slime Boss","ascension_level":0}