{"gold_per_floor":[13,13,13,24,24,50,50,78,78,93,110,110,123,149,149,246,246,264,276,375,375,375],"floor_reached":22,"playtime":935,"items_purged":[],"score":275,"play_id":"070d5db9-078a-4463-8cf2-f6e963b7891a","local_time":"20190129124823","is_ascension_mode":true,"campfire_choices":[{"floor":7,"key":"REST"},{"floor":12,"key":"REST"},{"data":"Echo Form","floor":15,"key":"SMITH"}],"neow_cost":"NO_GOLD","seed_source_timestamp":409189831985573,"circlet_count":0,"master_deck":["Strike_B+1","Strike_B","Strike_B","Defend_B","Defend_B+1","Zap","Dualcast","Doom and Gloom","Leap","Cold Snap","Conserve Battery","Echo Form+1","Cold Snap","Ball Lightning","Rebound","Capacitor","Aggregate","Seek","Aggregate","Beam Cell+1"],"relics":["Cracked Core","Emotion Chip","Bottled Lightning","Calipers","Bag of Preparation","Inserter","MutagenicStrength"],"potions_floor_usage":[6,13,16,16],"damage_taken":[{"damage":0,"enemies":"2 Louse","floor":1,"turns":1},{"damage":7,"enemies":"Jaw Worm","floor":4,"turns":3},{"damage":26,"enemies":"3 Sentries","floor":6,"turns":5},{"damage":23,"enemies":"Gremlin Nob","floor":8,"turns":4},{"damage":0,"enemies":"Cultist","floor":10,"turns":3},{"damage":0,"enemies":"Blue Slaver","floor":11,"turns":3},{"damage":0,"enemies":"Red Slaver","floor":13,"turns":2},{"damage":0,"enemies":"Lagavulin","floor":14,"turns":4},{"damage":10,"enemies":"Slime Boss","floor":16,"turns":6},{"damage":12,"enemies":"Chosen","floor":18,"turns":5},{"damage":13,"enemies":"Spheric Guardian","floor":19,"turns":4},{"damage":58,"enemies":"Masked Bandits","floor":22,"turns":3}],"seed_played":"2745393619223483378","potions_obtained":[{"floor":4,"key":"AttackPotion"},{"floor":11,"key":"Fire Potion"},{"floor":13,"key":"Weak Potion"},{"floor":14,"key":"Explosive Potion"}],"is_trial":false,"path_per_floor":["M","?","?","M","?","E","R","E","T","M","M","R","M","E","R","B",null,"M","M","?","?","?"],"character_chosen":"DEFECT","items_purchased":[],"campfire_rested":2,"item_purchase_floors":[],"current_hp_per_floor":[75,68,68,61,46,20,42,19,19,19,19,41,41,41,41,31,75,63,50,50,50,0],"gold":375,"neow_bonus":"TRANSFORM_TWO_CARDS","is_prod":false,"is_daily":false,"chose_seed":false,"campfire_upgraded":1,"win_rate":0,"timestamp":1548784103,"path_taken":["M","?","?","M","?","E","R","E","T","M","M","R","M","E","R","BOSS","M","M","?","?","?"],"build_version":"2019-01-23","purchased_purges":0,"victory":false,"max_hp_per_floor":[75,75,75,75,75,75,75,75,75,75,75,75,75,75,75,75,75,75,75,75,75,75],"card_choices":[{"not_picked":["Compile Driver","Turbo"],"picked":"Cold Snap","floor":1},{"not_picked":["Leap","Stack"],"picked":"Conserve Battery","floor":4},{"not_picked":["Stack","Streamline"],"picked":"Echo Form","floor":6},{"not_picked":["Heatsinks","Chill"],"picked":"Cold Snap","floor":8},{"not_picked":["Darkness","Barrage"],"picked":"Ball Lightning","floor":10},{"not_picked":["Stack","Coolheaded"],"picked":"Rebound","floor":11},{"not_picked":["Sweeping Beam","White Noise"],"picked":"Capacitor","floor":13},{"not_picked":["FTL","Doom and Gloom"],"picked":"Aggregate","floor":14},{"not_picked":["Hyperbeam","Thunder Strike"],"picked":"Seek","floor":16},{"not_picked":["Leap","Undo"],"picked":"Aggregate","floor":18},{"not_picked":["Blizzard","Cold Snap"],"picked":"Beam Cell+1","floor":19}],"player_experience":159274,"relics_obtained":[{"floor":6,"key":"Emotion Chip"},{"floor":8,"key":"Bottled Lightning"},{"floor":9,"key":"Calipers"},{"floor":14,"key":"Bag of Preparation"}],"event_choices":[{"cards_removed":["Defend_B"],"damage_healed":0,"gold_gain":0,"player_choice":"Card Removal","damage_taken":7,"max_hp_gain":0,"max_hp_loss":0,"event_name":"Golden Wing","floor":2,"gold_loss":0},{"damage_healed":0,"gold_gain":0,"player_choice":"Ignored","damage_taken":0,"max_hp_gain":0,"max_hp_loss":0,"event_name":"Liars Game","floor":3,"gold_loss":0},{"damage_healed":0,"gold_gain":0,"player_choice":"Entered Light","damage_taken":15,"max_hp_gain":0,"max_hp_loss":0,"event_name":"Shining Light","floor":5,"gold_loss":0,"cards_upgraded":["Defend_B","Strike_B"]},{"damage_healed":0,"gold_gain":99,"player_choice":"Stole From Cult","damage_taken":0,"max_hp_gain":0,"max_hp_loss":0,"event_name":"Nest","floor":20,"gold_loss":0},{"damage_healed":0,"gold_gain":0,"player_choice":"Inject Mutagens","damage_taken":0,"relics_obtained":["MutagenicStrength"],"max_hp_gain":0,"max_hp_loss":0,"event_name":"Drug Dealer","floor":21,"gold_loss":0},{"damage_healed":0,"gold_gain":0,"player_choice":"Fought Bandits","damage_taken":0,"max_hp_gain":0,"max_hp_loss":0,"event_name":"Masked Bandits","floor":22,"gold_loss":0}],"is_beta":false,"boss_relics":[{"not_picked":["Sozu","Pandora\u0027s Box"],"picked":"Inserter"}],"items_purged_floors":[],"is_endless":false,"potions_floor_spawned":[4,11,13,14],"killed_by":"Masked Bandits","ascension_level":4}