{"gold_per_floor":[113,288,314,326,326,355,372,262,262,262,262,262,282,307,307,407,407,424,424,424,424,441,441,476,493,493,521,521,534,633,633,633,732,732,751,751,294,307,326,356,367,400,427,427,427,440,455,472,472,472],"floor_reached":51,"playtime":2254,"items_purged":["Doubt"],"score":1283,"play_id":"864faaf8-0d29-4999-90ae-8ab3037acca0","local_time":"20190407002850","is_ascension_mode":true,"campfire_choices":[{"data":"Zap","floor":10.0,"key":"SMITH"},{"data":"Capacitor","floor":12.0,"key":"SMITH"},{"data":"Sunder","floor":15.0,"key":"SMITH"},{"data":"Echo Form","floor":23.0,"key":"SMITH"},{"data":"Darkness","floor":28.0,"key":"SMITH"},{"data":"Rebound+1","floor":32.0,"key":"PURGE"},{"data":"Defragment","floor":44,"key":"SMITH"},{"floor":49,"key":"REST"}],"neow_cost":"NONE","seed_source_timestamp":123665433659900,"circlet_count":0,"master_deck":["AscendersBane","Defend_B","Defend_B+1","Defend_B","Defend_B","Zap+1","Dualcast+1","Ball Lightning","Capacitor","Sweeping Beam","Glacier","Capacitor+1","Conserve Battery","Cold Snap+1","Echo Form+1","Coolheaded+1","Ghostly","Ghostly","Ghostly","Ghostly","Ghostly","Recycle","Auto Shields","Defragment+1","Darkness+1","Creative AI","Parasite"],"special_seed":0,"relics":["Cracked Core","NeowsBlessing","War Paint","Happy Flower","Nunchaku","Molten Egg 2","Snecko Eye","Meat on the Bone","Bag of Preparation","Peace Pipe","Busted Crown","Blood Vial","Mercury Hourglass","Centennial Puzzle","The Courier","Vajra"],"potions_floor_usage":[],"damage_taken":[{"damage":0.0,"enemies":"Jaw Worm","floor":1.0,"turns":1.0},{"damage":0.0,"enemies":"Small Slimes","floor":4.0,"turns":1.0},{"damage":0.0,"enemies":"3 Sentries","floor":6.0,"turns":1.0},{"damage":0.0,"enemies":"Cultist","floor":7.0,"turns":3.0},{"damage":6.0,"enemies":"Looter","floor":13.0,"turns":3.0},{"damage":12.0,"enemies":"Lagavulin","floor":14.0,"turns":5.0},{"damage":40.0,"enemies":"Slime Boss","floor":16.0,"turns":7.0},{"damage":3.0,"enemies":"Chosen","floor":18.0,"turns":3.0},{"damage":0.0,"enemies":"Spheric Guardian","floor":22.0,"turns":4.0},{"damage":0.0,"enemies":"Gremlin Leader","floor":24.0,"turns":8.0},{"damage":12.0,"enemies":"Snake Plant","floor":25.0,"turns":6.0},{"damage":0.0,"enemies":"Slavers","floor":27.0,"turns":9.0},{"damage":21.0,"enemies":"Centurion and Healer","floor":29.0,"turns":7.0},{"damage":10,"enemies":"Collector","floor":33,"turns":12},{"damage":2,"enemies":"Orb Walker","floor":35,"turns":6},{"damage":0,"enemies":"3 Darklings","floor":38,"turns":7},{"damage":1,"enemies":"Writhing Mass","floor":39,"turns":8},{"damage":4,"enemies":"Reptomancer","floor":40,"turns":8},{"damage":0,"enemies":"Sphere and 2 Shapes","floor":41,"turns":8},{"damage":0,"enemies":"Giant Head","floor":42,"turns":11},{"damage":0,"enemies":"Transient","floor":46,"turns":5},{"damage":6,"enemies":"3 Darklings","floor":47,"turns":6},{"damage":1,"enemies":"Sphere and 2 Shapes","floor":48,"turns":4},{"damage":2,"enemies":"Donu and Deca","floor":50,"turns":9}],"seed_played":"-3856596970690094140","potions_obtained":[{"floor":1.0,"key":"SteroidPotion"},{"floor":7.0,"key":"EssenceOfSteel"},{"floor":13.0,"key":"Fire Potion"},{"floor":14.0,"key":"Swift Potion"},{"floor":18.0,"key":"Fruit Juice"},{"floor":22.0,"key":"Block Potion"},{"floor":29.0,"key":"EssenceOfSteel"},{"floor":33,"key":"AttackPotion"}],"is_trial":false,"path_per_floor":["M","?","T","M","?","E","M","$","T","R","$","R","M","E","R","B",null,"M","?","?","?","M","R","E","M","T","E","R","M","?","?","R","B",null,"M","?","$","M","M","E","M","E","T","R","?","M","M","M","R","B",null],"character_chosen":"DEFECT","items_purchased":["Capacitor","PowerPotion","Blood Vial","Mercury Hourglass"],"campfire_rested":1,"item_purchase_floors":[8,37,37,37],"current_hp_per_floor":[68,68,68,68,68,68,68,68,68,68,68,68,62,50,50,10,59,56,37,37,37,37,37,42,30,30,30,30,21,21,35,35,25,38,36,36,36,38,39,37,39,41,41,41,41,42,36,37,42,40],"gold":472,"neow_bonus":"THREE_ENEMY_KILL","is_prod":false,"is_daily":false,"chose_seed":false,"campfire_upgraded":6,"win_rate":0,"timestamp":1554611330,"path_taken":["M","?","?","?","?","E","M","$","T","R","?","R","M","E","R","BOSS","M","?","?","?","?","R","E","M","T","E","R","M","?","?","R","BOSS","M","?","$","M","?","E","M","E","T","R","?","M","M","M","R","BOSS"],"build_version":"2019-01-23","purchased_purges":1,"victory":true,"max_hp_per_floor":[75,75,75,75,75,75,75,75,75,75,75,75,75,75,75,75,75,75,37,37,37,37,37,42,42,42,42,42,42,42,42,42,42,42,42,42,42,42,42,42,42,42,42,42,42,42,42,42,42,42],"card_choices":[{"not_picked":["Recycle","Rebound"],"picked":"Sunder","floor":1.0},{"not_picked":["Self Repair","Barrage"],"picked":"Ball Lightning","floor":4.0},{"not_picked":["Leap","Barrage"],"picked":"Sweeping Beam","floor":6.0},{"not_picked":["Hologram","Seek"],"picked":"Glacier","floor":7.0},{"not_picked":["Recycle","Self Repair"],"picked":"Conserve Battery","floor":13.0},{"not_picked":["Fusion","Aggregate"],"picked":"Cold Snap","floor":14.0},{"not_picked":["Fission","Buffer"],"picked":"Echo Form","floor":16.0},{"not_picked":["Go for the Eyes+1","Steam"],"picked":"Coolheaded+1","floor":18.0},{"not_picked":["Coolheaded+1","Stack"],"picked":"Defragment","floor":22.0},{"not_picked":["Stack","Capacitor","Tempest+1"],"picked":"SKIP","floor":24.0},{"not_picked":["Redo","Auto Shields","Leap"],"picked":"SKIP","floor":25.0},{"not_picked":["Heatsinks","Gash+1"],"picked":"Darkness","floor":27.0},{"not_picked":["Conserve Battery","Meteor Strike+1","Steam Power"],"picked":"SKIP","floor":29.0},{"not_picked":["Echo Form","Reboot"],"picked":"Creative AI","floor":33},{"not_picked":["Lockon+1"],"picked":"SKIP","floor":35},{"not_picked":["Stack+1"],"picked":"SKIP","floor":38},{"not_picked":["Scrape+1"],"picked":"SKIP","floor":39},{"not_picked":["Reprogram+1"],"picked":"SKIP","floor":40},{"not_picked":["Reinforced Body+1"],"picked":"SKIP","floor":41},{"not_picked":["Conserve Battery+1"],"picked":"SKIP","floor":42},{"not_picked":["Rebound+1"],"picked":"SKIP","floor":46},{"not_picked":["Blizzard+1"],"picked":"SKIP","floor":47},{"not_picked":["Hologram"],"picked":"SKIP","floor":48}],"player_experience":566007,"relics_obtained":[{"floor":3.0,"key":"War Paint"},{"floor":6.0,"key":"Happy Flower"},{"floor":9.0,"key":"Nunchaku"},{"floor":14.0,"key":"Molten Egg 2"},{"floor":24.0,"key":"Meat on the Bone"},{"floor":26.0,"key":"Bag of Preparation"},{"floor":27.0,"key":"Peace Pipe"},{"floor":40,"key":"Centennial Puzzle"},{"floor":42,"key":"The Courier"},{"floor":43,"key":"Vajra"}],"event_choices":[{"damage_healed":0.0,"max_hp_gain":0.0,"max_hp_loss":0.0,"gold_gain":175.0,"event_name":"Liars Game","player_choice":"AGREE","floor":2.0,"gold_loss":0.0,"damage_taken":0.0,"cards_obtained":["Doubt"]},{"damage_healed":0.0,"max_hp_gain":0.0,"max_hp_loss":0.0,"gold_gain":0.0,"cards_transformed":["Strike_B"],"event_name":"Transmorgrifier","player_choice":"Transformed","floor":5.0,"gold_loss":0.0,"damage_taken":0.0,"cards_obtained":["Capacitor"]},{"damage_healed":0.0,"max_hp_gain":0.0,"max_hp_loss":38.0,"gold_gain":0.0,"event_name":"Ghosts","player_choice":"Became a Ghost","floor":19.0,"gold_loss":0.0,"damage_taken":0.0,"cards_obtained":["Ghostly","Ghostly","Ghostly","Ghostly","Ghostly"]},{"damage_healed":0.0,"max_hp_gain":0.0,"max_hp_loss":0.0,"gold_gain":0.0,"cards_transformed":["Strike_B","Strike_B"],"event_name":"Drug Dealer","player_choice":"Became Test Subject","floor":20.0,"gold_loss":0.0,"damage_taken":0.0,"cards_obtained":["Rebound","Recycle"]},{"damage_healed":0.0,"max_hp_gain":0.0,"max_hp_loss":0.0,"gold_gain":0.0,"cards_transformed":["Strike_B"],"event_name":"Transmorgrifier","player_choice":"Transformed","floor":21.0,"gold_loss":0.0,"damage_taken":0.0,"cards_obtained":["Auto Shields"]},{"damage_healed":0.0,"max_hp_gain":0.0,"max_hp_loss":0.0,"gold_gain":99.0,"event_name":"Nest","player_choice":"Stole From Cult","floor":30.0,"gold_loss":0.0,"damage_taken":0.0},{"damage_healed":14.0,"max_hp_gain":0.0,"max_hp_loss":0.0,"gold_gain":0.0,"event_name":"The Library","player_choice":"Heal","floor":31.0,"gold_loss":0.0,"damage_taken":0.0},{"cards_removed":["Sunder"],"damage_healed":0,"gold_gain":0,"player_choice":"Purged","damage_taken":0,"max_hp_gain":0,"max_hp_loss":0,"event_name":"Purifier","floor":36,"gold_loss":0},{"damage_healed":0,"gold_gain":0,"player_choice":"Ignored","damage_taken":0,"max_hp_gain":0,"max_hp_loss":0,"event_name":"Tomb of Lord Red Mask","floor":45,"gold_loss":0}],"is_beta":false,"boss_relics":[{"not_picked":["Empty Cage","White Beast Statue"],"picked":"Snecko Eye"},{"not_picked":["FrozenCore","Pandora\u0027s Box"],"picked":"Busted Crown"}],"items_purged_floors":[8],"is_endless":false,"potions_floor_spawned":[1,7,13,14,18,22,29,33,35,38,42,46,47,48],"ascension_level":10}