{"gold_per_floor":[112,62,76,76,41,41,52,77,77,95,128,128,128,138,138,236,236,256,256,274,55,71,71,90,90,137,156,182,182,193,222,222,325,325,338,338,353,575,125,159,205,240,240,240,240,240,252,268,268,268,268,268,65,91,91],"floor_reached":56,"playtime":4615,"items_purged":["Strike_R","Strike_R","Twin Strike"],"score":1531,"play_id":"ee36343f-3a64-4af9-9d5f-8019a883f0aa","local_time":"20190209192942","is_ascension_mode":true,"campfire_choices":[{"data":"Metallicize","floor":6.0,"key":"SMITH"},{"data":"Rampage","floor":13.0,"key":"SMITH"},{"data":"Armaments","floor":15.0,"key":"SMITH"},{"floor":23.0,"key":"REST"},{"data":"RitualDagger","floor":29.0,"key":"SMITH"},{"floor":32.0,"key":"REST"},{"data":"Metallicize","floor":44.0,"key":"SMITH"},{"floor":46.0,"key":"REST"},{"floor":49.0,"key":"RECALL"},{"data":"Exhume","floor":52.0,"key":"SMITH"}],"neow_cost":"NONE","seed_source_timestamp":12594461658200,"circlet_count":0,"master_deck":["Defend_R","Defend_R","Defend_R","Defend_R","Bash+1","Thunderclap","Metallicize+1","Offering","Rampage+1","Shrug It Off","Armaments+1","Exhume+1","Rage","RitualDagger+1","Metallicize+1"],"special_seed":0,"relics":["Burning Blood","Singing Bowl","Bottled Flame","Matryoshka","Runic Pyramid","Bag of Marbles","Paper Frog","Centennial Puzzle","Thread and Needle","Red Mask","Busted Crown","Ginger","Blood Vial","Calipers","Letter Opener","Bottled Lightning","Bronze Scales"],"potions_floor_usage":[55],"damage_taken":[{"damage":8.0,"enemies":"Small Slimes","floor":1.0,"turns":4.0},{"damage":7.0,"enemies":"Jaw Worm","floor":3.0,"turns":2.0},{"damage":6.0,"enemies":"Cultist","floor":7.0,"turns":3.0},{"damage":12.0,"enemies":"Gremlin Nob","floor":8.0,"turns":3.0},{"damage":9.0,"enemies":"3 Louse","floor":10.0,"turns":3.0},{"damage":16.0,"enemies":"3 Sentries","floor":11.0,"turns":7.0},{"damage":6.0,"enemies":"Exordium Thugs","floor":14.0,"turns":5.0},{"damage":26.0,"enemies":"Slime Boss","floor":16.0,"turns":8.0},{"damage":12.0,"enemies":"Shell Parasite","floor":18.0,"turns":7.0},{"damage":19.0,"enemies":"Spheric Guardian","floor":20.0,"turns":5.0},{"damage":17.0,"enemies":"Chosen and Byrds","floor":22.0,"turns":5.0},{"damage":13.0,"enemies":"Cultist and Chosen","floor":24.0,"turns":3.0},{"damage":6.0,"enemies":"Snake Plant","floor":27.0,"turns":1.0},{"damage":12.0,"enemies":"Slavers","floor":28.0,"turns":5.0},{"damage":6.0,"enemies":"Snecko","floor":30.0,"turns":4.0},{"damage":5.0,"enemies":"Masked Bandits","floor":31.0,"turns":6.0},{"damage":30.0,"enemies":"Automaton","floor":33.0,"turns":10.0},{"damage":6.0,"enemies":"3 Darklings","floor":35.0,"turns":3.0},{"damage":4.0,"enemies":"3 Shapes","floor":37.0,"turns":3.0},{"damage":6.0,"enemies":"Reptomancer","floor":40.0,"turns":2.0},{"damage":14.0,"enemies":"2 Orb Walkers","floor":41.0,"turns":2.0},{"damage":21.0,"enemies":"Nemesis","floor":42.0,"turns":3.0},{"damage":12.0,"enemies":"Transient","floor":47.0,"turns":5.0},{"damage":2.0,"enemies":"Spire Growth","floor":48.0,"turns":3.0},{"damage":11.0,"enemies":"Time Eater","floor":50.0,"turns":3.0},{"damage":0.0,"enemies":"Shield and Spear","floor":54.0,"turns":2.0},{"damage":101,"enemies":"The Heart","floor":55,"turns":8}],"seed_played":"2961999647612693664","potions_obtained":[{"floor":1.0,"key":"PowerPotion"},{"floor":7.0,"key":"Strength Potion"},{"floor":10.0,"key":"Strength Potion"},{"floor":11.0,"key":"GamblersBrew"},{"floor":18.0,"key":"Strength Potion"},{"floor":22.0,"key":"Weak Potion"},{"floor":28.0,"key":"Dexterity Potion"},{"floor":33.0,"key":"BloodPotion"},{"floor":41.0,"key":"Dexterity Potion"}],"is_trial":false,"path_per_floor":["M","?","M","?","$","R","M","E","T","M","E","?","R","M","R","B",null,"M","?","M","$","M","R","M","?","T","M","E","R","M","?","R","B",null,"M","?","M","?","$","E","?","E","T","R","?","R","M","M","R","B",null,"R","$","E","B",null],"character_chosen":"IRONCLAD","items_purchased":["Metallicize","Bag of Marbles","Ginger","SkillPotion","BloodPotion"],"campfire_rested":3,"item_purchase_floors":[5,21,39,39,53],"current_hp_per_floor":[78,78,77,77,77,77,77,71,71,68,58,58,58,58,58,38,70,64,58,47,47,38,63,56,56,56,58,54,54,56,59,86,64,87,89,91,95,95,95,97,93,82,82,82,72,103,101,109,109,105,109,109,109,112,17],"gold":91,"neow_bonus":"UPGRADE_CARD","is_prod":false,"is_daily":false,"chose_seed":false,"campfire_upgraded":6,"win_rate":0,"timestamp":1549758582,"path_taken":["M","?","M","?","$","R","M","E","T","?","E","?","R","M","R","BOSS","M","?","M","$","M","R","M","?","T","?","E","R","M","?","R","BOSS","M","?","M","?","$","E","?","E","T","R","?","R","M","M","R","BOSS","R","$","E","BOSS"],"build_version":"2019-01-23","purchased_purges":3,"victory":true,"max_hp_per_floor":[80,80,80,80,80,80,80,80,80,80,80,80,80,80,80,80,80,80,80,82,82,84,84,84,84,84,86,88,88,90,92,92,94,94,96,98,100,100,100,102,104,106,106,106,106,106,108,110,110,110,110,110,110,112,112],"card_choices":[{"not_picked":["Sever Soul","Clothesline"],"picked":"Twin Strike","floor":1.0},{"not_picked":["Corruption","Pommel Strike"],"picked":"Thunderclap","floor":3.0},{"not_picked":["Thunderclap","Second Wind","Clothesline"],"picked":"SKIP","floor":7.0},{"not_picked":["Warcry","Burning Pact"],"picked":"Offering","floor":8.0},{"not_picked":["Havoc","Clash"],"picked":"Rampage","floor":10.0},{"not_picked":["Wild Strike","Cleave"],"picked":"Shrug It Off","floor":11.0},{"not_picked":["Flame Barrier","True Grit"],"picked":"Armaments","floor":14.0},{"not_picked":["Impervious","Berserk"],"picked":"Exhume","floor":16.0},{"not_picked":["Fire Breathing","Reckless Charge"],"picked":"Rage","floor":18.0},{"not_picked":["Twin Strike","Clash","Havoc"],"picked":"Singing Bowl","floor":20.0},{"not_picked":["Armaments+1","Twin Strike+1","Clothesline+1"],"picked":"Singing Bowl","floor":22.0},{"not_picked":["Cleave","Corruption+1"],"picked":"Metallicize","floor":24.0},{"not_picked":["Armaments","Evolve","Flex"],"picked":"Singing Bowl","floor":27.0},{"not_picked":["Ghostly Armor+1","Uppercut","Double Tap"],"picked":"Singing Bowl","floor":28.0},{"not_picked":["Dropkick","Thunderclap","Havoc"],"picked":"Singing Bowl","floor":30.0},{"not_picked":["Fire Breathing+1","Heavy Blade+1","Iron Wave"],"picked":"Singing Bowl","floor":31.0},{"not_picked":["Berserk","Dark Embrace","Limit Break"],"picked":"Singing Bowl","floor":33.0},{"not_picked":["Sword Boomerang"],"picked":"Singing Bowl","floor":35.0},{"not_picked":["Mind Blast"],"picked":"Singing Bowl","floor":36.0},{"not_picked":["Dropkick+1"],"picked":"Singing Bowl","floor":37.0},{"not_picked":["Body Slam"],"picked":"Singing Bowl","floor":40.0},{"not_picked":["Twin Strike"],"picked":"Singing Bowl","floor":41.0},{"not_picked":["Rupture+1"],"picked":"Singing Bowl","floor":42.0},{"not_picked":["Rage+1"],"picked":"Singing Bowl","floor":47.0},{"not_picked":["Pommel Strike"],"picked":"Singing Bowl","floor":48.0},{"not_picked":["Clothesline+1"],"picked":"Singing Bowl","floor":54.0}],"player_experience":432306,"relics_obtained":[{"floor":8.0,"key":"Singing Bowl"},{"floor":9.0,"key":"Bottled Flame"},{"floor":11.0,"key":"Matryoshka"},{"floor":26.0,"key":"Paper Frog"},{"floor":26.0,"key":"Centennial Puzzle"},{"floor":28.0,"key":"Thread and Needle"},{"floor":31.0,"key":"Red Mask"},{"floor":40.0,"key":"Blood Vial"},{"floor":41.0,"key":"Calipers"},{"floor":42.0,"key":"Letter Opener"},{"floor":43.0,"key":"Bottled Lightning"},{"floor":54.0,"key":"Bronze Scales"}],"event_choices":[{"cards_removed":["Strike_R"],"damage_healed":0.0,"max_hp_gain":0.0,"max_hp_loss":0.0,"gold_gain":0.0,"event_name":"The Cleric","player_choice":"Card Removal","floor":2.0,"gold_loss":50.0,"damage_taken":0.0},{"damage_healed":0.0,"max_hp_gain":0.0,"max_hp_loss":0.0,"gold_gain":0.0,"event_name":"The Woman in Blue","player_choice":"Bought 0 Potions","floor":4.0,"gold_loss":0.0,"damage_taken":0.0},{"cards_removed":["Strike_R"],"damage_healed":0.0,"max_hp_gain":0.0,"max_hp_loss":0.0,"gold_gain":0.0,"event_name":"Bonfire Elementals","player_choice":"Offered Basic","floor":12.0,"gold_loss":0.0,"damage_taken":0.0},{"damage_healed":0.0,"max_hp_gain":0.0,"max_hp_loss":0.0,"gold_gain":0.0,"event_name":"Nest","player_choice":"Joined the Cult","floor":19.0,"gold_loss":0.0,"damage_taken":6.0,"cards_obtained":["RitualDagger"]},{"cards_removed":["Strike_R"],"damage_healed":0.0,"max_hp_gain":0.0,"max_hp_loss":0.0,"gold_gain":0.0,"event_name":"Purifier","player_choice":"Purged","floor":25.0,"gold_loss":0.0,"damage_taken":0.0},{"damage_healed":0.0,"max_hp_gain":0.0,"max_hp_loss":0.0,"gold_gain":0.0,"event_name":"Masked Bandits","player_choice":"Fought Bandits","floor":31.0,"gold_loss":0.0,"damage_taken":0.0},{"damage_healed":0.0,"max_hp_gain":0.0,"max_hp_loss":0.0,"gold_gain":0.0,"event_name":"SensoryStone","player_choice":"Memory 1","floor":36.0,"gold_loss":0.0,"damage_taken":0.0},{"damage_healed":0.0,"max_hp_gain":0.0,"max_hp_loss":0.0,"gold_gain":222.0,"event_name":"Tomb of Lord Red Mask","player_choice":"Wore Mask","floor":38.0,"gold_loss":0.0,"damage_taken":0.0},{"damage_healed":0.0,"max_hp_gain":0.0,"max_hp_loss":0.0,"gold_gain":0.0,"event_name":"Mysterious Sphere","player_choice":"Fight","floor":41.0,"gold_loss":0.0,"damage_taken":0.0},{"damage_healed":0.0,"max_hp_gain":0.0,"max_hp_loss":0.0,"gold_gain":0.0,"event_name":"Wheel of Change","player_choice":"Damaged","floor":45.0,"gold_loss":0.0,"damage_taken":10.0}],"is_beta":false,"boss_relics":[{"not_picked":["Mark of Pain","Snecko Eye"],"picked":"Runic Pyramid"},{"not_picked":["Pandora\u0027s Box","Tiny House"],"picked":"Busted Crown"}],"items_purged_floors":[21,39,53],"is_endless":false,"potions_floor_spawned":[1,7,10,11,18,22,28,33,41,42,47,48,54],"ascension_level":5}