{"gold_per_floor":[112,112,122,142,142,477,477,83,83,118,139,86,125,140,140,234,234,257,13,27,27,27],"floor_reached":22,"playtime":1829,"items_purged":["Strike_R","Strike_R"],"score":377,"play_id":"2bba2ad9-b36a-429d-a26d-1536768ed4bf","local_time":"20190419213231","is_ascension_mode":true,"campfire_choices":[{"data":"Clothesline","floor":7,"key":"SMITH"},{"data":"Flame Barrier","floor":15,"key":"SMITH"}],"neow_cost":"NONE","seed_source_timestamp":169141058210640,"circlet_count":0,"master_deck":["AscendersBane","Strike_R+1","Strike_R+1","Strike_R+1","Defend_R+1","Defend_R+1","Defend_R+1","Defend_R+1","Bash","Reckless Charge","Headbutt","Clothesline+1","Armaments","Immolate","Flame Barrier+1","Seeing Red","Impervious","Disarm","Demon Form","Spot Weakness","Combust","Dark Shackles"],"relics":["Burning Blood","Golden Idol","Old Coin","Meat on the Bone","Omamori","Centennial Puzzle","Mark of Pain"],"potions_floor_usage":[6,6,11,13],"damage_taken":[{"damage":1,"enemies":"Small Slimes","floor":1,"turns":4},{"damage":7,"enemies":"Jaw Worm","floor":3,"turns":4},{"damage":9,"enemies":"2 Louse","floor":4,"turns":3},{"damage":30,"enemies":"Lagavulin","floor":6,"turns":8},{"damage":30,"enemies":"Gremlin Nob","floor":10,"turns":5},{"damage":8,"enemies":"2 Fungi Beasts","floor":11,"turns":3},{"damage":20,"enemies":"3 Sentries","floor":13,"turns":4},{"damage":2,"enemies":"Red Slaver","floor":14,"turns":3},{"damage":35,"enemies":"Hexaghost","floor":16,"turns":13},{"damage":42,"enemies":"Spheric Guardian","floor":18,"turns":8},{"damage":22,"enemies":"3 Byrds","floor":20,"turns":6},{"damage":48,"enemies":"Shelled Parasite and Fungi","floor":22,"turns":5}],"seed_played":"-2962881131722174294","potions_obtained":[{"floor":1,"key":"AttackPotion"},{"floor":4,"key":"Regen Potion"},{"floor":11,"key":"Dexterity Potion"},{"floor":14,"key":"Energy Potion"},{"floor":20,"key":"Regen Potion"}],"is_trial":false,"path_per_floor":["?","?","$","?","?"],"character_chosen":"IRONCLAD","items_purchased":["Immolate","Strength Potion","EssenceOfSteel","Combust","Dark Shackles"],"campfire_rested":0,"item_purchase_floors":[8,8,8,19,19],"current_hp_per_floor":[80,80,79,76,48,39,39,39,39,27,37,37,35,51,51,34,70,46,46,42,42,0],"gold":27,"neow_bonus":"TEN_PERCENT_HP_BONUS","is_prod":false,"is_daily":false,"chose_seed":false,"campfire_upgraded":2,"win_rate":0,"timestamp":1555705951,"path_taken":["M","?","M","M","?","E","R","?","T","E","M","?","E","M","R","BOSS","M","$","M","?","M"],"build_version":"2019-01-23","purchased_purges":2,"victory":false,"max_hp_per_floor":[82,82,82,82,82,82,82,82,82,82,82,82,82,82,82,82,82,82,82,82,82,82],"card_choices":[{"not_picked":["Seeing Red","Rage"],"picked":"Reckless Charge","floor":1},{"not_picked":["Warcry","Perfected Strike"],"picked":"Headbutt","floor":3},{"not_picked":["Thunderclap","Flex"],"picked":"Clothesline","floor":4},{"not_picked":["Evolve","Blood for Blood"],"picked":"Armaments","floor":6},{"not_picked":["Pummel","Entrench"],"picked":"Flame Barrier","floor":10},{"not_picked":["Havoc","Rage"],"picked":"Seeing Red","floor":11},{"not_picked":["Twin Strike","Anger"],"picked":"Impervious","floor":13},{"not_picked":["Shockwave","Shrug It Off"],"picked":"Disarm","floor":14},{"not_picked":["Impervious","Dark Embrace"],"picked":"Demon Form","floor":16},{"not_picked":["Twin Strike","Havoc"],"picked":"Spot Weakness","floor":18},{"not_picked":["Sword Boomerang","Body Slam","Power Through"],"picked":"SKIP","floor":20}],"player_experience":655442,"relics_obtained":[{"floor":6,"key":"Old Coin"},{"floor":9,"key":"Meat on the Bone"},{"floor":10,"key":"Omamori"},{"floor":13,"key":"Centennial Puzzle"}],"event_choices":[{"damage_healed":0,"gold_gain":0,"player_choice":"Ignored","damage_taken":0,"max_hp_gain":0,"max_hp_loss":0,"event_name":"Liars Game","floor":2,"gold_loss":0},{"damage_healed":0,"gold_gain":0,"player_choice":"Take Damage","damage_taken":28,"relics_obtained":["Golden Idol"],"max_hp_gain":0,"max_hp_loss":0,"event_name":"Golden Idol","floor":5,"gold_loss":0},{"damage_healed":0,"gold_gain":0,"player_choice":"Left Gold","damage_taken":0,"max_hp_gain":0,"max_hp_loss":0,"event_name":"World of Goop","floor":12,"gold_loss":53},{"damage_healed":0,"gold_gain":0,"player_choice":"Simplicity","damage_taken":0,"max_hp_gain":0,"max_hp_loss":0,"event_name":"Back to Basics","floor":21,"gold_loss":0,"cards_upgraded":["Strike_R","Strike_R","Strike_R","Defend_R","Defend_R","Defend_R","Defend_R"]}],"is_beta":false,"boss_relics":[{"not_picked":["White Beast Statue","Runic Cube"],"picked":"Mark of Pain"}],"items_purged_floors":[8,19],"is_endless":false,"potions_floor_spawned":[1,4,11,14,20],"killed_by":"Shelled Parasite and Fungi","ascension_level":17}