{"gold_per_floor":[113,113,188,188,203,203,238,258,282,282,316,316,349,363,363,491,491,516,516,529,45,64,64,0,0,51,51,87,15,15,15,15,15],"floor_reached":33,"playtime":1509,"items_purged":[],"score":279,"play_id":"90283ff1-89e4-4763-8aa5-5bbd2538afa6","local_time":"20190208161219","is_ascension_mode":false,"campfire_choices":[{"data":"Headbutt","floor":6,"key":"SMITH"},{"floor":10,"key":"REST"},{"floor":12,"key":"REST"},{"floor":15,"key":"RECALL"},{"floor":23,"key":"REST"},{"data":"Immolate","floor":25,"key":"SMITH"},{"data":"Dropkick","floor":27,"key":"SMITH"},{"floor":32,"key":"REST"}],"neow_cost":"NONE","seed_source_timestamp":1284907679329718,"circlet_count":0,"master_deck":["Strike_R","Strike_R","Strike_R","Strike_R","Strike_R","Defend_R","Defend_R","Defend_R","Defend_R","Bash","Headbutt","Burning Pact","Headbutt+1","Ghostly Armor","Dropkick","Heavy Blade","Flex","Immolate+1","Shrug It Off","Dropkick+1","True Grit+1","Wild Strike","Pummel","Armaments+1","Barricade","Inflame","Clothesline+1"],"relics":["Burning Blood","Golden Idol","Boot","Dream Catcher","Regal Pillow","Mercury Hourglass","Eternal Feather","GremlinMask","ClockworkSouvenir","WingedGreaves","Oddly Smooth Stone","Molten Egg 2"],"potions_floor_usage":[5,11,22],"damage_taken":[{"damage":13,"enemies":"Jaw Worm","floor":1,"turns":3},{"damage":0,"enemies":"Small Slimes","floor":5,"turns":1},{"damage":31,"enemies":"Lagavulin","floor":7,"turns":7},{"damage":2,"enemies":"2 Louse","floor":8,"turns":2},{"damage":9,"enemies":"3 Sentries","floor":11,"turns":8},{"damage":14,"enemies":"Gremlin Nob","floor":13,"turns":3},{"damage":13,"enemies":"Gremlin Gang","floor":14,"turns":3},{"damage":10,"enemies":"Slime Boss","floor":16,"turns":7},{"damage":26,"enemies":"Shell Parasite","floor":18,"turns":5},{"damage":28,"enemies":"2 Thieves","floor":20,"turns":4},{"damage":32,"enemies":"Snake Plant","floor":22,"turns":4},{"damage":59,"enemies":"Book of Stabbing","floor":28,"turns":6},{"damage":81,"enemies":"Collector","floor":33,"turns":12}],"seed_played":"-3291774453546897884","potions_obtained":[{"floor":1,"key":"Explosive Potion"},{"floor":8,"key":"SteroidPotion"},{"floor":13,"key":"GamblersBrew"},{"floor":14,"key":"SpeedPotion"},{"floor":18,"key":"BloodPotion"}],"is_trial":false,"path_per_floor":["M","?","?","?","M","R","E","M","T","R","E","R","E","M","R","B",null,"M","?","M","$","M","R","?","R","T","R","E","$","?","?","R","B"],"character_chosen":"IRONCLAD","items_purchased":["ClockworkSouvenir","WingedGreaves","Inflame"],"campfire_rested":4,"item_purchase_floors":[21,21,29],"current_hp_per_floor":[73,73,62,42,48,48,23,27,27,51,48,80,72,65,65,61,80,60,60,38,38,20,71,71,80,80,80,27,27,27,27,80,0],"gold":15,"neow_bonus":"THREE_CARDS","is_prod":false,"is_daily":false,"chose_seed":false,"campfire_upgraded":3,"win_rate":0,"timestamp":1549660339,"path_taken":["M","?","?","?","M","R","E","M","T","R","E","R","E","M","R","BOSS","M","?","?","$","M","R","?","R","T","R","E","?","?","?","R","BOSS"],"build_version":"2019-01-23","purchased_purges":0,"victory":false,"max_hp_per_floor":[80,80,80,80,80,80,80,80,80,80,80,80,80,80,80,80,80,80,80,80,80,80,80,80,80,80,80,80,80,80,80,80,80],"card_choices":[{"not_picked":["Thunderclap","Clash"],"picked":"Headbutt","floor":0},{"not_picked":["Power Through","Havoc"],"picked":"Burning Pact","floor":1},{"not_picked":["Flex","Warcry"],"picked":"Headbutt","floor":5},{"not_picked":["Combust","Perfected Strike"],"picked":"Ghostly Armor","floor":7},{"not_picked":["Burning Pact","Heavy Blade"],"picked":"Dropkick","floor":8},{"not_picked":["Headbutt","Flame Barrier"],"picked":"Heavy Blade","floor":10},{"not_picked":["Whirlwind","Heavy Blade"],"picked":"Flex","floor":11},{"not_picked":["Clothesline","Rupture"],"picked":"Immolate","floor":12},{"not_picked":["Pommel Strike","Flame Barrier"],"picked":"Shrug It Off","floor":13},{"not_picked":["Shrug It Off","Bloodletting"],"picked":"Dropkick","floor":14},{"not_picked":["Perfected Strike+1","Carnage"],"picked":"True Grit+1","floor":18},{"not_picked":["Headbutt+1","Body Slam"],"picked":"Wild Strike","floor":20},{"not_picked":["Anger","Clash"],"picked":"Pummel","floor":22},{"not_picked":["Thunderclap","Reckless Charge"],"picked":"Armaments+1","floor":23},{"not_picked":["Carnage+1","Dual Wield"],"picked":"Barricade","floor":28},{"not_picked":["Cleave+1","Armaments"],"picked":"Clothesline+1","floor":32}],"player_experience":177281,"relics_obtained":[{"floor":7,"key":"Boot"},{"floor":9,"key":"Dream Catcher"},{"floor":11,"key":"Regal Pillow"},{"floor":13,"key":"Mercury Hourglass"},{"floor":28,"key":"Oddly Smooth Stone"}],"event_choices":[{"damage_healed":0,"gold_gain":0,"player_choice":"Leave","damage_taken":0,"max_hp_gain":0,"max_hp_loss":0,"event_name":"The Cleric","floor":2,"gold_loss":0},{"damage_healed":0,"gold_gain":75,"player_choice":"Gather Gold","damage_taken":11,"max_hp_gain":0,"max_hp_loss":0,"event_name":"World of Goop","floor":3,"gold_loss":0},{"damage_healed":0,"gold_gain":0,"player_choice":"Take Damage","damage_taken":20,"relics_obtained":["Golden Idol"],"max_hp_gain":0,"max_hp_loss":0,"event_name":"Golden Idol","floor":4,"gold_loss":0},{"damage_healed":0,"gold_gain":0,"player_choice":"Trade","damage_taken":0,"relics_obtained":["GremlinMask"],"max_hp_gain":0,"max_hp_loss":0,"event_name":"FaceTrader","floor":19,"gold_loss":0},{"damage_healed":0,"gold_gain":0,"player_choice":"Paid Fearfully","damage_taken":0,"max_hp_gain":0,"max_hp_loss":0,"event_name":"Masked Bandits","floor":24,"gold_loss":64},{"damage_healed":0,"gold_gain":0,"player_choice":"Opened","damage_taken":0,"relics_obtained":["Molten Egg 2"],"max_hp_gain":0,"max_hp_loss":0,"event_name":"The Mausoleum","floor":30,"gold_loss":0},{"damage_healed":0,"gold_gain":0,"player_choice":"Ignored","damage_taken":0,"max_hp_gain":0,"max_hp_loss":0,"event_name":"Vampires","floor":31,"gold_loss":0}],"is_beta":false,"boss_relics":[{"not_picked":["Orrery","Empty Cage"],"picked":"Eternal Feather"}],"items_purged_floors":[],"is_endless":false,"potions_floor_spawned":[1,8,13,14,18,20],"killed_by":"Collector","ascension_level":0}