{"gold_per_floor":[118,118,118,132,132,132,61,61,61,93,111,111,122,141,141,238,238,258,258,269,48,63,63,63,89,89,106,106,158,158,158,158,158],"floor_reached":33,"playtime":1291,"items_purged":[],"score":468,"play_id":"06b57ee3-3274-421d-ada0-5720595af2f8","local_time":"20190216152314","is_ascension_mode":true,"campfire_choices":[{"floor":6.0,"key":"DIG"},{"floor":8.0,"key":"DIG"},{"floor":15.0,"key":"REST"},{"data":"Blizzard","floor":23.0,"key":"SMITH"},{"floor":30.0,"key":"DIG"},{"floor":32.0,"key":"DIG"}],"neow_cost":"NONE","seed_source_timestamp":16600929949700,"circlet_count":0,"master_deck":["Defend_B","Defend_B","Defend_B","Defend_B","Zap","Dualcast","Sweeping Beam","White Noise","Glacier","Buffer+1","Chill","Coolheaded","Go for the Eyes","Biased Cognition","Bite","Bite","Bite","Bite","Bite","Blizzard+1","Cold Snap","RitualDagger","Consume+1","Glacier+1","Ghostly+1","Ghostly+1","Ghostly+1","Ghostly+1","Ghostly+1"],"special_seed":0,"relics":["Cracked Core","NeowsBlessing","Shovel","Question Card","Du-Vu Doll","Bottled Flame","Kunai","Busted Crown","DataDisk","Oddly Smooth Stone","Toxic Egg 2","Bag of Marbles","Pantograph","Blood Vial"],"potions_floor_usage":[33],"damage_taken":[{"damage":0.0,"enemies":"Small Slimes","floor":1.0,"turns":1.0},{"damage":0.0,"enemies":"Jaw Worm","floor":4.0,"turns":1.0},{"damage":0.0,"enemies":"3 Sentries","floor":10.0,"turns":1.0},{"damage":7.0,"enemies":"2 Louse","floor":11.0,"turns":2.0},{"damage":0.0,"enemies":"Looter","floor":13.0,"turns":3.0},{"damage":0.0,"enemies":"3 Louse","floor":14.0,"turns":4.0},{"damage":55.0,"enemies":"Hexaghost","floor":16.0,"turns":13.0},{"damage":0.0,"enemies":"3 Byrds","floor":18.0,"turns":7.0},{"damage":0.0,"enemies":"Spheric Guardian","floor":20.0,"turns":5.0},{"damage":6.0,"enemies":"Shelled Parasite and Fungi","floor":22.0,"turns":10.0},{"damage":1.0,"enemies":"Slavers","floor":25.0,"turns":6.0},{"damage":0.0,"enemies":"Snecko","floor":27.0,"turns":5.0},{"damage":56,"enemies":"Champ","floor":33,"turns":25}],"seed_played":"5585414355021207791","potions_obtained":[{"floor":11.0,"key":"FearPotion"},{"floor":13.0,"key":"EntropicBrew"},{"floor":14.0,"key":"Swift Potion"},{"floor":16.0,"key":"Dexterity Potion"},{"floor":22.0,"key":"LiquidBronze"}],"is_trial":false,"path_per_floor":["M","?","?","M","$","R","$","R","T","E","M","?","M","M","R","B",null,"M","?","M","$","M","R","?","E","T","M","?","T","R","?","R","B"],"character_chosen":"DEFECT","items_purchased":["Glacier","DataDisk","Blizzard"],"campfire_rested":1,"item_purchase_floors":[7,21,21],"current_hp_per_floor":[68,61,54,54,54,54,54,54,54,54,47,47,47,47,69,14,60,60,52,52,52,52,52,46,52,52,52,52,52,52,26,26,0],"gold":158,"neow_bonus":"THREE_ENEMY_KILL","is_prod":false,"is_daily":false,"chose_seed":false,"campfire_upgraded":1,"win_rate":0,"timestamp":1550348594,"path_taken":["M","?","?","M","$","R","$","R","T","E","M","?","M","M","R","BOSS","M","?","M","$","M","R","?","E","T","M","?","?","R","?","R","BOSS"],"build_version":"2019-01-23","purchased_purges":0,"victory":false,"max_hp_per_floor":[75,75,75,75,75,75,75,75,75,75,75,75,75,75,75,75,75,75,52,52,52,52,52,52,52,52,52,52,52,52,26,26,26],"card_choices":[{"not_picked":["Beam Cell","Go for the Eyes"],"picked":"Sweeping Beam","floor":1.0},{"not_picked":["Heatsinks","Cold Snap"],"picked":"White Noise","floor":4.0},{"not_picked":["Glacier","Cold Snap","Meteor Strike"],"picked":"Buffer","floor":10.0},{"not_picked":["Ball Lightning","Skim","Beam Cell"],"picked":"Chill","floor":11.0},{"not_picked":["Tempest","Barrage","Reprogram"],"picked":"Coolheaded","floor":13.0},{"not_picked":["Heatsinks","Turbo","Chill"],"picked":"Go for the Eyes","floor":14.0},{"not_picked":["Reboot","Hyperbeam","Multi-Cast"],"picked":"Biased Cognition","floor":16.0},{"not_picked":["Rip and Tear","Sweeping Beam+1"],"picked":"SKIP","floor":18.0},{"not_picked":["Gash","Stack"],"picked":"SKIP","floor":20.0},{"not_picked":["Hologram"],"picked":"Cold Snap","floor":22.0},{"not_picked":["Sweeping Beam+1","Rip and Tear"],"picked":"SKIP","floor":25.0},{"not_picked":["Gash"],"picked":"Consume+1","floor":27.0}],"player_experience":476395,"relics_obtained":[{"floor":6.0,"key":"Question Card"},{"floor":8.0,"key":"Du-Vu Doll"},{"floor":9.0,"key":"Bottled Flame"},{"floor":10.0,"key":"Kunai"},{"floor":25.0,"key":"Oddly Smooth Stone"},{"floor":26.0,"key":"Toxic Egg 2"},{"floor":29.0,"key":"Bag of Marbles"},{"floor":30.0,"key":"Pantograph"},{"floor":32.0,"key":"Blood Vial"}],"event_choices":[{"cards_removed":["Strike_B"],"damage_healed":0.0,"max_hp_gain":0.0,"max_hp_loss":0.0,"gold_gain":0.0,"event_name":"Golden Wing","player_choice":"Card Removal","floor":2.0,"gold_loss":0.0,"damage_taken":7.0},{"damage_healed":0.0,"max_hp_gain":0.0,"max_hp_loss":0.0,"gold_gain":0.0,"event_name":"Scrap Ooze","player_choice":"Success","floor":3.0,"gold_loss":0.0,"damage_taken":7.0,"relics_obtained":["Shovel"]},{"damage_healed":0.0,"max_hp_gain":0.0,"max_hp_loss":0.0,"gold_gain":0.0,"event_name":"Living Wall","player_choice":"Grow","floor":12.0,"gold_loss":0.0,"damage_taken":0.0,"cards_upgraded":["Buffer"]},{"damage_healed":0.0,"max_hp_gain":0.0,"max_hp_loss":23.0,"gold_gain":0.0,"event_name":"Vampires","player_choice":"Became a vampire","floor":19.0,"gold_loss":0.0,"damage_taken":0.0,"cards_obtained":["Bite","Bite","Bite","Bite","Bite"]},{"damage_healed":0.0,"max_hp_gain":0.0,"max_hp_loss":0.0,"gold_gain":0.0,"event_name":"Nest","player_choice":"Joined the Cult","floor":24.0,"gold_loss":0.0,"damage_taken":6.0,"cards_obtained":["RitualDagger"]},{"damage_healed":0.0,"max_hp_gain":0.0,"max_hp_loss":0.0,"gold_gain":0.0,"event_name":"The Library","player_choice":"Read","floor":28.0,"gold_loss":0.0,"damage_taken":0.0,"cards_obtained":["Glacier"]},{"damage_healed":0.0,"max_hp_gain":0.0,"max_hp_loss":26.0,"gold_gain":0.0,"event_name":"Ghosts","player_choice":"Became a Ghost","floor":31.0,"gold_loss":0.0,"damage_taken":0.0,"cards_obtained":["Ghostly","Ghostly","Ghostly","Ghostly","Ghostly"]}],"is_beta":false,"boss_relics":[{"not_picked":["Tiny House","Astrolabe"],"picked":"Busted Crown"}],"items_purged_floors":[],"is_endless":false,"potions_floor_spawned":[11,13,14,16,18,22],"killed_by":"Champ","ascension_level":9}