{"gold_per_floor":[115,135,149,166,166,166,201,201,201,165,165,199,226,255,267,279],"floor_reached":16,"playtime":1358,"items_purged":[],"score":140,"play_id":"23bf4683-dc63-4b3f-8174-bd7341fac293","local_time":"20190207221351","is_ascension_mode":true,"campfire_choices":[{"floor":6.0,"key":"REST"},{"floor":8.0,"key":"REST"},{"floor":11.0,"key":"REST"},{"floor":15,"key":"REST"}],"neow_cost":"NONE","seed_source_timestamp":43678028421200,"circlet_count":0,"master_deck":["Strike_R","Strike_R","Strike_R","Strike_R","Strike_R","Defend_R","Defend_R","Defend_R","Defend_R","Bash","Barricade","Uppercut","Combust","Headbutt","True Grit","Havoc","Inflame","Pommel Strike","Thunderclap","Shrug It Off"],"special_seed":0,"relics":["Burning Blood","Smiling Mask","Shovel","Sundial","MawBank"],"potions_floor_usage":[16],"damage_taken":[{"damage":6.0,"enemies":"Cultist","floor":1.0,"turns":3.0},{"damage":20.0,"enemies":"Small Slimes","floor":2.0,"turns":4.0},{"damage":8.0,"enemies":"Jaw Worm","floor":3.0,"turns":3.0},{"damage":30.0,"enemies":"Exordium Thugs","floor":4.0,"turns":3.0},{"damage":33.0,"enemies":"Lagavulin","floor":7.0,"turns":8.0},{"damage":41,"enemies":"Gremlin Nob","floor":12,"turns":5},{"damage":20,"enemies":"Exordium Wildlife","floor":13,"turns":4},{"damage":10,"enemies":"Blue Slaver","floor":14,"turns":5},{"damage":33,"enemies":"Hexaghost","floor":16,"turns":11}],"seed_played":"5456306348457123838","potions_obtained":[{"floor":2.0,"key":"Dexterity Potion"},{"floor":3.0,"key":"FearPotion"},{"floor":13,"key":"GamblersBrew"},{"floor":14,"key":"PowerPotion"}],"is_trial":false,"path_per_floor":["M","M","M","M","?","R","E","R","T","$","R","E","M","M","R","B"],"character_chosen":"IRONCLAD","items_purchased":["Inflame"],"campfire_rested":4,"item_purchase_floors":[10],"current_hp_per_floor":[80,66,64,40,15,39,12,36,36,36,60,25,11,7,31,0],"gold":279,"neow_bonus":"ONE_RANDOM_RARE_CARD","is_prod":false,"is_daily":false,"chose_seed":false,"campfire_upgraded":0,"win_rate":0,"timestamp":1549595631,"path_taken":["M","M","M","?","?","R","E","R","T","?","R","E","?","M","R","BOSS"],"build_version":"2019-01-23","purchased_purges":0,"victory":false,"max_hp_per_floor":[80,80,80,80,80,80,80,80,80,80,80,80,80,80,80,80],"card_choices":[{"not_picked":["Flex","Carnage"],"picked":"Uppercut","floor":1.0},{"not_picked":["Wild Strike","True Grit"],"picked":"Combust","floor":2.0},{"not_picked":["Havoc","Wild Strike"],"picked":"Headbutt","floor":3.0},{"not_picked":["Clash","Clothesline"],"picked":"True Grit","floor":4.0},{"not_picked":["Warcry","Reckless Charge"],"picked":"Havoc","floor":7.0},{"not_picked":["Havoc","Fire Breathing"],"picked":"Pommel Strike","floor":12},{"not_picked":["Offering","Dropkick"],"picked":"Thunderclap","floor":13},{"not_picked":["True Grit","Uppercut"],"picked":"Shrug It Off","floor":14}],"player_experience":412310,"relics_obtained":[{"floor":7.0,"key":"Shovel"},{"floor":9.0,"key":"Sundial"},{"floor":12,"key":"MawBank"}],"event_choices":[{"damage_healed":0.0,"max_hp_gain":0.0,"max_hp_loss":0.0,"gold_gain":0.0,"event_name":"Scrap Ooze","player_choice":"Success","floor":5.0,"gold_loss":0.0,"damage_taken":25.0,"relics_obtained":["Smiling Mask"]}],"is_beta":false,"boss_relics":[],"items_purged_floors":[],"is_endless":false,"potions_floor_spawned":[2,3,13,14],"killed_by":"Hexaghost","ascension_level":5}