{"gold_per_floor":[116,134,146,146,165,165,165,165,165,165,11,46,58,92,92,92],"floor_reached":16,"playtime":501,"items_purged":["Strike_R"],"score":121,"play_id":"3894669d-8c04-4be7-a7db-c20165933c85","local_time":"20181222200318","is_ascension_mode":true,"campfire_choices":[{"data":"Flex","floor":6,"key":"SMITH"},{"data":"Heavy Blade","floor":8,"key":"SMITH"},{"data":"Seeing Red","floor":10,"key":"SMITH"},{"data":"Fiend Fire","floor":15,"key":"SMITH"}],"neow_cost":"NONE","seed_source_timestamp":14355963708500,"circlet_count":0,"master_deck":["Strike_R","Strike_R","Strike_R","Defend_R","Defend_R","Defend_R","Defend_R","Bash","Heavy Blade+1","Flex+1","Shrug It Off","Seeing Red+1","Rampage","Sever Soul","Fiend Fire+1","Corruption"],"relics":["Burning Blood","NeowsBlessing","Turnip","Charon\u0027s Ashes","Smiling Mask"],"potions_floor_usage":[12,14,16],"damage_taken":[{"damage":0,"enemies":"Small Slimes","floor":1,"turns":1},{"damage":0,"enemies":"Cultist","floor":2,"turns":1},{"damage":0,"enemies":"Jaw Worm","floor":3,"turns":1},{"damage":15,"enemies":"Lots of Slimes","floor":5,"turns":7},{"damage":23,"enemies":"Lagavulin","floor":12,"turns":6},{"damage":20,"enemies":"Exordium Thugs","floor":13,"turns":5},{"damage":1,"enemies":"3 Sentries","floor":14,"turns":4},{"damage":67,"enemies":"The Guardian","floor":16,"turns":8}],"seed_played":"-6449397709024911925","potions_obtained":[{"floor":1,"key":"Fire Potion"},{"floor":7,"key":"Regen Potion"},{"floor":7,"key":"SmokeBomb"},{"floor":12,"key":"Fire Potion"},{"floor":13,"key":"BloodPotion"}],"is_trial":false,"path_per_floor":["M","M","M","?","M","R","?","R","T","R","$","E","M","E","R","B"],"character_chosen":"IRONCLAD","items_purchased":["Rampage"],"campfire_rested":0,"item_purchase_floors":[11],"current_hp_per_floor":[80,80,80,80,71,71,71,71,71,71,71,54,40,45,45,0],"gold":92,"neow_bonus":"THREE_ENEMY_KILL","is_prod":false,"is_daily":false,"chose_seed":false,"campfire_upgraded":4,"win_rate":0,"timestamp":1545526998,"path_taken":["M","M","M","?","?","R","?","R","T","R","$","E","M","E","R","BOSS"],"build_version":"2018-12-20","purchased_purges":1,"victory":false,"max_hp_per_floor":[80,80,80,80,80,80,80,80,80,80,80,80,80,80,80,80],"card_choices":[{"not_picked":["Infernal Blade","Clash"],"picked":"Heavy Blade","floor":1},{"not_picked":["Heavy Blade","Iron Wave"],"picked":"Flex","floor":2},{"not_picked":["Anger","Battle Trance"],"picked":"Shrug It Off","floor":3},{"not_picked":["Clash","Body Slam"],"picked":"Seeing Red","floor":5},{"not_picked":["Reckless Charge","Thunderclap"],"picked":"Sever Soul","floor":12},{"not_picked":["Clash","Shockwave"],"picked":"Fiend Fire","floor":13},{"not_picked":["Metallicize","Sword Boomerang"],"picked":"Corruption","floor":14}],"player_experience":320897,"relics_obtained":[{"floor":9,"key":"Turnip"},{"floor":12,"key":"Charon\u0027s Ashes"},{"floor":14,"key":"Smiling Mask"}],"event_choices":[{"cards_removed":["Strike_R"],"damage_healed":0,"gold_gain":0,"player_choice":"Purged","damage_taken":0,"max_hp_gain":0,"max_hp_loss":0,"event_name":"Purifier","floor":4,"gold_loss":0},{"damage_healed":0,"gold_gain":0,"player_choice":"Got Potions","damage_taken":0,"max_hp_gain":0,"max_hp_loss":0,"event_name":"Lab","floor":7,"gold_loss":0}],"is_beta":false,"boss_relics":[],"items_purged_floors":[11],"is_endless":false,"potions_floor_spawned":[1,12,13],"killed_by":"The Guardian","ascension_level":2}