{"gold_per_floor":[110,130,85,85,102,130,130,164,164,164,176,176],"floor_reached":12,"playtime":370,"items_purged":[],"score":106,"play_id":"0b35f5fc-3d20-4a5b-85a5-29d321d1c2fa","local_time":"20190205214325","is_ascension_mode":true,"campfire_choices":[{"data":"Perfected Strike","floor":7,"key":"SMITH"},{"data":"Shrug It Off","floor":10,"key":"SMITH"}],"neow_cost":"NONE","seed_source_timestamp":14216469651500,"circlet_count":0,"master_deck":["Strike_R","Strike_R","Strike_R","Strike_R","Defend_R","Defend_R","Defend_R","Defend_R","Bash","Perfected Strike+1","Pommel Strike","Shrug It Off+1","True Grit","Rupture+1","Armaments"],"special_seed":0,"relics":["Burning Blood","NeowsBlessing","Frozen Egg 2","Darkstone Periapt","Ornamental Fan"],"potions_floor_usage":[6,8],"damage_taken":[{"damage":0,"enemies":"Cultist","floor":1,"turns":1},{"damage":0,"enemies":"2 Louse","floor":2,"turns":1},{"damage":0,"enemies":"Jaw Worm","floor":5,"turns":1},{"damage":23,"enemies":"3 Sentries","floor":6,"turns":6},{"damage":37,"enemies":"Lagavulin","floor":8,"turns":6},{"damage":13,"enemies":"Blue Slaver","floor":11,"turns":3},{"damage":25,"enemies":"3 Sentries","floor":12,"turns":4}],"seed_played":"5488946175731121388","potions_obtained":[{"floor":2,"key":"LiquidBronze"},{"floor":5,"key":"PowerPotion"}],"is_trial":false,"path_per_floor":["M","M","$","?","M","E","R","E","T","R","M","E"],"character_chosen":"IRONCLAD","items_purchased":["Shrug It Off"],"campfire_rested":0,"item_purchase_floors":[3],"current_hp_per_floor":[80,80,80,80,80,63,63,32,32,32,25,0],"gold":176,"neow_bonus":"THREE_ENEMY_KILL","is_prod":false,"is_daily":false,"chose_seed":false,"campfire_upgraded":2,"win_rate":0,"timestamp":1549421005,"path_taken":["M","M","?","?","?","E","R","E","T","R","M","E"],"build_version":"2019-01-23","purchased_purges":0,"victory":false,"max_hp_per_floor":[80,80,80,80,80,80,80,80,80,80,80,80],"card_choices":[{"not_picked":["Flex","Anger"],"picked":"Perfected Strike","floor":1},{"not_picked":["Flex","Thunderclap"],"picked":"Pommel Strike","floor":2},{"not_picked":["Power Through","Carnage"],"picked":"True Grit","floor":5},{"not_picked":["Spot Weakness","Iron Wave"],"picked":"Rupture","floor":6},{"not_picked":["Body Slam","Berserk+1","Intimidate"],"picked":"SKIP","floor":8},{"not_picked":["Shrug It Off","Clash"],"picked":"Armaments","floor":11}],"player_experience":374532,"relics_obtained":[{"floor":6,"key":"Frozen Egg 2"},{"floor":8,"key":"Darkstone Periapt"},{"floor":9,"key":"Ornamental Fan"}],"event_choices":[{"cards_removed":["Strike_R"],"damage_healed":0,"gold_gain":0,"player_choice":"Purged","damage_taken":0,"max_hp_gain":0,"max_hp_loss":0,"event_name":"Purifier","floor":4,"gold_loss":0}],"is_beta":false,"boss_relics":[],"items_purged_floors":[],"is_endless":false,"potions_floor_spawned":[2,5],"killed_by":"3 Sentries","ascension_level":4}