{"gold_per_floor":[113,113,128,140,140,140,159,81,130,130,141,160,160,160,160,160],"floor_reached":16,"playtime":400,"items_purged":[],"score":97,"play_id":"e89df4cc-8a96-46da-b41f-61e25fa3e887","local_time":"20181027120434","is_ascension_mode":true,"campfire_choices":[{"data":"Combust","floor":6,"key":"SMITH"},{"data":"Combust","floor":10,"key":"SMITH"},{"data":"Demon Form","floor":13,"key":"SMITH"},{"data":"Searing Blow","floor":15,"key":"SMITH"}],"neow_cost":"CURSE","seed_source_timestamp":5490810169800,"circlet_count":0,"master_deck":["Strike_R","Strike_R","Strike_R","Strike_R","Strike_R","Defend_R","Defend_R","Defend_R","Defend_R","Bash","Combust+1","Rupture+1","Combust+1","Flame Barrier","Searing Blow+1","Spot Weakness","Demon Form+1"],"relics":["Burning Blood","Nunchaku","Orichalcum","Strawberry"],"potions_floor_usage":[7,16,16],"damage_taken":[{"damage":17,"enemies":"Small Slimes","floor":1,"turns":5},{"damage":1,"enemies":"Cultist","floor":3,"turns":3},{"damage":11,"enemies":"Jaw Worm","floor":4,"turns":4},{"damage":12,"enemies":"Exordium Wildlife","floor":7,"turns":4},{"damage":14,"enemies":"3 Louse","floor":11,"turns":3},{"damage":10,"enemies":"Lots of Slimes","floor":12,"turns":3},{"damage":55,"enemies":"The Guardian","floor":16,"turns":7}],"seed_played":"4121436026265143485","potions_obtained":[{"floor":3,"key":"EssenceOfSteel"},{"floor":7,"key":"FearPotion"},{"floor":11,"key":"Energy Potion"},{"floor":12,"key":"GamblersBrew"}],"is_trial":false,"path_per_floor":["M","?","M","M","?","R","M","$","T","R","M","M","R","?","R"],"character_chosen":"IRONCLAD","items_purchased":["Searing Blow"],"campfire_rested":0,"item_purchase_floors":[8],"current_hp_per_floor":[69,69,74,69,69,69,63,63,63,63,55,51,51,55,55,0],"gold":160,"neow_bonus":"ONE_RARE_RELIC","is_prod":false,"is_daily":false,"chose_seed":false,"campfire_upgraded":4,"win_rate":0,"timestamp":1540656274,"path_taken":["M","?","M","M","?","R","M","?","T","R","M","M","R","?","R","BOSS"],"build_version":"2018-10-25v2","purchased_purges":0,"victory":false,"max_hp_per_floor":[80,80,80,80,80,80,80,80,80,80,80,80,80,87,87,87],"card_choices":[{"not_picked":["Pommel Strike","Battle Trance"],"picked":"Combust","floor":1},{"not_picked":["Rampage","Thunderclap"],"picked":"Rupture","floor":3},{"not_picked":["Clash","Wild Strike"],"picked":"Combust","floor":4},{"not_picked":["Havoc","Thunderclap"],"picked":"Flame Barrier","floor":7},{"not_picked":["Twin Strike","Clash"],"picked":"Spot Weakness","floor":11},{"not_picked":["Clash","Thunderclap"],"picked":"Demon Form","floor":12}],"player_experience":252490,"relics_obtained":[{"floor":9,"key":"Orichalcum"}],"event_choices":[{"cards_removed":["Writhe"],"damage_healed":0,"gold_gain":0,"player_choice":"Removed Curses","damage_taken":0,"max_hp_gain":0,"max_hp_loss":0,"event_name":"Fountain of Cleansing","floor":2,"gold_loss":0},{"damage_healed":0,"gold_gain":0,"player_choice":"Grow","damage_taken":0,"max_hp_gain":0,"max_hp_loss":0,"event_name":"Living Wall","floor":5,"gold_loss":0,"cards_upgraded":["Rupture"]},{"damage_healed":0,"gold_gain":0,"player_choice":"Success","damage_taken":3,"relics_obtained":["Strawberry"],"max_hp_gain":0,"max_hp_loss":0,"event_name":"Scrap Ooze","floor":14,"gold_loss":0}],"is_beta":true,"boss_relics":[],"items_purged_floors":[],"is_endless":false,"potions_floor_spawned":[3,7,11,12],"killed_by":"The Guardian","ascension_level":1}