{"gold_per_floor":[119,130,150,37,48,79,89,89,115,115,135,151,151,164,164,263,263,282,25,25,39,39,73,73,73,73,73],"floor_reached":27,"playtime":1197,"items_purged":["Strike_G","A Thousand Cuts"],"score":307,"play_id":"d499cdbe-331a-4724-bde7-daf51e1f1807","local_time":"20190209175127","is_ascension_mode":true,"campfire_choices":[{"floor":8.0,"key":"REST"},{"floor":13.0,"key":"REST"},{"data":"Neutralize","floor":15.0,"key":"SMITH"},{"data":"Terror","floor":24,"key":"SMITH"}],"neow_cost":"NONE","seed_source_timestamp":1224668312023380,"circlet_count":0,"master_deck":["Defend_G+1","Defend_G","Defend_G","Defend_G","Defend_G","Strike_G+1","Survivor","Neutralize+1","Storm of Steel","Acrobatics","Accuracy","Infinite Blades","Terror+1","Cloak And Dagger","Deflect","Backflip","Infinite Blades","After Image","Accuracy+1","Caltrops+1","Blur","Infinite Blades","Accuracy+1","Cloak And Dagger","Infinite Blades+1"],"special_seed":0,"relics":["Ring of the Snake","The Specimen","Blood Vial","Astrolabe","Pen Nib"],"potions_floor_usage":[23,27,27,27],"damage_taken":[{"damage":3.0,"enemies":"Jaw Worm","floor":1.0,"turns":4.0},{"damage":6.0,"enemies":"2 Louse","floor":2.0,"turns":2.0},{"damage":0.0,"enemies":"Cultist","floor":3.0,"turns":2.0},{"damage":14.0,"enemies":"Exordium Wildlife","floor":5.0,"turns":4.0},{"damage":25.0,"enemies":"3 Sentries","floor":6.0,"turns":7.0},{"damage":11.0,"enemies":"Looter","floor":7.0,"turns":3.0},{"damage":0.0,"enemies":"Blue Slaver","floor":11.0,"turns":4.0},{"damage":18.0,"enemies":"Lots of Slimes","floor":12.0,"turns":4.0},{"damage":0.0,"enemies":"3 Louse","floor":14.0,"turns":6.0},{"damage":15.0,"enemies":"Slime Boss","floor":16.0,"turns":7.0},{"damage":9.0,"enemies":"3 Byrds","floor":18.0,"turns":5.0},{"damage":19.0,"enemies":"Spheric Guardian","floor":21.0,"turns":5.0},{"damage":10,"enemies":"Gremlin Leader","floor":23,"turns":6},{"damage":41,"enemies":"Slavers","floor":27,"turns":3}],"seed_played":"2080444838437267770","potions_obtained":[{"floor":6.0,"key":"Regen Potion"},{"floor":7.0,"key":"EssenceOfSteel"},{"floor":12.0,"key":"EssenceOfSteel"},{"floor":18.0,"key":"GhostInAJar"},{"floor":23,"key":"Explosive Potion"}],"is_trial":false,"path_per_floor":["?","?","M","?","?"],"character_chosen":"THE_SILENT","items_purchased":["Infinite Blades","Blur","Infinite Blades"],"campfire_rested":2,"item_purchase_floors":[4,19,19],"current_hp_per_floor":[67,61,61,61,47,22,11,32,32,18,20,4,25,42,42,29,70,61,61,61,44,44,36,36,36,36,0],"gold":73,"neow_bonus":"ONE_RANDOM_RARE_CARD","is_prod":false,"is_daily":false,"chose_seed":false,"campfire_upgraded":2,"win_rate":0,"timestamp":1549763487,"path_taken":["M","M","M","$","M","E","M","R","T","?","M","M","R","M","R","BOSS","M","$","?","?","?","E","R","?","T","E"],"build_version":"2019-01-23","purchased_purges":2,"victory":false,"max_hp_per_floor":[70,70,70,70,70,70,70,70,70,70,70,70,70,70,70,70,70,70,70,70,70,70,70,70,70,70,70],"card_choices":[{"not_picked":["Quick Slash","Skewer"],"picked":"Acrobatics","floor":1.0},{"not_picked":["Deflect","Sucker Punch"],"picked":"Accuracy","floor":2.0},{"not_picked":["Noxious Fumes","Outmaneuver","Bane"],"picked":"SKIP","floor":3.0},{"not_picked":["Cloak And Dagger","Noxious Fumes"],"picked":"Terror","floor":5.0},{"not_picked":["Acrobatics","Grand Finale"],"picked":"A Thousand Cuts","floor":6.0},{"not_picked":["Dagger Spray","PiercingWail"],"picked":"Cloak And Dagger","floor":7.0},{"not_picked":["Dagger Throw","PiercingWail"],"picked":"Deflect","floor":11.0},{"not_picked":["Outmaneuver","Deflect"],"picked":"Backflip","floor":12.0},{"not_picked":["Tools of the Trade","Blade Dance"],"picked":"Infinite Blades","floor":14.0},{"not_picked":["Burst","Glass Knife"],"picked":"After Image","floor":16.0},{"not_picked":["Quick Slash","Dagger Throw","Flying Knee+1"],"picked":"SKIP","floor":18.0},{"not_picked":["Acrobatics","Dagger Spray"],"picked":"Cloak And Dagger","floor":21.0},{"not_picked":["Bouncing Flask","Deflect"],"picked":"Infinite Blades+1","floor":23}],"player_experience":50921,"relics_obtained":[{"floor":6.0,"key":"The Specimen"},{"floor":9.0,"key":"Blood Vial"},{"floor":23,"key":"Pen Nib"}],"event_choices":[{"damage_healed":0.0,"max_hp_gain":0.0,"max_hp_loss":0.0,"gold_gain":0.0,"event_name":"Shining Light","player_choice":"Entered Light","floor":10.0,"gold_loss":0.0,"damage_taken":14.0,"cards_upgraded":["Defend_G","Strike_G"]},{"damage_healed":0.0,"max_hp_gain":0.0,"max_hp_loss":0.0,"gold_gain":0.0,"event_name":"Duplicator","player_choice":"Copied","floor":20.0,"gold_loss":0.0,"damage_taken":0.0,"cards_obtained":["Accuracy"]},{"cards_removed":["Noxious Fumes"],"damage_healed":0.0,"max_hp_gain":0.0,"max_hp_loss":0.0,"gold_gain":0.0,"event_name":"Back to Basics","player_choice":"Elegance","floor":22.0,"gold_loss":0.0,"damage_taken":0.0}],"is_beta":false,"boss_relics":[{"not_picked":["Coffee Dripper","Calling Bell"],"picked":"Astrolabe"}],"items_purged_floors":[4,19],"is_endless":false,"potions_floor_spawned":[6,7,12,18,23],"killed_by":"Slavers","ascension_level":4}