{"gold_per_floor":[109,128,128,78,89,119,134,134,134,134,147,147,23,98,98,98],"floor_reached":16,"playtime":1422,"items_purged":["Strike_R"],"score":100,"play_id":"376fd470-b25b-4469-bc6b-d951a21c29d2","local_time":"20190216163529","is_ascension_mode":false,"campfire_choices":[{"floor":10,"key":"REST"},{"data":"Cleave","floor":12,"key":"SMITH"},{"floor":15,"key":"REST"}],"neow_cost":"","seed_source_timestamp":107602193642534,"circlet_count":0,"master_deck":["Strike_R","Strike_R+1","Strike_R+1","Defend_R","Defend_R","Defend_R","Defend_R","Bash","Flex","Perfected Strike","Combust","Reaper","Cleave+1","Pommel Strike","Headbutt"],"relics":["Burning Blood","Bag of Preparation","Shuriken"],"potions_floor_usage":[16],"damage_taken":[{"damage":8,"enemies":"Jaw Worm","floor":1,"turns":6},{"damage":10,"enemies":"Small Slimes","floor":2,"turns":3},{"damage":5,"enemies":"2 Louse","floor":5,"turns":3},{"damage":37,"enemies":"Lagavulin","floor":6,"turns":6},{"damage":16,"enemies":"Blue Slaver","floor":7,"turns":3},{"damage":16,"enemies":"Red Slaver","floor":11,"turns":3},{"damage":69,"enemies":"The Guardian","floor":16,"turns":8}],"seed_played":"8448181673096037151","potions_obtained":[{"floor":6,"key":"Weak Potion"}],"is_trial":false,"path_per_floor":["?","?","?","?"],"character_chosen":"IRONCLAD","items_purchased":["Headbutt"],"campfire_rested":2,"item_purchase_floors":[13],"current_hp_per_floor":[78,74,58,58,59,28,27,32,32,57,47,47,47,36,61,0],"gold":98,"neow_bonus":"","is_prod":false,"is_daily":false,"chose_seed":false,"campfire_upgraded":1,"win_rate":0.0,"timestamp":1550334929,"path_taken":["M","M","?","?","M","E","M","?","T","R","M","R","$","?","R","BOSS"],"build_version":"2019-01-23","purchased_purges":1,"victory":false,"max_hp_per_floor":[80,80,80,80,80,80,80,85,85,85,85,85,85,85,85,85],"card_choices":[{"not_picked":["Anger","Flame Barrier"],"picked":"Flex","floor":1},{"not_picked":["Reckless Charge","Shockwave"],"picked":"Perfected Strike","floor":2},{"not_picked":["Armaments","Perfected Strike"],"picked":"Combust","floor":5},{"not_picked":["Twin Strike","Metallicize"],"picked":"Reaper","floor":6},{"not_picked":["Sword Boomerang","Combust"],"picked":"Cleave","floor":7},{"not_picked":["Clothesline","Feel No Pain"],"picked":"Pommel Strike","floor":11}],"player_experience":0,"relics_obtained":[{"floor":6,"key":"Bag of Preparation"},{"floor":9,"key":"Shuriken"}],"event_choices":[{"damage_healed":0,"gold_gain":0,"player_choice":"Entered Light","damage_taken":16,"max_hp_gain":0,"max_hp_loss":0,"event_name":"Shining Light","floor":3,"gold_loss":0,"cards_upgraded":["Strike_R","Strike_R"]},{"cards_removed":["Strike_R"],"damage_healed":0,"gold_gain":0,"player_choice":"Card Removal","damage_taken":0,"max_hp_gain":0,"max_hp_loss":0,"event_name":"The Cleric","floor":4,"gold_loss":50},{"damage_healed":0,"gold_gain":0,"player_choice":"Donut","damage_taken":0,"max_hp_gain":5,"max_hp_loss":0,"event_name":"Big Fish","floor":8,"gold_loss":0},{"damage_healed":0,"gold_gain":75,"player_choice":"Gather Gold","damage_taken":11,"max_hp_gain":0,"max_hp_loss":0,"event_name":"World of Goop","floor":14,"gold_loss":0}],"is_beta":false,"boss_relics":[],"items_purged_floors":[13],"is_endless":false,"potions_floor_spawned":[6],"killed_by":"The Guardian","ascension_level":0}