{"gold_per_floor":[114,124,142,142,158,158,178,178,178,178,206,206,235,264,276,288],"floor_reached":16,"playtime":575,"items_purged":[],"score":114,"play_id":"5c22a96e-d1fd-4ef3-ab21-32a80fb234b4","local_time":"20181222030603","is_ascension_mode":true,"campfire_choices":[{"floor":6,"key":"DIG"},{"floor":8,"key":"REST"},{"floor":10,"key":"DIG"},{"floor":12,"key":"DIG"},{"floor":15,"key":"REST"}],"neow_cost":"TEN_PERCENT_HP_LOSS","seed_source_timestamp":20572161008900,"circlet_count":0,"master_deck":["Defend_G","Defend_G","Defend_G","Defend_G","Defend_G","Strike_G","Strike_G","Strike_G","Strike_G","Strike_G","Survivor","Neutralize","Deadly Poison","Dash","Bouncing Flask","Regret","Caltrops","Backflip","Caltrops+1","Backflip","Quick Slash"],"relics":["Ring of the Snake","Mango","Shovel","Dodecahedron","Frozen Egg 2","Pen Nib","The Courier","MawBank"],"potions_floor_usage":[11,13,14,16],"damage_taken":[{"damage":0,"enemies":"2 Louse","floor":1,"turns":2},{"damage":2,"enemies":"Jaw Worm","floor":2,"turns":4},{"damage":2,"enemies":"Cultist","floor":3,"turns":4},{"damage":19,"enemies":"3 Louse","floor":5,"turns":6},{"damage":11,"enemies":"Red Slaver","floor":7,"turns":4},{"damage":21,"enemies":"3 Sentries","floor":11,"turns":9},{"damage":12,"enemies":"2 Fungi Beasts","floor":13,"turns":4},{"damage":17,"enemies":"Large Slime","floor":14,"turns":5},{"damage":41,"enemies":"Slime Boss","floor":16,"turns":8}],"seed_played":"5559770569300963712","potions_obtained":[{"floor":1,"key":"GhostInAJar"},{"floor":7,"key":"Energy Potion"},{"floor":13,"key":"FearPotion"},{"floor":14,"key":"Weak Potion"}],"is_trial":false,"path_per_floor":["M","M","M","?","M","R","M","R","T","R","E","R","M","M","R","B"],"character_chosen":"THE_SILENT","items_purchased":[],"campfire_rested":2,"item_purchase_floors":[],"current_hp_per_floor":[77,75,73,73,54,54,43,66,66,66,45,45,33,16,39,0],"gold":288,"neow_bonus":"ONE_RARE_RELIC","is_prod":false,"is_daily":false,"chose_seed":false,"campfire_upgraded":0,"win_rate":0,"timestamp":1545465963,"path_taken":["M","M","M","?","M","R","M","R","T","R","E","R","M","M","R","BOSS"],"build_version":"2018-12-20","purchased_purges":0,"victory":false,"max_hp_per_floor":[77,77,77,77,77,77,77,77,77,77,77,77,77,77,77,77],"card_choices":[{"not_picked":["PiercingWail","Dagger Throw"],"picked":"Deadly Poison","floor":1},{"not_picked":["Cloak And Dagger","Prepared"],"picked":"Dash","floor":2},{"not_picked":["Acrobatics","Bane"],"picked":"Bouncing Flask","floor":3},{"not_picked":["Outmaneuver","Dodge and Roll"],"picked":"Caltrops","floor":5},{"not_picked":["Envenom","Deflect"],"picked":"Backflip","floor":7},{"not_picked":["Blade Dance","Eviscerate"],"picked":"Caltrops+1","floor":11},{"not_picked":["Backstab","Choke"],"picked":"Backflip","floor":13},{"not_picked":["Outmaneuver","Infinite Blades+1"],"picked":"Quick Slash","floor":14}],"player_experience":316447,"relics_obtained":[{"floor":6,"key":"Dodecahedron"},{"floor":9,"key":"Frozen Egg 2"},{"floor":10,"key":"Pen Nib"},{"floor":11,"key":"The Courier"},{"floor":12,"key":"MawBank"}],"event_choices":[{"damage_healed":0,"gold_gain":0,"player_choice":"Box","damage_taken":0,"relics_obtained":["Shovel"],"max_hp_gain":0,"max_hp_loss":0,"event_name":"Big Fish","floor":4,"gold_loss":0,"cards_obtained":["Regret"]}],"is_beta":false,"boss_relics":[],"items_purged_floors":[],"is_endless":false,"potions_floor_spawned":[1,7,13,14],"killed_by":"Slime Boss","ascension_level":2}