{"gold_per_floor":[113,129,145,145,145,145,179,30,57,88,88,101,124,124,124,124],"floor_reached":16,"playtime":743,"items_purged":["Strike_G"],"score":149,"play_id":"abf80c1f-67ba-4202-87e2-96156946b71b","local_time":"20190327142858","is_ascension_mode":true,"campfire_choices":[{"data":"Dash","floor":6.0,"key":"SMITH"},{"data":"Footwork","floor":11.0,"key":"SMITH"},{"data":"Blur","floor":15.0,"key":"SMITH"}],"neow_cost":"TEN_PERCENT_HP_LOSS","seed_source_timestamp":735567484778742,"circlet_count":0,"master_deck":["Defend_G","Defend_G","Defend_G","Defend_G","Defend_G","Strike_G","Strike_G","Strike_G","Survivor","Neutralize","Adrenaline","Deflect","Flying Knee","Dash+1","Blur+1","Footwork+1","Crippling Poison","Heel Hook"],"special_seed":0,"relics":["Ring of the Snake","Golden Idol","Snake Skull","PreservedInsect","Bag of Preparation"],"potions_floor_usage":[16],"damage_taken":[{"damage":0.0,"enemies":"Cultist","floor":1.0,"turns":4.0},{"damage":2.0,"enemies":"Jaw Worm","floor":2.0,"turns":6.0},{"damage":0.0,"enemies":"Small Slimes","floor":3.0,"turns":3.0},{"damage":5.0,"enemies":"Gremlin Nob","floor":7.0,"turns":5.0},{"damage":11.0,"enemies":"3 Sentries","floor":10.0,"turns":11.0},{"damage":0.0,"enemies":"Red Slaver","floor":12.0,"turns":6.0},{"damage":0.0,"enemies":"Looter","floor":13.0,"turns":3.0},{"damage":44,"enemies":"Hexaghost","floor":16,"turns":16}],"seed_played":"-4613997401012562011","potions_obtained":[{"floor":7.0,"key":"Ancient Potion"},{"floor":12.0,"key":"Energy Potion"},{"floor":13.0,"key":"Regen Potion"}],"is_trial":false,"path_per_floor":["M","?","T","$","?"],"character_chosen":"THE_SILENT","items_purchased":["Footwork"],"campfire_rested":0,"item_purchase_floors":[8],"current_hp_per_floor":[63,61,61,46,46,46,41,41,41,30,30,30,30,23,23,0],"gold":124,"neow_bonus":"THREE_RARE_CARDS","is_prod":false,"is_daily":false,"chose_seed":false,"campfire_upgraded":3,"win_rate":0,"timestamp":1553722138,"path_taken":["M","?","M","?","?","R","E","?","T","E","R","M","M","?","R","BOSS"],"build_version":"2019-01-23","purchased_purges":1,"victory":false,"max_hp_per_floor":[63,63,63,63,63,63,63,63,63,63,63,63,63,63,63,63],"card_choices":[{"not_picked":["Grand Finale","Bullet Time"],"picked":"Adrenaline","floor":0.0},{"not_picked":["Prepared","Sucker Punch"],"picked":"Deflect","floor":1.0},{"not_picked":["Outmaneuver","Setup"],"picked":"Flying Knee","floor":2.0},{"not_picked":["Sucker Punch","All Out Attack"],"picked":"Dash","floor":3.0},{"not_picked":["Dash","Calculated Gamble"],"picked":"Blur","floor":7.0},{"not_picked":["Blade Dance","Deflect"],"picked":"Crippling Poison","floor":10.0},{"not_picked":["Accuracy","Distraction"],"picked":"Heel Hook","floor":12.0},{"not_picked":["Dagger Throw","Crippling Poison","Bouncing Flask"],"picked":"SKIP","floor":13.0}],"player_experience":134016,"relics_obtained":[{"floor":7.0,"key":"Snake Skull"},{"floor":9.0,"key":"PreservedInsect"},{"floor":10.0,"key":"Bag of Preparation"}],"event_choices":[{"damage_healed":0.0,"max_hp_gain":0.0,"max_hp_loss":0.0,"gold_gain":0.0,"event_name":"Golden Idol","player_choice":"Take Damage","floor":4.0,"gold_loss":0.0,"damage_taken":15.0,"relics_obtained":["Golden Idol"]},{"cards_removed":["Strike_G"],"damage_healed":0.0,"max_hp_gain":0.0,"max_hp_loss":0.0,"gold_gain":0.0,"event_name":"Golden Wing","player_choice":"Card Removal","floor":14.0,"gold_loss":0.0,"damage_taken":7.0}],"is_beta":false,"boss_relics":[],"items_purged_floors":[8],"is_endless":false,"potions_floor_spawned":[7,12,13],"killed_by":"Hexaghost","ascension_level":7}