{"gold_per_floor":[118,130,10,25,41,74,89,89,89,114,114,139,89,108,108,203,203,215,228,9,9,284,284,284,284,284,83,109,139,139,159,159,260,260,278,297,309,195,195,195,247,247],"floor_reached":42,"playtime":7012,"items_purged":["Strike_B","Strike_B+1"],"score":527,"play_id":"0d66185c-870a-4da7-9773-dd537f5bd443","local_time":"20190322200615","is_ascension_mode":true,"campfire_choices":[{"data":"Zap","floor":11,"key":"SMITH"},{"data":"Go for the Eyes","floor":15,"key":"SMITH"},{"data":"Self Repair","floor":23,"key":"SMITH"},{"data":"Go for the Eyes","floor":25,"key":"SMITH"},{"data":"Conserve Battery","floor":30,"key":"SMITH"},{"data":"Capacitor","floor":32,"key":"SMITH"},{"data":"Loop","floor":40,"key":"SMITH"}],"neow_cost":"NONE","seed_source_timestamp":219025265278014,"circlet_count":0,"master_deck":["Defend_B+1","Defend_B+1","Defend_B+1","Defend_B+1","Zap+1","Dualcast","Go for the Eyes+1","Conserve Battery","Self Repair","Go for the Eyes+1","Compile Driver","Rebound","Conserve Battery+1","Barrage","Capacitor+1","Cold Snap","Rainbow","Self Repair+1","Cold Snap+1","Sweeping Beam","Steam","Leap","Hologram","Sweeping Beam+1","Biased Cognition","Injury","Regret","Storm+1","Ball Lightning+1","Loop+1","Force Field+1","BootSequence","Hologram+1"],"relics":["Cracked Core","WingedGreaves","Darkstone Periapt","Pantograph","Meat on the Bone","Coffee Dripper","Boot","Prayer Wheel","Molten Egg 2","Regal Pillow","Astrolabe","Unceasing Top"],"potions_floor_usage":[14,16,24,28,33,41,41],"damage_taken":[{"damage":1,"enemies":"Cultist","floor":1,"turns":3},{"damage":0,"enemies":"Small Slimes","floor":2,"turns":2},{"damage":0,"enemies":"2 Louse","floor":4,"turns":3},{"damage":5,"enemies":"Looter","floor":5,"turns":5},{"damage":18,"enemies":"Lagavulin","floor":6,"turns":7},{"damage":10,"enemies":"Large Slime","floor":7,"turns":6},{"damage":44,"enemies":"Gremlin Nob","floor":10,"turns":5},{"damage":18,"enemies":"3 Sentries","floor":12,"turns":7},{"damage":6,"enemies":"Lots of Slimes","floor":14,"turns":3},{"damage":13,"enemies":"Hexaghost","floor":16,"turns":13},{"damage":17,"enemies":"Chosen","floor":18,"turns":5},{"damage":25,"enemies":"3 Byrds","floor":19,"turns":7},{"damage":3,"enemies":"3 Cultists","floor":24,"turns":2},{"damage":41,"enemies":"Gremlin Leader","floor":28,"turns":8},{"damage":6,"enemies":"Book of Stabbing","floor":29,"turns":7},{"damage":23,"enemies":"Cultist and Chosen","floor":31,"turns":9},{"damage":68,"enemies":"Champ","floor":33,"turns":20},{"damage":23,"enemies":"3 Darklings","floor":35,"turns":8},{"damage":2,"enemies":"3 Shapes","floor":36,"turns":4},{"damage":15,"enemies":"Spire Growth","floor":37,"turns":6},{"damage":80,"enemies":"2 Orb Walkers","floor":41,"turns":6},{"damage":51,"enemies":"Giant Head","floor":42,"turns":8}],"seed_played":"-7301926928633334280","potions_obtained":[{"floor":2,"key":"FearPotion"},{"floor":10,"key":"Explosive Potion"},{"floor":12,"key":"SmokeBomb"},{"floor":14,"key":"FairyPotion"},{"floor":16,"key":"Energy Potion"},{"floor":31,"key":"Poison Potion"},{"floor":35,"key":"Strength Potion"},{"floor":36,"key":"FocusPotion"}],"is_trial":false,"path_per_floor":["M","M","?","?","?","?","M","M","?","?"],"character_chosen":"DEFECT","items_purchased":["Self Repair","Go for the Eyes","Boot","Sweeping Beam","FearPotion","BootSequence","EssenceOfSteel"],"campfire_rested":0,"item_purchase_floors":[3,3,20,27,27,38,38],"current_hp_per_floor":[81,81,81,82,82,71,68,82,82,38,38,27,27,33,33,52,82,72,61,61,61,67,67,74,74,74,74,62,66,66,65,65,49,97,91,89,91,91,91,91,40,0],"gold":247,"neow_bonus":"TEN_PERCENT_HP_BONUS","is_prod":false,"is_daily":false,"chose_seed":false,"campfire_upgraded":7,"win_rate":0,"timestamp":1553285175,"path_taken":["M","M","$","M","?","E","?","?","T","E","R","E","?","M","R","BOSS","M","M","$","?","?","R","?","R","T","$","E","E","R","M","R","BOSS","M","?","M","$","?","R","?","E"],"build_version":"2019-01-23","purchased_purges":2,"victory":false,"max_hp_per_floor":[82,82,82,82,82,82,82,82,82,82,82,82,82,82,82,82,82,82,82,82,82,88,88,88,88,88,88,88,88,88,88,88,88,97,97,97,97,97,97,97,97,97],"card_choices":[{"not_picked":["Barrage","Hologram"],"picked":"Go for the Eyes","floor":1},{"not_picked":["Chaos","Redo"],"picked":"Conserve Battery","floor":2},{"not_picked":["Coolheaded","Heatsinks"],"picked":"Compile Driver","floor":4},{"not_picked":["Steam","Gash"],"picked":"Rebound","floor":5},{"not_picked":["Barrage","Redo"],"picked":"Conserve Battery","floor":6},{"not_picked":["Fusion","Gash"],"picked":"Barrage","floor":7},{"not_picked":["Chaos","Turbo"],"picked":"Capacitor","floor":10},{"not_picked":["Hologram","Creative AI"],"picked":"Coolheaded","floor":12},{"not_picked":["Fusion","Steam"],"picked":"Cold Snap","floor":14},{"not_picked":["Biased Cognition","Multi-Cast"],"picked":"Rainbow","floor":16},{"not_picked":["Static Discharge+1","Aggregate"],"picked":"Self Repair","floor":18},{"not_picked":["Steam","Barrage"],"picked":"Cold Snap+1","floor":19},{"not_picked":["Sweeping Beam","Streamline"],"picked":"Steam","floor":28},{"not_picked":["Storm+1","Scrape+1"],"picked":"Leap","floor":29},{"not_picked":["Barrage+1","Ball Lightning+1"],"picked":"Hologram","floor":31},{"not_picked":["Barrage+1","Static Discharge"],"picked":"Sweeping Beam+1","floor":31},{"not_picked":["Thunder Strike+1","All For One+1"],"picked":"Biased Cognition","floor":33},{"not_picked":["Sunder+1","Rebound+1"],"picked":"Ball Lightning+1","floor":35},{"not_picked":["Stack+1","Conserve Battery","Aggregate"],"picked":"SKIP","floor":35},{"not_picked":["Beam Cell+1","Stack"],"picked":"Loop","floor":36},{"not_picked":["Streamline+1","Leap+1","Conserve Battery"],"picked":"SKIP","floor":36},{"not_picked":["Compile Driver+1","Genetic Algorithm+1"],"picked":"Force Field+1","floor":37},{"not_picked":["Conserve Battery+1","Beam Cell+1","Coolheaded+1"],"picked":"SKIP","floor":37},{"not_picked":["Turbo+1","Self Repair"],"picked":"Hologram+1","floor":41}],"player_experience":279469,"relics_obtained":[{"floor":6,"key":"WingedGreaves"},{"floor":9,"key":"Darkstone Periapt"},{"floor":10,"key":"Pantograph"},{"floor":12,"key":"Meat on the Bone"},{"floor":26,"key":"Prayer Wheel"},{"floor":28,"key":"Molten Egg 2"},{"floor":29,"key":"Regal Pillow"},{"floor":41,"key":"Unceasing Top"}],"event_choices":[{"damage_healed":20,"gold_gain":0,"player_choice":"Healed and dodged fight","damage_taken":0,"max_hp_gain":0,"max_hp_loss":0,"event_name":"Mushrooms","floor":8,"gold_loss":0,"cards_obtained":["Parasite"]},{"cards_removed":["Strike_B"],"damage_healed":0,"gold_gain":0,"player_choice":"Card Removal","damage_taken":0,"max_hp_gain":0,"max_hp_loss":0,"event_name":"The Cleric","floor":13,"gold_loss":50},{"damage_healed":0,"gold_gain":0,"player_choice":"Simplicity","damage_taken":0,"max_hp_gain":0,"max_hp_loss":0,"event_name":"Back to Basics","floor":21,"gold_loss":0,"cards_upgraded":["Strike_B","Strike_B","Defend_B","Defend_B","Defend_B","Defend_B"]},{"damage_healed":0,"gold_gain":275,"player_choice":"Desecrate","damage_taken":0,"max_hp_gain":0,"max_hp_loss":0,"event_name":"Golden Shrine","floor":22,"gold_loss":0,"cards_obtained":["Regret"]},{"cards_removed":["Coolheaded"],"damage_healed":0,"gold_gain":0,"player_choice":"Removed Skill","damage_taken":0,"max_hp_gain":0,"max_hp_loss":0,"event_name":"Falling","floor":39,"gold_loss":0},{"damage_healed":0,"gold_gain":0,"player_choice":"Fight","damage_taken":0,"max_hp_gain":0,"max_hp_loss":0,"event_name":"Mysterious Sphere","floor":41,"gold_loss":0}],"is_beta":false,"boss_relics":[{"not_picked":["Calling Bell","Philosopher\u0027s Stone"],"picked":"Coffee Dripper"},{"not_picked":["Runic Dome","Empty Cage"],"picked":"Astrolabe"}],"items_purged_floors":[20,27],"is_endless":false,"potions_floor_spawned":[2,10,12,14,16,24,31,35,36],"killed_by":"Giant Head","ascension_level":2}