{"path_per_floor":["M","M","M","?","?","R","M","?","T","R","?","R","M","$","R","B",null,"M","?","M","M","?","R","M","$","T","M","R","E","M","M","R"],"character_chosen":"THE_SILENT","items_purchased":["Malaise","Cloak And Dagger"],"gold_per_floor":[11,22,33,33,33,33,46,46,46,46,46,46,65,30,30,158,158,182,107,128,147,147,147,161,114,191,207,207,247,265,290,290],"floor_reached":33,"campfire_rested":3,"playtime":1372,"current_hp_per_floor":[66,66,65,48,34,34,25,25,25,25,25,25,25,25,46,28,70,63,63,57,50,50,50,41,41,41,30,51,14,12,14,35],"items_purged":[],"gold":290,"score":259,"play_id":"acf0c76b-7c30-415c-8616-0b2b7b4f37b7","is_prod":false,"is_daily":false,"is_ascension_mode":false,"campfire_upgraded":2,"path_taken":["M","M","M","?","?","R","?","?","T","R","?","R","?","$","R","BOSS","M","?","M","M","?","R","M","$","T","?","R","E","M","M","R","BOSS"],"build_version":"2018-02-15-PROD1","purchased_purges":0,"victory":false,"master_deck":["Defend_G+1","Defend_G+1","Defend_G+1","Defend_G+1","Defend_G+1","Strike_G+1","Strike_G+1","Strike_G+1","Survivor","Neutralize","Infinite Blades","Outmaneuver","Infinite Blades+1","Cloak And Dagger+1","Malaise","Burst","Dagger Throw","Finisher+1","Dagger Throw","Skewer","Cloak And Dagger","Writhe","Flying Knee","Blade Dance+1","Cloak And Dagger","Choke"],"max_hp_per_floor":[70,70,70,70,70,70,70,70,70,70,70,70,70,70,70,70,70,70,70,70,70,70,70,70,70,70,70,70,70,70,70,70],"relics":["Ring of the Snake","Tingsha","Golden Idol","Kunai","Girya","Cursed Key","Bottled Lightning","Blood Vial"],"card_choices":[{"not_picked":["Dagger Spray","Underhanded Strike"],"picked":"Infinite Blades"},{"not_picked":["Catalyst","Deadly Poison"],"picked":"Outmaneuver"},{"not_picked":["Riddle With Holes","Blur"],"picked":"Infinite Blades"},{"not_picked":["Slice","Backflip"],"picked":"Cloak And Dagger"},{"not_picked":["Unload","Phantasmal Killer"],"picked":"Burst"},{"not_picked":["Backflip","Escape Plan"],"picked":"Dagger Throw"},{"not_picked":["Dagger Spray","Noxious Fumes"],"picked":"Finisher"},{"not_picked":["Acrobatics","Sucker Punch"],"picked":"Dagger Throw"},{"not_picked":["Quick Slash","Crippling Poison"],"picked":"Skewer"},{"not_picked":["Distraction","Wraith Form"],"picked":"Flying Knee"},{"not_picked":["Dagger Throw","Flying Knee"],"picked":"Blade Dance"},{"not_picked":["Sucker Punch","Flying Knee"],"picked":"Cloak And Dagger"},{"not_picked":["Bouncing Flask","Prepared"],"picked":"Choke"}],"player_experience":117575,"potions_floor_usage":[13,16,24,29,29,30],"damage_taken":[{"damage":4,"enemies":"Cultist","floor":1,"turns":5},{"damage":0,"enemies":"Small Slimes","floor":2,"turns":4},{"damage":1,"enemies":"2 Louse","floor":3,"turns":4},{"damage":9,"enemies":"Exordium Wildlife","floor":7,"turns":5},{"damage":0,"enemies":"2 Fungi Beasts","floor":13,"turns":3},{"damage":33,"enemies":"Slime Boss","floor":16,"turns":11},{"damage":7,"enemies":"Chosen","floor":18,"turns":6},{"damage":6,"enemies":"Spheric Guardian","floor":20,"turns":4},{"damage":7,"enemies":"Centurion and Healer","floor":21,"turns":5},{"damage":9,"enemies":"3 Cultists","floor":24,"turns":5},{"damage":11,"enemies":"Snecko","floor":27,"turns":5},{"damage":37,"enemies":"Slavers","floor":29,"turns":5},{"damage":4,"enemies":"Centurion and Healer","floor":30,"turns":4},{"damage":0,"enemies":"Snake Plant","floor":31,"turns":5},{"damage":46,"enemies":"Collector","floor":33,"turns":3}],"event_choices":[{"event_name":"Golden Idol","player_choice":"Take Damage","floor":4,"damage_taken":0},{"event_name":"Shining Light","player_choice":"Entered Light","floor":5,"damage_taken":0},{"event_name":"Wheel of Change","player_choice":"Relic","floor":8,"damage_taken":0},{"event_name":"Bonfire Elementals","player_choice":"BASIC","floor":11,"damage_taken":0},{"event_name":"Beggar","player_choice":"Gave Gold","floor":19,"damage_taken":0},{"event_name":"Back to Basics","player_choice":"Simplicity","floor":22,"damage_taken":0}],"boss_relics":[{"not_picked":["The Specimen","Eternal Feather"],"picked":"Cursed Key"}],"potions_floor_spawned":[1,3,13,20,27,29],"seed_played":"-8846995200451767644","killed_by":"Collector","ascension_level":0,"is_trial":false}