{"gold_per_floor":[109,109,120,137,151,151,164,118,118,146,162,162,173,189,189,285,285,298,13,27,39,52,52],"floor_reached":23,"playtime":723,"items_purged":[],"score":386,"play_id":"cf0eb42b-e189-4458-ab9c-9869813e8b15","local_time":"20190224123645","is_ascension_mode":true,"campfire_choices":[{"data":"Sweeping Beam","floor":6,"key":"SMITH"},{"floor":12,"key":"REST"},{"floor":15,"key":"REST"}],"neow_cost":"NONE","seed_source_timestamp":168772626821200,"circlet_count":0,"master_deck":["Strike_B","Strike_B","Strike_B","Defend_B","Defend_B","Defend_B","Defend_B","Zap+1","Dualcast","Ball Lightning","Melter","Sweeping Beam+1","Cold Snap","Ball Lightning","Gash","Gash","Coolheaded","Core Surge","Chill"],"relics":["Cracked Core","Mango","Gambling Chip","Inserter","FossilizedHelix"],"potions_floor_usage":[16,18,23,23],"damage_taken":[{"damage":4,"enemies":"Jaw Worm","floor":1,"turns":4},{"damage":0,"enemies":"Cultist","floor":3,"turns":3},{"damage":0,"enemies":"2 Louse","floor":4,"turns":1},{"damage":4,"enemies":"2 Fungi Beasts","floor":5,"turns":3},{"damage":2,"enemies":"Large Slime","floor":7,"turns":4},{"damage":28,"enemies":"Lagavulin","floor":10,"turns":5},{"damage":9,"enemies":"Red Slaver","floor":11,"turns":2},{"damage":4,"enemies":"Lots of Slimes","floor":13,"turns":2},{"damage":24,"enemies":"Gremlin Gang","floor":14,"turns":3},{"damage":0,"enemies":"Slime Boss","floor":16,"turns":6},{"damage":0,"enemies":"Spheric Guardian","floor":18,"turns":1},{"damage":18,"enemies":"Shell Parasite","floor":20,"turns":4},{"damage":15,"enemies":"Cultist and Chosen","floor":21,"turns":6},{"damage":30,"enemies":"3 Cultists","floor":22,"turns":5},{"damage":41,"enemies":"Book of Stabbing","floor":23,"turns":6}],"seed_played":"-9081497767192646804","potions_obtained":[{"floor":3,"key":"AttackPotion"},{"floor":11,"key":"Regen Potion"},{"floor":13,"key":"Energy Potion"},{"floor":16,"key":"Fruit Juice"},{"floor":18,"key":"Weak Potion"}],"is_trial":false,"path_per_floor":["M","?","M","M","M","R","M","$","T","E","M","R","M","M","R","B",null,"M","$","M","M","M","E"],"character_chosen":"DEFECT","items_purchased":["Gash","FossilizedHelix"],"campfire_rested":2,"item_purchase_floors":[8,19],"current_hp_per_floor":[64,64,64,64,60,60,58,58,72,44,35,61,57,33,59,59,82,87,87,69,54,24,0],"gold":52,"neow_bonus":"UPGRADE_CARD","is_prod":false,"is_daily":false,"chose_seed":false,"campfire_upgraded":1,"win_rate":0,"timestamp":1551029805,"path_taken":["M","?","?","M","M","R","M","?","T","E","M","R","M","M","R","BOSS","M","$","M","?","M","E"],"build_version":"2019-01-23","purchased_purges":0,"victory":false,"max_hp_per_floor":[75,75,75,75,75,75,75,75,89,89,89,89,89,89,89,89,89,94,94,94,94,94,94],"card_choices":[{"not_picked":["Storm","Sweeping Beam"],"picked":"Ball Lightning","floor":1},{"not_picked":["Hologram","Redo"],"picked":"Melter","floor":3},{"not_picked":["Barrage","Hologram"],"picked":"Sweeping Beam","floor":4},{"not_picked":["Streamline","Storm"],"picked":"Cold Snap","floor":5},{"not_picked":["Compile Driver","Turbo"],"picked":"Ball Lightning","floor":7},{"not_picked":["Skim","Double Energy"],"picked":"Gash","floor":10},{"not_picked":["Sweeping Beam","Heatsinks","BootSequence"],"picked":"SKIP","floor":11},{"not_picked":["Scrape","Sweeping Beam"],"picked":"Coolheaded","floor":13},{"not_picked":["Beam Cell","Storm","Chaos"],"picked":"SKIP","floor":14},{"not_picked":["Seek","Reboot"],"picked":"Core Surge","floor":16},{"not_picked":["Conserve Battery","Steam"],"picked":"Chill","floor":18},{"not_picked":["Lockon","Compile Driver+1","Stack"],"picked":"SKIP","floor":20},{"not_picked":["Scrape+1","Go for the Eyes","Redo"],"picked":"SKIP","floor":21},{"not_picked":["Ball Lightning","Coolheaded","Steam"],"picked":"SKIP","floor":22}],"player_experience":480585,"relics_obtained":[{"floor":9,"key":"Mango"},{"floor":10,"key":"Gambling Chip"}],"event_choices":[{"cards_removed":["Strike_B"],"damage_healed":0,"gold_gain":0,"player_choice":"Offered Basic","damage_taken":0,"max_hp_gain":0,"max_hp_loss":0,"event_name":"Bonfire Elementals","floor":2,"gold_loss":0}],"is_beta":false,"boss_relics":[{"not_picked":["Nuclear Battery","FrozenCore"],"picked":"Inserter"}],"items_purged_floors":[],"is_endless":false,"potions_floor_spawned":[3,11,13,16,18],"killed_by":"Book of Stabbing","ascension_level":9}