{"gold_per_floor":[115,135,135,135,152,171,171,200,200,200,217,252,270,270],"floor_reached":14,"playtime":588,"items_purged":[],"score":204,"play_id":"6e791d2d-c7da-4f48-9371-af7a35a1642f","local_time":"20190420200246","is_ascension_mode":true,"campfire_choices":[{"data":"Poisoned Stab","floor":7,"key":"SMITH"},{"data":"Neutralize","floor":10,"key":"SMITH"}],"neow_cost":"NONE","seed_source_timestamp":203253805131855,"circlet_count":0,"master_deck":["AscendersBane","Defend_G","Defend_G","Defend_G","Defend_G","Defend_G","Strike_G","Strike_G","Strike_G","Strike_G","Survivor","Neutralize+1","Dagger Spray","Flying Knee","Expertise","Poisoned Stab+1","Cloak And Dagger","Well Laid Plans","Riddle With Holes","Noxious Fumes"],"relics":["Ring of the Snake","Boot","Vajra","Peace Pipe"],"potions_floor_usage":[8],"damage_taken":[{"damage":0,"enemies":"Small Slimes","floor":1,"turns":4},{"damage":0,"enemies":"Cultist","floor":2,"turns":3},{"damage":7,"enemies":"Jaw Worm","floor":5,"turns":4},{"damage":0,"enemies":"Looter","floor":6,"turns":3},{"damage":8,"enemies":"3 Sentries","floor":8,"turns":7},{"damage":18,"enemies":"Large Slime","floor":11,"turns":5},{"damage":11,"enemies":"Lagavulin","floor":12,"turns":5},{"damage":4,"enemies":"Exordium Thugs","floor":13,"turns":3},{"damage":14,"enemies":"Lots of Slimes","floor":14,"turns":2}],"seed_played":"-3857537362095567381","potions_obtained":[{"floor":2,"key":"EssenceOfSteel"},{"floor":5,"key":"LiquidBronze"},{"floor":11,"key":"LiquidBronze"}],"is_trial":false,"path_per_floor":["?","?","M"],"character_chosen":"THE_SILENT","items_purchased":[],"campfire_rested":0,"item_purchase_floors":[],"current_hp_per_floor":[59,59,59,59,52,52,52,44,44,44,26,15,11,0],"gold":270,"neow_bonus":"RANDOM_COMMON_RELIC","is_prod":false,"is_daily":false,"chose_seed":false,"campfire_upgraded":2,"win_rate":0,"timestamp":1555779766,"path_taken":["M","M","?","?","?","M","R","E","T","R","M","E","M","M"],"build_version":"2019-01-23","purchased_purges":0,"victory":false,"max_hp_per_floor":[66,66,66,66,66,66,66,66,66,66,66,66,66,66],"card_choices":[{"not_picked":["Poisoned Stab","Bouncing Flask"],"picked":"Dagger Spray","floor":1},{"not_picked":["Endless Agony","Underhanded Strike"],"picked":"Flying Knee","floor":2},{"not_picked":["Terror","Flechettes"],"picked":"Poisoned Stab","floor":5},{"not_picked":["Blade Dance","Outmaneuver"],"picked":"Cloak And Dagger","floor":6},{"not_picked":["Deadly Poison","Setup"],"picked":"Well Laid Plans","floor":8},{"not_picked":["Backstab","Flechettes"],"picked":"Riddle With Holes","floor":11},{"not_picked":["Masterful Stab","Quick Slash","Accuracy"],"picked":"SKIP","floor":12},{"not_picked":["Bane","Caltrops"],"picked":"Noxious Fumes","floor":13}],"player_experience":1774026,"relics_obtained":[{"floor":8,"key":"Vajra"},{"floor":12,"key":"Peace Pipe"}],"event_choices":[{"damage_healed":0,"gold_gain":0,"player_choice":"Ignored","damage_taken":0,"max_hp_gain":0,"max_hp_loss":0,"event_name":"Liars Game","floor":3,"gold_loss":0},{"damage_healed":0,"gold_gain":0,"cards_transformed":["Strike_G"],"player_choice":"Transformed","damage_taken":0,"max_hp_gain":0,"max_hp_loss":0,"event_name":"Transmorgrifier","floor":4,"gold_loss":0,"cards_obtained":["Expertise"]}],"is_beta":false,"boss_relics":[],"items_purged_floors":[],"is_endless":false,"potions_floor_spawned":[2,5,11],"killed_by":"Lots of Slimes","ascension_level":20}