{"gold_per_floor":[18,36,53,71,88,115,115,142,142,142,157,170,183,215,215,315,315,300,59,59,72,72,72,72],"floor_reached":24,"playtime":1607,"items_purged":[],"score":245,"play_id":"34fa9659-243f-4750-92b4-b9d8f6ed9c4a","local_time":"20190420155354","is_ascension_mode":false,"campfire_choices":[{"data":"Armaments","floor":7,"key":"SMITH"},{"data":"Barricade","floor":15,"key":"SMITH"},{"data":"Entrench","floor":23,"key":"SMITH"}],"neow_cost":"NO_GOLD","seed_source_timestamp":365343412948524,"circlet_count":0,"master_deck":["Strike_R","Strike_R","Strike_R","Strike_R","Strike_R","Defend_R","Defend_R","Defend_R","Defend_R","Bash","Dropkick","Armaments+1","Iron Wave","Headbutt","Entrench+1","Juggernaut+1","Shrug It Off","Warcry","Iron Wave","Barricade+1","Exhume","Writhe","Body Slam+1"],"relics":["Black Blood","Ancient Tea Set","Anchor","Peace Pipe","Bottled Lightning","Frozen Egg 2","Dead Branch"],"potions_floor_usage":[4,6,22],"damage_taken":[{"damage":13,"enemies":"Jaw Worm","floor":1,"turns":4},{"damage":6,"enemies":"Cultist","floor":2,"turns":3},{"damage":7,"enemies":"2 Louse","floor":3,"turns":3},{"damage":10,"enemies":"Exordium Wildlife","floor":4,"turns":6},{"damage":7,"enemies":"Looter","floor":5,"turns":4},{"damage":36,"enemies":"Lagavulin","floor":6,"turns":7},{"damage":12,"enemies":"Gremlin Nob","floor":8,"turns":4},{"damage":0,"enemies":"Lots of Slimes","floor":11,"turns":4},{"damage":13,"enemies":"3 Louse","floor":12,"turns":4},{"damage":0,"enemies":"Blue Slaver","floor":13,"turns":3},{"damage":12,"enemies":"3 Sentries","floor":14,"turns":7},{"damage":30,"enemies":"Slime Boss","floor":16,"turns":12},{"damage":20,"enemies":"2 Thieves","floor":18,"turns":5},{"damage":37,"enemies":"Chosen","floor":21,"turns":7},{"damage":22,"enemies":"Colosseum Slavers","floor":22,"turns":6},{"damage":54,"enemies":"Gremlin Leader","floor":24,"turns":9}],"seed_played":"-7030345470265623589","potions_obtained":[{"floor":1,"key":"Energy Potion"},{"floor":3,"key":"Block Potion"},{"floor":8,"key":"LiquidBronze"},{"floor":16,"key":"SkillPotion"}],"is_trial":false,"path_per_floor":["M","M","M","M","M","E","R","E","T","?","M","M","M","E","R","B",null,"M","$","?","M","?","R","E"],"character_chosen":"IRONCLAD","items_purchased":["Frozen Egg 2"],"campfire_rested":0,"item_purchase_floors":[19],"current_hp_per_floor":[89,89,88,84,83,53,53,47,47,47,53,46,52,46,46,22,96,86,86,86,59,47,47,0],"gold":72,"neow_bonus":"TWENTY_PERCENT_HP_BONUS","is_prod":false,"is_daily":false,"chose_seed":false,"campfire_upgraded":3,"win_rate":0,"timestamp":1555790034,"path_taken":["M","M","M","M","M","E","R","E","T","?","M","M","M","E","R","BOSS","M","$","?","M","?","R","E"],"build_version":"2019-01-23","purchased_purges":0,"victory":false,"max_hp_per_floor":[96,96,96,96,96,96,96,96,96,96,96,96,96,96,96,96,96,96,96,96,96,96,96,96],"card_choices":[{"not_picked":["Thunderclap","Bloodletting"],"picked":"Dropkick","floor":1},{"not_picked":["Flex","Sword Boomerang"],"picked":"Armaments","floor":2},{"not_picked":["Carnage","Twin Strike"],"picked":"Iron Wave","floor":3},{"not_picked":["Twin Strike","Dropkick"],"picked":"Headbutt","floor":4},{"not_picked":["Thunderclap","Clash"],"picked":"Entrench","floor":5},{"not_picked":["Searing Blow","True Grit"],"picked":"Juggernaut","floor":6},{"not_picked":["Twin Strike","Intimidate"],"picked":"Shrug It Off","floor":8},{"not_picked":["Pummel","Havoc","Clothesline"],"picked":"SKIP","floor":11},{"not_picked":["Havoc","Perfected Strike"],"picked":"Warcry","floor":12},{"not_picked":["Warcry","Sword Boomerang"],"picked":"Iron Wave","floor":13},{"not_picked":["Seeing Red","Sever Soul"],"picked":"Barricade","floor":14},{"not_picked":["Impervious","Bludgeon"],"picked":"Exhume","floor":16},{"not_picked":["True Grit","Twin Strike","Headbutt"],"picked":"SKIP","floor":18},{"not_picked":["Hemokinesis","Havoc"],"picked":"Body Slam+1","floor":21}],"player_experience":328128,"relics_obtained":[{"floor":6,"key":"Ancient Tea Set"},{"floor":8,"key":"Anchor"},{"floor":9,"key":"Peace Pipe"},{"floor":14,"key":"Bottled Lightning"}],"event_choices":[{"damage_healed":0,"gold_gain":0,"player_choice":"Grow","damage_taken":0,"max_hp_gain":0,"max_hp_loss":0,"event_name":"Living Wall","floor":10,"gold_loss":0,"cards_upgraded":["Juggernaut"]},{"damage_healed":0,"gold_gain":0,"player_choice":"Opened","damage_taken":0,"relics_obtained":["Dead Branch"],"max_hp_gain":0,"max_hp_loss":0,"event_name":"The Mausoleum","floor":20,"gold_loss":0,"cards_obtained":["Writhe"]},{"damage_healed":0,"gold_gain":0,"player_choice":"Fight","damage_taken":0,"max_hp_gain":0,"max_hp_loss":0,"event_name":"Colosseum","floor":22,"gold_loss":0},{"damage_healed":0,"gold_gain":0,"player_choice":"Fled From Nobs","damage_taken":0,"max_hp_gain":0,"max_hp_loss":0,"event_name":"Colosseum","floor":22,"gold_loss":0}],"is_beta":false,"boss_relics":[{"not_picked":["Lizard Tail","Mark of Pain"],"picked":"Black Blood"}],"items_purged_floors":[],"is_endless":false,"potions_floor_spawned":[1,3,8,16,22],"killed_by":"Gremlin Leader","ascension_level":0}