{"path_per_floor":["M","M","M","M","$","R","M","M","T","$","M","M","M","M","R","B",null,"M","M"],"character_chosen":"IRONCLAD","items_purchased":["Flame Barrier","Jack Of All Trades"],"gold_per_floor":[117,129,145,160,91,91,101,112,112,23,36,53,66,77,77,175,205,220,237],"floor_reached":20,"campfire_rested":0,"playtime":1285,"current_hp_per_floor":[88,80,83,84,84,84,74,73,73,73,79,82,76,71,71,39,93,73,36],"items_purged":[],"gold":237,"score":174,"play_id":"714b1e8b-32f5-4d0b-8554-84d6d5772a03","is_prod":false,"is_daily":false,"is_ascension_mode":false,"campfire_upgraded":2,"path_taken":["M","M","M","M","$","R","M","M","T","?","M","?","M","M","R","BOSS","M","M","M"],"build_version":"2018-02-15-PROD1","purchased_purges":1,"victory":false,"master_deck":["Strike_R","Strike_R","Strike_R","Strike_R+1","Strike_R","Defend_R","Defend_R","Defend_R","Defend_R","Bash","Flex","Perfected Strike+1","Exhume","Iron Wave","Flame Barrier","Whirlwind","Spot Weakness","Jack Of All Trades+1","Havoc","Dual Wield","Exhume","Wild Strike"],"max_hp_per_floor":[88,88,88,88,88,88,88,88,88,88,88,88,88,88,88,88,93,93,93],"relics":["Burning Blood","Frozen Eye","Tiny House"],"card_choices":[{"not_picked":["Sword Boomerang","Combust"],"picked":"Flex"},{"not_picked":["Armaments","Clash"],"picked":"Perfected Strike"},{"not_picked":["Twin Strike","Pommel Strike"],"picked":"Exhume"},{"not_picked":["Second Wind","Twin Strike"],"picked":"Iron Wave"},{"not_picked":["Thunderclap","Feed"],"picked":"Whirlwind"},{"not_picked":["Entrench","Iron Wave"],"picked":"Spot Weakness"},{"not_picked":["Body Slam","Evolve"],"picked":"Havoc"},{"not_picked":["Carnage","Metallicize"],"picked":"Dual Wield"},{"not_picked":["Double Tap","Barricade"],"picked":"Exhume"},{"not_picked":["Shrug It Off","Warcry"],"picked":"Wild Strike"}],"player_experience":139853,"potions_floor_usage":[11,13,16,16,18,19,20],"damage_taken":[{"damage":2,"enemies":"Cultist","floor":1,"turns":5},{"damage":14,"enemies":"Jaw Worm","floor":2,"turns":4},{"damage":3,"enemies":"Small Slimes","floor":3,"turns":4},{"damage":5,"enemies":"Looter","floor":4,"turns":3},{"damage":16,"enemies":"Large Slime","floor":7,"turns":6},{"damage":7,"enemies":"Blue Slaver","floor":8,"turns":3},{"damage":0,"enemies":"Lots of Slimes","floor":11,"turns":1},{"damage":3,"enemies":"Exordium Thugs","floor":12,"turns":4},{"damage":12,"enemies":"Gremlin Gang","floor":13,"turns":5},{"damage":11,"enemies":"Exordium Wildlife","floor":14,"turns":2},{"damage":38,"enemies":"Hexaghost","floor":16,"turns":10},{"damage":26,"enemies":"Chosen","floor":18,"turns":5},{"damage":47,"enemies":"Shell Parasite","floor":19,"turns":9},{"damage":42,"enemies":"Sentry and Sphere","floor":20,"turns":6}],"event_choices":[],"boss_relics":[{"not_picked":["Astrolabe","Philosopher\u0027s Stone"],"picked":"Tiny House"}],"potions_floor_spawned":[1,3,7,12,18,19],"seed_played":"1594840037702378931","killed_by":"Sentry and Sphere","ascension_level":0,"is_trial":false}