{"gold_per_floor":[117,137,151,226,226,226,249,327,352,352],"floor_reached":10,"playtime":242,"items_purged":[],"score":87,"play_id":"b15da540-67b1-47c1-9796-f825708fed3e","local_time":"20190420121233","is_ascension_mode":true,"campfire_choices":[{"data":"Bash","floor":6,"key":"SMITH"}],"neow_cost":"NONE","seed_source_timestamp":436962449101100,"circlet_count":0,"master_deck":["AscendersBane","Strike_R","Strike_R","Strike_R","Strike_R","Strike_R","Defend_R","Defend_R","Defend_R","Defend_R","Bash+1","Shockwave","Rampage","Dual Wield+1","True Grit+1","Pommel Strike"],"relics":["Burning Blood","NeowsBlessing","Golden Idol","Bag of Marbles","War Paint"],"potions_floor_usage":[10],"damage_taken":[{"damage":0,"enemies":"Cultist","floor":1,"turns":1},{"damage":0,"enemies":"2 Louse","floor":2,"turns":1},{"damage":0,"enemies":"Jaw Worm","floor":3,"turns":1},{"damage":9,"enemies":"2 Fungi Beasts","floor":7,"turns":4},{"damage":39,"enemies":"Gremlin Nob","floor":8,"turns":5},{"damage":41,"enemies":"Gremlin Nob","floor":10,"turns":4}],"seed_played":"-4544103736264537856","potions_obtained":[{"floor":3,"key":"Dexterity Potion"},{"floor":7,"key":"BloodPotion"}],"is_trial":false,"path_per_floor":["M","M","M","?","?","R","M","?","T","E"],"character_chosen":"IRONCLAD","items_purchased":[],"campfire_rested":0,"item_purchase_floors":[],"current_hp_per_floor":[78,80,80,69,69,69,66,33,33,0],"gold":352,"neow_bonus":"THREE_ENEMY_KILL","is_prod":false,"is_daily":false,"chose_seed":false,"campfire_upgraded":1,"win_rate":0,"timestamp":1555776753,"path_taken":["M","?","M","?","?","R","M","?","T","E"],"build_version":"2019-01-23","purchased_purges":0,"victory":false,"max_hp_per_floor":[80,80,80,80,74,74,74,74,74,74],"card_choices":[{"not_picked":["Flex","Feel No Pain"],"picked":"Shockwave","floor":1},{"not_picked":["Shrug It Off","Headbutt"],"picked":"Rampage","floor":2},{"not_picked":["Corruption","Perfected Strike"],"picked":"Dual Wield","floor":3},{"not_picked":["Infernal Blade","Sever Soul"],"picked":"True Grit","floor":7},{"not_picked":["Second Wind","Shockwave"],"picked":"Pommel Strike","floor":8}],"player_experience":597499,"relics_obtained":[{"floor":8,"key":"Bag of Marbles"},{"floor":9,"key":"War Paint"}],"event_choices":[{"damage_healed":0,"gold_gain":75,"player_choice":"Gather Gold","damage_taken":11,"max_hp_gain":0,"max_hp_loss":0,"event_name":"World of Goop","floor":4,"gold_loss":0},{"damage_healed":0,"gold_gain":0,"player_choice":"Lose Max HP","damage_taken":0,"relics_obtained":["Golden Idol"],"max_hp_gain":0,"max_hp_loss":6,"event_name":"Golden Idol","floor":5,"gold_loss":0},{"damage_healed":0,"gold_gain":0,"player_choice":"Searched \u00272\u0027 times","damage_taken":0,"max_hp_gain":0,"max_hp_loss":0,"event_name":"Dead Adventurer","floor":8,"gold_loss":0}],"is_beta":false,"boss_relics":[],"items_purged_floors":[],"is_endless":false,"potions_floor_spawned":[3,7],"killed_by":"Gremlin Nob","ascension_level":10}