{"gold_per_floor":[112,130,50,68,82,115,128,128,128,143,143,154,183,183,183,287,287,302,320,320,67,83,83,83,97,97,97,107,126,49,49],"floor_reached":31,"playtime":3088,"items_purged":[],"score":289,"play_id":"e25b16a3-0891-4dce-9ee2-a386a8588122","local_time":"20190305172917","is_ascension_mode":true,"campfire_choices":[{"floor":8,"key":"REST"},{"floor":11,"key":"REST"},{"data":"Noxious Fumes","floor":15,"key":"SMITH"},{"floor":23,"key":"REST"},{"floor":27,"key":"REST"}],"neow_cost":"PERCENT_DAMAGE","seed_source_timestamp":51720154658348,"circlet_count":0,"master_deck":["Defend_G","Defend_G","Defend_G","Defend_G","Defend_G","Strike_G","Strike_G","Strike_G","Strike_G","Strike_G","Survivor","Neutralize","Dagger Spray","Well Laid Plans","All Out Attack","PiercingWail","Sucker Punch","Poisoned Stab","Noxious Fumes+1","Deflect","Caltrops","Parasite","A Thousand Cuts","Cloak And Dagger","Finisher","Trip","PiercingWail","Backflip","Sucker Punch","Footwork"],"relics":["Ring of the Snake","Snake Skull","Bag of Marbles","Smiling Mask","Snecko Eye","Pantograph","MutagenicStrength","Shovel"],"potions_floor_usage":[6,16,28],"damage_taken":[{"damage":2,"enemies":"Small Slimes","floor":1,"turns":3},{"damage":1,"enemies":"Cultist","floor":2,"turns":4},{"damage":2,"enemies":"2 Louse","floor":4,"turns":2},{"damage":3,"enemies":"Large Slime","floor":5,"turns":6},{"damage":23,"enemies":"Lagavulin","floor":6,"turns":9},{"damage":26,"enemies":"Exordium Thugs","floor":7,"turns":5},{"damage":2,"enemies":"Blue Slaver","floor":10,"turns":3},{"damage":5,"enemies":"Exordium Wildlife","floor":12,"turns":4},{"damage":3,"enemies":"3 Sentries","floor":13,"turns":4},{"damage":24,"enemies":"The Guardian","floor":16,"turns":9},{"damage":25,"enemies":"Shell Parasite","floor":18,"turns":6},{"damage":16,"enemies":"Chosen","floor":19,"turns":5},{"damage":14,"enemies":"Centurion and Healer","floor":22,"turns":6},{"damage":3,"enemies":"Sentry and Sphere","floor":25,"turns":4},{"damage":24,"enemies":"Snake Plant","floor":28,"turns":4},{"damage":20,"enemies":"Chosen and Byrds","floor":29,"turns":7},{"damage":17,"enemies":"Shelled Parasite and Fungi","floor":31,"turns":3}],"seed_played":"-324282285491032058","potions_obtained":[{"floor":1,"key":"FearPotion"},{"floor":5,"key":"Ancient Potion"},{"floor":10,"key":"LiquidBronze"},{"floor":12,"key":"SteroidPotion"},{"floor":25,"key":"Energy Potion"},{"floor":29,"key":"SkillPotion"}],"is_trial":false,"path_per_floor":["?","?","$","?"],"character_chosen":"THE_SILENT","items_purchased":["All Out Attack","Pantograph","Footwork"],"campfire_rested":4,"item_purchase_floors":[3,21,30],"current_hp_per_floor":[61,60,60,58,55,32,6,31,31,29,54,49,46,67,67,43,84,59,43,27,27,13,38,38,35,35,60,36,16,16,0],"gold":49,"neow_bonus":"TWENTY_PERCENT_HP_BONUS","is_prod":false,"is_daily":false,"chose_seed":false,"campfire_upgraded":1,"win_rate":0,"timestamp":1551806957,"path_taken":["M","M","$","M","M","E","M","R","T","M","R","M","E","?","R","BOSS","M","M","?","?","M","R","?","M","T","R","M","M","$","M"],"build_version":"2019-01-23","purchased_purges":0,"victory":false,"max_hp_per_floor":[84,84,84,84,84,84,84,84,84,84,84,84,84,84,84,84,84,84,84,84,84,84,84,84,84,84,84,84,84,84,84],"card_choices":[{"not_picked":["Infinite Blades","Bane"],"picked":"Dagger Spray","floor":1},{"not_picked":["Infinite Blades","Setup"],"picked":"Well Laid Plans","floor":2},{"not_picked":["Deflect","Reflex"],"picked":"PiercingWail","floor":4},{"not_picked":["Flying Knee","Underhanded Strike"],"picked":"Sucker Punch","floor":5},{"not_picked":["Blade Dance","Prepared","All Out Attack"],"picked":"SKIP","floor":6},{"not_picked":["Bane","Eviscerate"],"picked":"Poisoned Stab","floor":7},{"not_picked":["Caltrops","Slice"],"picked":"Noxious Fumes","floor":10},{"not_picked":["Tactician","Skewer"],"picked":"Deflect","floor":12},{"not_picked":["Blade Dance","Dagger Throw"],"picked":"Caltrops","floor":13},{"not_picked":["Venomology","Phantasmal Killer"],"picked":"A Thousand Cuts","floor":16},{"not_picked":["Slice","Blade Dance"],"picked":"Cloak And Dagger","floor":18},{"not_picked":["Crippling Poison","Dagger Throw"],"picked":"Finisher","floor":19},{"not_picked":["Slice","Bane+1"],"picked":"PiercingWail","floor":22},{"not_picked":["Dagger Throw","Slice+1"],"picked":"Backflip","floor":25},{"not_picked":["Masterful Stab","Deadly Poison"],"picked":"Sucker Punch","floor":28},{"not_picked":["Reflex","Underhanded Strike","Bouncing Flask"],"picked":"SKIP","floor":29}],"player_experience":117354,"relics_obtained":[{"floor":6,"key":"Snake Skull"},{"floor":9,"key":"Bag of Marbles"},{"floor":13,"key":"Smiling Mask"},{"floor":26,"key":"Shovel"}],"event_choices":[{"damage_healed":21,"gold_gain":0,"player_choice":"Healed and dodged fight","damage_taken":0,"max_hp_gain":0,"max_hp_loss":0,"event_name":"Mushrooms","floor":14,"gold_loss":0,"cards_obtained":["Parasite"]},{"damage_healed":0,"gold_gain":0,"player_choice":"CARD ","damage_taken":16,"max_hp_gain":0,"max_hp_loss":0,"event_name":"Knowing Skull","floor":20,"potions_obtained":[],"gold_loss":0,"cards_obtained":["Trip"]},{"damage_healed":0,"gold_gain":0,"player_choice":"Inject Mutagens","damage_taken":0,"relics_obtained":["MutagenicStrength"],"max_hp_gain":0,"max_hp_loss":0,"event_name":"Drug Dealer","floor":24,"gold_loss":0}],"is_beta":false,"boss_relics":[{"not_picked":["Runic Dome","WristBlade"],"picked":"Snecko Eye"}],"items_purged_floors":[],"is_endless":false,"potions_floor_spawned":[1,5,10,12,25,29],"killed_by":"Shelled Parasite and Fungi","ascension_level":3}