{"gold_per_floor":[213,233,47,47,47,82,82,100,100,100,125,125,125,140,140,237,237,248,298,37,51,101,101,131,145,145,145,161,180,180,35,35,138,138,151,201,262,20,70,70,101,101,128,128,142,142],"floor_reached":46,"playtime":1922,"items_purged":[],"score":499,"play_id":"aafdaec0-76a6-40d7-afb7-06f830a959a2","local_time":"20190221134725","is_ascension_mode":false,"campfire_choices":[{"floor":10,"key":"REST"},{"floor":12,"key":"REST"},{"data":"Loop","floor":15,"key":"SMITH"},{"floor":23,"key":"REST"},{"floor":27,"key":"REST"},{"floor":30,"key":"REST"},{"floor":32,"key":"REST"},{"data":"Electrodynamics","floor":40,"key":"SMITH"},{"floor":42,"key":"RECALL"},{"floor":44,"key":"REST"}],"neow_cost":"NONE","seed_source_timestamp":384320861592276,"circlet_count":0,"master_deck":["Strike_B+1","Strike_B","Defend_B","Defend_B","Defend_B","Defend_B+1","Zap+1","Dualcast","Gash","Go for the Eyes","Loop+1","Core Surge","Redo+1","Go for the Eyes+1","Gash+1","Electrodynamics+1","Rebound+1","Rebound+1","Heatsinks+1","Storm","Static Discharge+1","Gash+1","Cold Snap+1","All For One+1","Cold Snap+1","Beam Cell+1","Loop","Gash+1","Parasite","Leap+1"],"relics":["Cracked Core","Lantern","Cables","Ancient Tea Set","Molten Egg 2","War Paint","SsserpentHead","Nuclear Battery","Mercury Hourglass","Mummified Hand","Art of War","Dream Catcher","Inserter","Bottled Lightning","Dead Branch","Bag of Marbles"],"potions_floor_usage":[16,24,24,29,33,45,46],"damage_taken":[{"damage":0,"enemies":"Small Slimes","floor":1,"turns":2},{"damage":11,"enemies":"Jaw Worm","floor":2,"turns":3},{"damage":30,"enemies":"3 Sentries","floor":6,"turns":8},{"damage":6,"enemies":"2 Louse","floor":8,"turns":2},{"damage":11,"enemies":"Lagavulin","floor":11,"turns":5},{"damage":0,"enemies":"Lots of Slimes","floor":14,"turns":3},{"damage":2,"enemies":"Slime Boss","floor":16,"turns":8},{"damage":22,"enemies":"2 Thieves","floor":18,"turns":3},{"damage":19,"enemies":"Shell Parasite","floor":21,"turns":4},{"damage":11,"enemies":"Gremlin Leader","floor":24,"turns":6},{"damage":15,"enemies":"Sentry and Sphere","floor":25,"turns":4},{"damage":11,"enemies":"3 Cultists","floor":28,"turns":4},{"damage":29,"enemies":"Centurion and Healer","floor":29,"turns":3},{"damage":55,"enemies":"Automaton","floor":33,"turns":8},{"damage":8,"enemies":"Orb Walker","floor":35,"turns":3},{"damage":14,"enemies":"3 Darklings","floor":37,"turns":2},{"damage":34,"enemies":"Reptomancer","floor":41,"turns":3},{"damage":15,"enemies":"Writhing Mass","floor":45,"turns":4},{"damage":28,"enemies":"Jaw Worm Horde","floor":46,"turns":1}],"seed_played":"-7523516023596926761","potions_obtained":[{"floor":1,"key":"SpeedPotion"},{"floor":8,"key":"SteroidPotion"},{"floor":11,"key":"Block Potion"},{"floor":16,"key":"Strength Potion"},{"floor":18,"key":"SkillPotion"},{"floor":25,"key":"Swift Potion"},{"floor":33,"key":"Fire Potion"},{"floor":37,"key":"Explosive Potion"}],"is_trial":false,"path_per_floor":["M","M","$","?","?","E","?","M","T","R","E","R","?","M","R","B",null,"M","?","$","M","T","R","E","M","T","R","M","M","R","$","R","B",null,"M","?","M","$","?","R","E","R","T","R","M","M"],"character_chosen":"DEFECT","items_purchased":["Lantern","Loop","Mercury Hourglass","Dream Catcher","Bottled Lightning"],"campfire_rested":7,"item_purchase_floors":[3,3,20,31,38],"current_hp_per_floor":[75,64,64,49,42,12,12,6,6,28,17,39,39,39,39,37,75,53,53,53,34,34,56,45,30,30,52,41,12,34,34,56,1,75,67,67,53,53,53,53,19,19,19,41,26,0],"gold":142,"neow_bonus":"HUNDRED_GOLD","is_prod":false,"is_daily":false,"chose_seed":false,"campfire_upgraded":2,"win_rate":0,"timestamp":1550774845,"path_taken":["M","M","$","?","?","E","?","?","T","R","E","R","?","M","R","BOSS","M","?","$","M","?","R","E","M","T","R","M","M","R","$","R","BOSS","M","?","?","$","?","R","E","R","T","R","M","M"],"build_version":"2019-01-23","purchased_purges":0,"victory":false,"max_hp_per_floor":[75,75,75,75,75,75,75,75,75,75,75,75,75,75,75,75,75,75,75,75,75,75,75,75,75,75,75,75,75,75,75,75,75,75,75,75,75,75,75,75,75,75,75,75,75,75],"card_choices":[{"not_picked":["Defragment","Leap"],"picked":"Gash","floor":1},{"not_picked":["Beam Cell","Aggregate"],"picked":"Go for the Eyes","floor":2},{"not_picked":["Hologram","Leap"],"picked":"Core Surge","floor":6},{"not_picked":["Turbo","Glacier"],"picked":"Redo","floor":8},{"not_picked":["Biased Cognition","Barrage+1"],"picked":"Go for the Eyes+1","floor":11},{"not_picked":["Chill","Scrape+1"],"picked":"Gash+1","floor":14},{"not_picked":["Hyperbeam+1","Machine Learning"],"picked":"Electrodynamics","floor":16},{"not_picked":["Steam","Compile Driver+1"],"picked":"Rebound+1","floor":18},{"not_picked":["Chaos","Hologram"],"picked":"Rebound+1","floor":21},{"not_picked":["Steam","Ball Lightning+1"],"picked":"Heatsinks+1","floor":24},{"not_picked":["Rainbow","FTL+1"],"picked":"Storm","floor":25},{"not_picked":["Lockon+1","Compile Driver+1"],"picked":"Static Discharge+1","floor":28},{"not_picked":["Compile Driver+1","Barrage+1"],"picked":"Gash+1","floor":29},{"not_picked":["Recycle","Leap"],"picked":"Cold Snap+1","floor":32},{"not_picked":["Fission","Core Surge+1"],"picked":"All For One+1","floor":33},{"not_picked":["Turbo","Auto Shields"],"picked":"Cold Snap+1","floor":35},{"not_picked":["Steam","Tempest"],"picked":"Beam Cell+1","floor":37},{"not_picked":["Stack","Ball Lightning+1"],"picked":"Loop","floor":41},{"not_picked":["Steam","Skim"],"picked":"Gash+1","floor":44},{"not_picked":["Ball Lightning+1","Capacitor+1"],"picked":"Leap+1","floor":45}],"player_experience":210402,"relics_obtained":[{"floor":6,"key":"Ancient Tea Set"},{"floor":9,"key":"Molten Egg 2"},{"floor":11,"key":"War Paint"},{"floor":22,"key":"Mummified Hand"},{"floor":24,"key":"Art of War"},{"floor":41,"key":"Dead Branch"},{"floor":43,"key":"Bag of Marbles"}],"event_choices":[{"damage_healed":0,"gold_gain":0,"player_choice":"Entered Light","damage_taken":15,"max_hp_gain":0,"max_hp_loss":0,"event_name":"Shining Light","floor":4,"gold_loss":0,"cards_upgraded":["Zap","Strike_B"]},{"damage_healed":0,"gold_gain":0,"player_choice":"Success","damage_taken":7,"relics_obtained":["Cables"],"max_hp_gain":0,"max_hp_loss":0,"event_name":"Scrap Ooze","floor":5,"gold_loss":0},{"cards_removed":["Strike_B"],"damage_healed":0,"gold_gain":0,"player_choice":"Purged","damage_taken":0,"max_hp_gain":0,"max_hp_loss":0,"event_name":"Purifier","floor":7,"gold_loss":0},{"damage_healed":0,"gold_gain":0,"player_choice":"Trade","damage_taken":0,"relics_obtained":["SsserpentHead"],"max_hp_gain":0,"max_hp_loss":0,"event_name":"FaceTrader","floor":13,"gold_loss":0},{"damage_healed":0,"gold_gain":0,"player_choice":"Ignored","damage_taken":0,"max_hp_gain":0,"max_hp_loss":0,"event_name":"Vampires","floor":19,"gold_loss":0},{"damage_healed":0,"gold_gain":0,"player_choice":"Ignored","damage_taken":0,"max_hp_gain":0,"max_hp_loss":0,"event_name":"Purifier","floor":36,"gold_loss":0},{"cards_removed":["Strike_B"],"damage_healed":0,"gold_gain":0,"player_choice":"Removed Attack","damage_taken":0,"max_hp_gain":0,"max_hp_loss":0,"event_name":"Falling","floor":39,"gold_loss":0}],"is_beta":false,"boss_relics":[{"not_picked":["Coffee Dripper","Sozu"],"picked":"Nuclear Battery"},{"not_picked":["Astrolabe","Snecko Eye"],"picked":"Inserter"}],"items_purged_floors":[],"is_endless":false,"potions_floor_spawned":[1,8,11,16,18,25,33,37],"killed_by":"Jaw Worm Horde","ascension_level":0}