{"gold_per_floor":[116,116,116,134,146,176,176,141,168,187,187,202,235,248,248,345,345,362,362,362,374,386,386,419,419,419,419,453,470,67,84,84,180,180,193,206,131,131,141,166,178,178],"floor_reached":42,"playtime":2240,"items_purged":["Strike_B"],"score":720,"play_id":"3666b175-6bd8-4b6e-be7d-6e3e820c3316","local_time":"20190305023330","is_ascension_mode":true,"campfire_choices":[{"data":"Barrage","floor":7.0,"key":"SMITH"},{"data":"Capacitor","floor":11.0,"key":"SMITH"},{"floor":15.0,"key":"REST"},{"floor":23.0,"key":"REST"},{"floor":25.0,"key":"REST"},{"floor":27.0,"key":"REST"},{"floor":32,"key":"REST"}],"neow_cost":"NONE","seed_source_timestamp":908675420924200,"circlet_count":0,"master_deck":["AscendersBane","Strike_B+1","Strike_B+1","Defend_B+1","Defend_B","Defend_B","Defend_B+1","Zap+1","Dualcast","Hologram","Rebound","Ball Lightning","Barrage+1","Capacitor+1","Coolheaded","Coolheaded","Cold Snap","Biased Cognition","Glacier+1","Core Surge","Reprogram","Doom and Gloom","Chill"],"special_seed":0,"relics":["Cracked Core","Vajra","Matryoshka","War Paint","DataDisk","Whetstone","Velvet Choker","Lantern","Potion Belt","Dream Catcher","Ginger","Anchor","Strawberry","Black Star","NlothsMask","Ancient Tea Set","Bag of Marbles"],"potions_floor_usage":[28,33,40,41,42],"damage_taken":[{"damage":2.0,"enemies":"2 Louse","floor":1.0,"turns":3.0},{"damage":1.0,"enemies":"Jaw Worm","floor":4.0,"turns":4.0},{"damage":0.0,"enemies":"Cultist","floor":5.0,"turns":2.0},{"damage":22.0,"enemies":"Lagavulin","floor":6.0,"turns":5.0},{"damage":13.0,"enemies":"3 Louse","floor":10.0,"turns":3.0},{"damage":4.0,"enemies":"2 Fungi Beasts","floor":12.0,"turns":3.0},{"damage":12.0,"enemies":"Gremlin Nob","floor":13.0,"turns":3.0},{"damage":6.0,"enemies":"Red Slaver","floor":14.0,"turns":2.0},{"damage":18.0,"enemies":"The Guardian","floor":16.0,"turns":10.0},{"damage":19.0,"enemies":"2 Thieves","floor":18.0,"turns":4.0},{"damage":0.0,"enemies":"Chosen","floor":21.0,"turns":3.0},{"damage":2.0,"enemies":"Snake Plant","floor":22.0,"turns":4.0},{"damage":31.0,"enemies":"Gremlin Leader","floor":24.0,"turns":7.0},{"damage":30,"enemies":"Slavers","floor":28,"turns":4},{"damage":0,"enemies":"Cultist and Chosen","floor":29,"turns":5},{"damage":4,"enemies":"Sentry and Sphere","floor":31,"turns":5},{"damage":40,"enemies":"Automaton","floor":33,"turns":12},{"damage":1,"enemies":"3 Shapes","floor":35,"turns":9},{"damage":10,"enemies":"3 Darklings","floor":36,"turns":6},{"damage":13,"enemies":"4 Shapes","floor":39,"turns":9},{"damage":10,"enemies":"Reptomancer","floor":40,"turns":7},{"damage":11,"enemies":"Writhing Mass","floor":41,"turns":6},{"damage":39,"enemies":"Nemesis","floor":42,"turns":10}],"seed_played":"6046482115231346474","potions_obtained":[{"floor":4.0,"key":"Dexterity Potion"},{"floor":5.0,"key":"Block Potion"},{"floor":6.0,"key":"FocusPotion"},{"floor":12.0,"key":"AttackPotion"},{"floor":16.0,"key":"FearPotion"},{"floor":24.0,"key":"Fire Potion"},{"floor":29,"key":"FocusPotion"},{"floor":35,"key":"Swift Potion"},{"floor":36,"key":"AttackPotion"},{"floor":40,"key":"Block Potion"}],"is_trial":false,"path_per_floor":["M","?","?","M","M","E","R","?","T","M","R","M","E","M","R","B",null,"M","?","?","M","M","R","E","R","T","R","E","M","$","M","R","B",null,"M","M","$","?","M","E","M","E"],"character_chosen":"DEFECT","items_purchased":["Anchor","Strength Potion","Dexterity Potion","Strawberry"],"campfire_rested":5,"item_purchase_floors":[30,30,30,30],"current_hp_per_floor":[66,66,59,58,58,36,36,54,54,41,41,37,25,19,41,23,62,43,29,29,29,27,51,20,44,44,68,38,38,45,41,67,27,72,71,61,61,61,48,38,27,0],"gold":178,"neow_bonus":"TRANSFORM_CARD","is_prod":false,"is_daily":false,"chose_seed":false,"campfire_upgraded":2,"win_rate":0,"timestamp":1551771210,"path_taken":["M","?","?","M","M","E","R","?","T","?","R","?","E","M","R","BOSS","M","?","?","?","M","R","E","R","T","R","E","M","$","M","R","BOSS","M","M","$","?","M","E","M","E"],"build_version":"2019-01-23","purchased_purges":1,"victory":false,"max_hp_per_floor":[75,75,75,75,75,75,75,75,75,75,75,75,75,75,75,75,75,75,80,80,80,80,80,80,80,80,80,80,80,87,87,87,87,87,87,87,87,87,87,87,87,87],"card_choices":[{"not_picked":["Compile Driver","Aggregate"],"picked":"Rebound","floor":1.0},{"not_picked":["Genetic Algorithm","BootSequence"],"picked":"Ball Lightning","floor":4.0},{"not_picked":["Compile Driver","Go for the Eyes"],"picked":"Barrage","floor":5.0},{"not_picked":["Rip and Tear","Recycle"],"picked":"Capacitor","floor":6.0},{"not_picked":["Compile Driver","Beam Cell"],"picked":"Coolheaded","floor":10.0},{"not_picked":["Compile Driver","Chaos"],"picked":"Coolheaded","floor":12.0},{"not_picked":["White Noise","Coolheaded","Genetic Algorithm"],"picked":"SKIP","floor":13.0},{"not_picked":["Turbo","Chill"],"picked":"Cold Snap","floor":14.0},{"not_picked":["Amplify","Machine Learning"],"picked":"Biased Cognition","floor":16.0},{"not_picked":["Sweeping Beam","Leap+1"],"picked":"Glacier+1","floor":18.0},{"not_picked":["White Noise","Reprogram","Genetic Algorithm"],"picked":"SKIP","floor":21.0},{"not_picked":["Heatsinks+1","Conserve Battery","Coolheaded+1"],"picked":"SKIP","floor":22.0},{"not_picked":["Tempest","White Noise","Gash"],"picked":"SKIP","floor":24.0},{"not_picked":["Sweeping Beam","Streamline+1"],"picked":"Reprogram","floor":27.0},{"not_picked":["Hello World+1","Leap+1","Conserve Battery"],"picked":"SKIP","floor":28},{"not_picked":["Stack","Meteor Strike","Force Field"],"picked":"SKIP","floor":29},{"not_picked":["Stack","Conserve Battery","Turbo"],"picked":"SKIP","floor":31},{"not_picked":["Gash","Beam Cell"],"picked":"Doom and Gloom","floor":32},{"not_picked":["Sweeping Beam+1","Leap+1","Static Discharge"],"picked":"SKIP","floor":35},{"not_picked":["Redo","Rebound","Gash+1"],"picked":"SKIP","floor":36},{"not_picked":["Sweeping Beam+1","Storm+1","Double Energy+1"],"picked":"SKIP","floor":39},{"not_picked":["Sweeping Beam+1","Storm+1","Double Energy+1"],"picked":"SKIP","floor":39},{"not_picked":["Beam Cell+1","BootSequence+1"],"picked":"Chill","floor":40},{"not_picked":["Reboot","Turbo+1","Go for the Eyes+1"],"picked":"SKIP","floor":41}],"player_experience":517955,"relics_obtained":[{"floor":6.0,"key":"Matryoshka"},{"floor":9.0,"key":"War Paint"},{"floor":9.0,"key":"DataDisk"},{"floor":13.0,"key":"Whetstone"},{"floor":24.0,"key":"Lantern"},{"floor":26.0,"key":"Potion Belt"},{"floor":26.0,"key":"Dream Catcher"},{"floor":28,"key":"Ginger"},{"floor":40,"key":"Ancient Tea Set"},{"floor":40,"key":"Bag of Marbles"}],"event_choices":[{"damage_healed":0.0,"max_hp_gain":0.0,"max_hp_loss":0.0,"gold_gain":0.0,"event_name":"Living Wall","player_choice":"Grow","floor":2.0,"gold_loss":0.0,"damage_taken":0.0,"cards_upgraded":["Zap"]},{"damage_healed":0.0,"max_hp_gain":0.0,"max_hp_loss":0.0,"gold_gain":0.0,"event_name":"Scrap Ooze","player_choice":"Success","floor":3.0,"gold_loss":0.0,"damage_taken":7.0,"relics_obtained":["Vajra"]},{"damage_healed":18.0,"max_hp_gain":0.0,"max_hp_loss":0.0,"gold_gain":0.0,"event_name":"The Cleric","player_choice":"Healed","floor":8.0,"gold_loss":35.0,"damage_taken":0.0},{"damage_healed":0.0,"max_hp_gain":5.0,"max_hp_loss":0.0,"gold_gain":0.0,"event_name":"Forgotten Altar","player_choice":"Shed Blood","floor":19.0,"gold_loss":0.0,"damage_taken":19.0},{"damage_healed":0.0,"max_hp_gain":0.0,"max_hp_loss":0.0,"gold_gain":0.0,"event_name":"Match and Keep!","player_choice":"1 cards matched","floor":20.0,"gold_loss":0.0,"damage_taken":0.0,"cards_obtained":["Core Surge"]},{"damage_healed":0,"gold_gain":0,"player_choice":"Trade","damage_taken":0,"relics_obtained":["NlothsMask"],"max_hp_gain":0,"max_hp_loss":0,"event_name":"FaceTrader","floor":38,"gold_loss":0}],"is_beta":false,"boss_relics":[{"not_picked":["Calling Bell","Fusion Hammer"],"picked":"Velvet Choker"},{"not_picked":["Pandora\u0027s Box","Orrery"],"picked":"Black Star"}],"items_purged_floors":[37],"is_endless":false,"potions_floor_spawned":[4,5,6,12,16,21,24,29,35,36,39,40],"killed_by":"Nemesis","ascension_level":10}