{"gold_per_floor":[113,125,137,23,23,23,43,71,71,71,83,8,42,60,60,159,159,178,212,311,106,124,124,134,152,175,175,175,50,50,79,79,178,178,190,35,35,35,81,116,216,243,243,243,257,273,302,322,322,322,322,322,21,50,50],"floor_reached":56,"playtime":3869,"items_purged":["Strike_G","Strike_G","Strike_G","Bouncing Flask+1"],"score":1560,"play_id":"93409952-d588-4ff6-af12-ce779ebd69e1","local_time":"20190322161055","is_ascension_mode":true,"campfire_choices":[{"data":"Phantasmal Killer","floor":6.0,"key":"SMITH"},{"data":"Doppelganger","floor":10.0,"key":"SMITH"},{"floor":15.0,"key":"REST"},{"floor":23.0,"key":"REST"},{"floor":27.0,"key":"REST"},{"data":"Neutralize","floor":30.0,"key":"SMITH"},{"data":"Footwork","floor":32.0,"key":"SMITH"},{"floor":44,"key":"RECALL"},{"floor":49,"key":"REST"},{"data":"Doubt","floor":52,"key":"PURGE"}],"neow_cost":"TEN_PERCENT_HP_LOSS","seed_source_timestamp":306311075755924,"circlet_count":0,"master_deck":["Survivor","Neutralize+1","Phantasmal Killer+1","Deadly Poison","Endless Agony","Well Laid Plans","Footwork","Blur","Quick Slash","Flying Knee","Doppelganger+1","Flying Knee+1","Riddle With Holes+1","Slice+1","Malaise+1","Backflip+1","Dodge and Roll+1","Flash of Steel+1","Cloak And Dagger+1","Footwork+1","All Out Attack+1","Endless Agony+1","Ghostly+1","Ghostly+1","Ghostly+1","Ghostly+1","Ghostly+1","Adrenaline+1","Phantasmal Killer+1","Expertise+1","Slice+1","PiercingWail+1","Setup+1","Reflex+1","Flash of Steel+1","PiercingWail+1","Footwork","Blur+1"],"special_seed":0,"relics":["Ring of the Snake","Molten Egg 2","Toxic Egg 2","Oddly Smooth Stone","Cursed Key","Red Mask","Bag of Preparation","Pandora\u0027s Box","Vajra","Peace Pipe","Bronze Scales","Unceasing Top","Lantern","Paper Crane","Strawberry","Bottled Flame"],"potions_floor_usage":[40,55,55,55],"damage_taken":[{"damage":2.0,"enemies":"Jaw Worm","floor":1.0,"turns":6.0},{"damage":1.0,"enemies":"Cultist","floor":2.0,"turns":3.0},{"damage":0.0,"enemies":"2 Louse","floor":3.0,"turns":2.0},{"damage":9.0,"enemies":"Large Slime","floor":7.0,"turns":7.0},{"damage":11.0,"enemies":"Lagavulin","floor":8.0,"turns":8.0},{"damage":6.0,"enemies":"Looter","floor":11.0,"turns":4.0},{"damage":0.0,"enemies":"Gremlin Nob","floor":13.0,"turns":2.0},{"damage":0.0,"enemies":"Exordium Thugs","floor":14.0,"turns":3.0},{"damage":6.0,"enemies":"Slime Boss","floor":16.0,"turns":8.0},{"damage":19.0,"enemies":"2 Thieves","floor":18.0,"turns":4.0},{"damage":24.0,"enemies":"Masked Bandits","floor":19.0,"turns":7.0},{"damage":0.0,"enemies":"3 Byrds","floor":22.0,"turns":6.0},{"damage":15.0,"enemies":"Shelled Parasite and Fungi","floor":24.0,"turns":8.0},{"damage":2.0,"enemies":"Cultist and Chosen","floor":25.0,"turns":7.0},{"damage":2.0,"enemies":"Gremlin Leader","floor":31.0,"turns":6.0},{"damage":15.0,"enemies":"Collector","floor":33.0,"turns":9.0},{"damage":0.0,"enemies":"3 Shapes","floor":35.0,"turns":2.0},{"damage":2.0,"enemies":"2 Orb Walkers","floor":39.0,"turns":4.0},{"damage":2,"enemies":"Nemesis","floor":40,"turns":5},{"damage":0,"enemies":"Mind Bloom Boss Battle","floor":41,"turns":3},{"damage":0,"enemies":"Giant Head","floor":42,"turns":10},{"damage":3,"enemies":"3 Darklings","floor":45,"turns":6},{"damage":0,"enemies":"Sphere and 2 Shapes","floor":46,"turns":3},{"damage":2,"enemies":"Reptomancer","floor":47,"turns":6},{"damage":0,"enemies":"Writhing Mass","floor":48,"turns":5},{"damage":10,"enemies":"Awakened One","floor":50,"turns":18},{"damage":6,"enemies":"Shield and Spear","floor":54,"turns":11},{"damage":14,"enemies":"The Heart","floor":55,"turns":14}],"seed_played":"-103844242336854948","potions_obtained":[{"floor":2.0,"key":"Strength Potion"},{"floor":3.0,"key":"Poison Potion"},{"floor":7.0,"key":"FearPotion"},{"floor":16.0,"key":"SteroidPotion"},{"floor":18.0,"key":"SneckoOil"},{"floor":24.0,"key":"Energy Potion"},{"floor":35.0,"key":"FearPotion"},{"floor":46,"key":"Weak Potion"},{"floor":47,"key":"FearPotion"},{"floor":54,"key":"Energy Potion"}],"is_trial":false,"path_per_floor":["?","$","?","?","?","$","?","?","?","?"],"character_chosen":"THE_SILENT","items_purchased":["Footwork","Blur","Flash of Steel+1","Cloak And Dagger+1","Vajra","Strawberry"],"campfire_rested":4,"item_purchase_floors":[4,4,21,21,36,53],"current_hp_per_floor":[61,60,60,60,60,60,51,40,40,40,34,34,34,34,52,46,59,40,16,16,16,16,34,19,17,17,35,31,31,31,29,29,14,27,27,27,27,27,25,23,23,23,23,23,20,20,18,18,26,16,26,26,33,27,13],"gold":50,"neow_bonus":"THREE_RARE_CARDS","is_prod":false,"is_daily":false,"chose_seed":false,"campfire_upgraded":4,"win_rate":0,"timestamp":1553296255,"path_taken":["M","M","M","$","?","R","M","E","T","R","M","?","E","M","R","BOSS","M","?","?","$","M","R","M","M","T","R","?","?","R","E","R","BOSS","M","$","?","?","?","E","?","E","T","R","M","M","E","M","R","BOSS","R","$","E","BOSS"],"build_version":"2019-01-23","purchased_purges":4,"victory":true,"max_hp_per_floor":[63,63,63,63,63,63,63,63,63,63,63,63,63,63,63,63,63,63,63,63,63,63,63,63,63,63,63,31,31,31,31,31,31,31,31,31,31,29,29,29,29,29,29,29,29,29,29,29,29,29,29,29,36,36,36],"card_choices":[{"not_picked":["Doppelganger","Grand Finale"],"picked":"Phantasmal Killer","floor":0.0},{"not_picked":["Dodge and Roll","Prepared"],"picked":"Deadly Poison","floor":1.0},{"not_picked":["PiercingWail","Bane"],"picked":"Endless Agony","floor":2.0},{"not_picked":["Riddle With Holes","Finisher"],"picked":"Well Laid Plans","floor":3.0},{"not_picked":["PiercingWail","Deflect"],"picked":"Flying Knee","floor":7.0},{"not_picked":["Expertise","All Out Attack"],"picked":"Doppelganger","floor":8.0},{"not_picked":["Acrobatics+1","Underhanded Strike+1"],"picked":"Flying Knee+1","floor":11.0},{"not_picked":["All Out Attack+1","Deadly Poison+1"],"picked":"Riddle With Holes+1","floor":13.0},{"not_picked":["Poisoned Stab+1","Acrobatics+1"],"picked":"Slice+1","floor":14.0},{"not_picked":["Die Die Die+1","Corpse Explosion+1"],"picked":"Malaise+1","floor":16.0},{"not_picked":["Dash+1","Poisoned Stab+1"],"picked":"Backflip+1","floor":18.0},{"not_picked":["Dagger Throw+1","Flying Knee+1"],"picked":"Dodge and Roll+1","floor":19.0},{"not_picked":["Dodge and Roll+1","Skewer+1"],"picked":"Footwork","floor":22.0},{"not_picked":["Bane+1","Setup+1"],"picked":"All Out Attack+1","floor":24.0},{"not_picked":["Catalyst+1","Sucker Punch+1"],"picked":"Endless Agony+1","floor":25.0},{"not_picked":["Outmaneuver+1","Sucker Punch+1"],"picked":"Adrenaline+1","floor":31.0},{"not_picked":["Envenom","Glass Knife+1"],"picked":"Phantasmal Killer+1","floor":33.0},{"not_picked":["Quick Slash+1","Underhanded Strike+1","Flying Knee+1"],"picked":"SKIP","floor":35.0},{"not_picked":["Impatience+1","Enlightenment+1"],"picked":"Flash of Steel+1","floor":37.0},{"not_picked":["Leg Sweep+1","Acrobatics+1","Reflex+1"],"picked":"SKIP","floor":40},{"not_picked":["Accuracy+1","Acrobatics+1"],"picked":"PiercingWail+1","floor":41},{"not_picked":["Slice+1","Unload+1"],"picked":"Footwork","floor":42},{"not_picked":["Outmaneuver+1","Prepared+1","Deadly Poison+1"],"picked":"SKIP","floor":45},{"not_picked":["Dodge and Roll+1","Bouncing Flask+1","Eviscerate+1"],"picked":"SKIP","floor":46},{"not_picked":["Dagger Throw+1","Unload+1","Dagger Spray+1"],"picked":"SKIP","floor":47},{"not_picked":["Deadly Poison+1","Crippling Poison+1"],"picked":"Blur+1","floor":48},{"not_picked":["Dagger Throw+1","Catalyst+1","Choke+1"],"picked":"SKIP","floor":54}],"player_experience":104156,"relics_obtained":[{"floor":8.0,"key":"Molten Egg 2"},{"floor":9.0,"key":"Toxic Egg 2"},{"floor":13.0,"key":"Oddly Smooth Stone"},{"floor":19.0,"key":"Red Mask"},{"floor":31.0,"key":"Bag of Preparation"},{"floor":39.0,"key":"Peace Pipe"},{"floor":40,"key":"Bronze Scales"},{"floor":41,"key":"Unceasing Top"},{"floor":42,"key":"Lantern"},{"floor":47,"key":"Paper Crane"},{"floor":54,"key":"Bottled Flame"}],"event_choices":[{"damage_healed":0.0,"max_hp_gain":0.0,"max_hp_loss":0.0,"gold_gain":0.0,"cards_transformed":["Strike_G"],"event_name":"Transmorgrifier","player_choice":"Transformed","floor":5.0,"gold_loss":0.0,"damage_taken":0.0,"cards_obtained":["Quick Slash"]},{"damage_healed":0.0,"max_hp_gain":0.0,"max_hp_loss":0.0,"gold_gain":0.0,"event_name":"Masked Bandits","player_choice":"Fought Bandits","floor":19.0,"gold_loss":0.0,"damage_taken":0.0},{"damage_healed":0.0,"max_hp_gain":0.0,"max_hp_loss":0.0,"gold_gain":99.0,"event_name":"Nest","player_choice":"Stole From Cult","floor":20.0,"gold_loss":0.0,"damage_taken":0.0},{"damage_healed":0.0,"max_hp_gain":0.0,"max_hp_loss":32.0,"gold_gain":0.0,"event_name":"Ghosts","player_choice":"Became a Ghost","floor":28.0,"gold_loss":0.0,"damage_taken":0.0,"cards_obtained":["Ghostly","Ghostly","Ghostly","Ghostly","Ghostly"]},{"damage_healed":0.0,"max_hp_gain":0.0,"max_hp_loss":0.0,"gold_gain":0.0,"event_name":"SensoryStone","player_choice":"Memory 1","floor":37.0,"gold_loss":0.0,"damage_taken":0.0},{"damage_healed":0.0,"max_hp_gain":0.0,"max_hp_loss":2.0,"gold_gain":0.0,"event_name":"Winding Halls","player_choice":"Max HP","floor":38.0,"gold_loss":0.0,"damage_taken":0.0},{"damage_healed":0.0,"max_hp_gain":0.0,"max_hp_loss":0.0,"gold_gain":0.0,"event_name":"Mysterious Sphere","player_choice":"Fight","floor":39.0,"gold_loss":0.0,"damage_taken":0.0},{"damage_healed":0,"gold_gain":0,"player_choice":"Fight","damage_taken":0,"max_hp_gain":0,"max_hp_loss":0,"event_name":"MindBloom","floor":41,"gold_loss":0}],"is_beta":false,"boss_relics":[{"not_picked":["Runic Dome","Philosopher\u0027s Stone"],"picked":"Cursed Key"},{"not_picked":["Runic Pyramid","Eternal Feather"],"picked":"Pandora\u0027s Box"}],"items_purged_floors":[12,21,29,53],"is_endless":false,"potions_floor_spawned":[2,3,7,11,16,18,24,35,39,46,47,54],"ascension_level":5}