{"gold_per_floor":[210,227,227,240,315,348,348,373,396,396,409,425,390,233,233,233],"floor_reached":16,"playtime":488,"items_purged":[],"score":128,"play_id":"08591233-81d7-4878-b9f8-4f3af6bd1d36","local_time":"20190206113334","is_ascension_mode":true,"campfire_choices":[{"floor":7,"key":"REST"},{"floor":10,"key":"REST"},{"data":"Zap","floor":15,"key":"SMITH"}],"neow_cost":"NONE","seed_source_timestamp":3789603634700,"circlet_count":0,"master_deck":["Strike_B","Strike_B","Strike_B","Strike_B","Defend_B","Defend_B","Defend_B","Defend_B","Zap+1","Dualcast","Streamline","Chill","Double Energy","Sweeping Beam","Turbo","Coolheaded"],"relics":["Cracked Core","Golden Idol","Juzu Bracelet","Bag of Marbles","Blood Vial"],"potions_floor_usage":[6,8,16,16],"damage_taken":[{"damage":5,"enemies":"Small Slimes","floor":1,"turns":2},{"damage":4,"enemies":"Jaw Worm","floor":2,"turns":3},{"damage":0,"enemies":"2 Louse","floor":4,"turns":2},{"damage":35,"enemies":"Gremlin Nob","floor":6,"turns":4},{"damage":6,"enemies":"Blue Slaver","floor":8,"turns":3},{"damage":7,"enemies":"2 Fungi Beasts","floor":11,"turns":2},{"damage":0,"enemies":"Gremlin Gang","floor":12,"turns":3},{"damage":53,"enemies":"Hexaghost","floor":16,"turns":14}],"seed_played":"2537400194327016666","potions_obtained":[{"floor":4,"key":"FocusPotion"},{"floor":6,"key":"PowerPotion"},{"floor":8,"key":"Block Potion"},{"floor":11,"key":"Dexterity Potion"}],"is_trial":false,"path_per_floor":["M","M","?","M","?","E","R","M","T","R","M","M","?","$","R","B"],"character_chosen":"DEFECT","items_purchased":["Blood Vial"],"campfire_rested":2,"item_purchase_floors":[14],"current_hp_per_floor":[70,66,48,48,37,2,24,18,18,40,33,33,51,51,51,0],"gold":233,"neow_bonus":"HUNDRED_GOLD","is_prod":false,"is_daily":false,"chose_seed":false,"campfire_upgraded":1,"win_rate":0,"timestamp":1549470814,"path_taken":["M","M","?","M","?","E","R","M","T","R","M","M","?","$","R","BOSS"],"build_version":"2019-01-23","purchased_purges":0,"victory":false,"max_hp_per_floor":[75,75,75,75,75,75,75,75,75,75,75,75,75,75,75,75],"card_choices":[{"not_picked":["Barrage","Darkness"],"picked":"Streamline","floor":1},{"not_picked":["Stack","Chaos"],"picked":"Chill","floor":2},{"not_picked":["Beam Cell","Steam"],"picked":"Double Energy","floor":4},{"not_picked":["Compile Driver","Go for the Eyes"],"picked":"Sweeping Beam","floor":6},{"not_picked":["Consume","Lockon","Reprogram"],"picked":"SKIP","floor":8},{"not_picked":["Genetic Algorithm","Static Discharge"],"picked":"Turbo","floor":11},{"not_picked":["Turbo","Chaos"],"picked":"Coolheaded","floor":12}],"player_experience":384307,"relics_obtained":[{"floor":6,"key":"Juzu Bracelet"},{"floor":9,"key":"Bag of Marbles"}],"event_choices":[{"damage_healed":0,"gold_gain":0,"player_choice":"Take Damage","damage_taken":18,"relics_obtained":["Golden Idol"],"max_hp_gain":0,"max_hp_loss":0,"event_name":"Golden Idol","floor":3,"gold_loss":0},{"damage_healed":0,"gold_gain":75,"player_choice":"Gather Gold","damage_taken":11,"max_hp_gain":0,"max_hp_loss":0,"event_name":"World of Goop","floor":5,"gold_loss":0},{"damage_healed":18,"gold_gain":0,"player_choice":"Healed","damage_taken":0,"max_hp_gain":0,"max_hp_loss":0,"event_name":"The Cleric","floor":13,"gold_loss":35}],"is_beta":false,"boss_relics":[],"items_purged_floors":[],"is_endless":false,"potions_floor_spawned":[4,6,8,11],"killed_by":"Hexaghost","ascension_level":5}