{"gold_per_floor":[115,115,190,206,206,233,233,137,137,166,184,246,246,257,257,331,331,350,364,464,70,88,88,116,116,141,141,18,43,59,73,73,149,149,160,211,39,55,81,81,99,99,99,99,119,148,161,175,175,175],"floor_reached":51,"playtime":8753,"items_purged":["Strike_R"],"score":1243,"play_id":"12606c34-f10b-43cb-8282-82edda32d3ac","local_time":"20190413185335","is_ascension_mode":true,"campfire_choices":[{"data":"Bash","floor":7,"key":"SMITH"},{"data":"Iron Wave","floor":13,"key":"SMITH"},{"data":"Battle Trance","floor":15,"key":"SMITH"},{"floor":23,"key":"REST"},{"floor":25,"key":"REST"},{"floor":27,"key":"REST"},{"floor":32,"key":"REST"},{"floor":40,"key":"REST"},{"floor":42,"key":"REST"},{"data":"Demon Form","floor":44,"key":"SMITH"},{"floor":49,"key":"REST"}],"neow_cost":"NONE","seed_source_timestamp":217026524081652,"circlet_count":0,"master_deck":["AscendersBane","Strike_R","Strike_R","Strike_R","Strike_R+1","Defend_R","Defend_R","Defend_R","Defend_R","Bash+1","Shrug It Off","Iron Wave+1","Battle Trance+1","Thunderclap+1","Headbutt","Juggernaut","Shrug It Off","True Grit","Feel No Pain","Apotheosis","Sentinel","Reaper","Whirlwind","Dual Wield","Rage","True Grit+1","Demon Form+1","Ghostly Armor","Clothesline","Flame Barrier+1"],"relics":["Burning Blood","NeowsBlessing","Happy Flower","Pocketwatch","Ice Cream","Tiny Chest","Velvet Choker","Ornamental Fan","Gambling Chip","Oddly Smooth Stone","Matryoshka","Whetstone","Boot","Anchor","Busted Crown","Torii","Lantern","Omamori","Toxic Egg 2","Mango"],"potions_floor_usage":[14,16,20,24,24,31,35,38,50,50],"damage_taken":[{"damage":0,"enemies":"Cultist","floor":1,"turns":1},{"damage":0,"enemies":"2 Louse","floor":4,"turns":1},{"damage":0,"enemies":"Lagavulin","floor":6,"turns":1},{"damage":16,"enemies":"3 Sentries","floor":10,"turns":9},{"damage":2,"enemies":"Jaw Worm","floor":11,"turns":4},{"damage":19,"enemies":"Gremlin Nob","floor":12,"turns":4},{"damage":0,"enemies":"Large Slime","floor":14,"turns":3},{"damage":12,"enemies":"Slime Boss","floor":16,"turns":8},{"damage":20,"enemies":"Spheric Guardian","floor":18,"turns":5},{"damage":3,"enemies":"Chosen","floor":19,"turns":5},{"damage":24,"enemies":"Colosseum Slavers","floor":20,"turns":4},{"damage":33,"enemies":"Colosseum Nobs","floor":20,"turns":6},{"damage":9,"enemies":"Snake Plant","floor":22,"turns":4},{"damage":38,"enemies":"Gremlin Leader","floor":24,"turns":9},{"damage":41,"enemies":"Book of Stabbing","floor":29,"turns":7},{"damage":4,"enemies":"Shelled Parasite and Fungi","floor":30,"turns":4},{"damage":0,"enemies":"Cultist and Chosen","floor":31,"turns":5},{"damage":14,"enemies":"Automaton","floor":33,"turns":10},{"damage":10,"enemies":"3 Darklings","floor":35,"turns":5},{"damage":70,"enemies":"2 Orb Walkers","floor":36,"turns":5},{"damage":11,"enemies":"3 Shapes","floor":38,"turns":3},{"damage":23,"enemies":"Spire Growth","floor":41,"turns":5},{"damage":24,"enemies":"Jaw Worm Horde","floor":45,"turns":5},{"damage":11,"enemies":"Giant Head","floor":46,"turns":7},{"damage":53,"enemies":"Transient","floor":47,"turns":5},{"damage":20,"enemies":"Spire Growth","floor":48,"turns":6},{"damage":10,"enemies":"Time Eater","floor":50,"turns":8}],"seed_played":"1881848365540650959","potions_obtained":[{"floor":1,"key":"AttackPotion"},{"floor":14,"key":"Explosive Potion"},{"floor":18,"key":"PowerPotion"},{"floor":22,"key":"Block Potion"},{"floor":30,"key":"Fire Potion"},{"floor":36,"key":"Fire Potion"},{"floor":45,"key":"Dexterity Potion"}],"is_trial":false,"path_per_floor":["?","?","?","?","?","T"],"character_chosen":"IRONCLAD","items_purchased":["Fire Potion","Thunderclap","Oddly Smooth Stone","Feel No Pain","Apotheosis","Whirlwind","AttackPotion","Clothesline","Dexterity Potion"],"campfire_rested":7,"item_purchase_floors":[8,8,21,21,21,28,28,37,37],"current_hp_per_floor":[74,74,63,69,74,80,80,80,80,70,74,61,61,67,67,61,75,61,64,19,19,16,40,8,32,32,56,56,21,28,34,58,55,74,76,12,12,7,7,31,21,45,45,45,32,94,47,57,85,94],"gold":175,"neow_bonus":"THREE_ENEMY_KILL","is_prod":false,"is_daily":false,"chose_seed":false,"campfire_upgraded":4,"win_rate":0,"timestamp":1555178015,"path_taken":["M","?","?","M","?","E","R","$","T","E","M","E","R","M","R","BOSS","M","M","?","$","M","R","E","R","T","R","$","E","M","M","R","BOSS","M","?","$","M","?","R","M","R","T","R","M","E","M","M","R","BOSS"],"build_version":"2019-01-23","purchased_purges":1,"victory":true,"max_hp_per_floor":[75,75,75,75,80,80,80,80,80,80,80,80,80,80,80,80,80,80,80,80,80,80,80,80,80,80,80,80,80,80,80,80,80,80,80,80,80,80,80,80,80,80,80,80,80,94,94,94,94,94],"card_choices":[{"not_picked":["Rage","Heavy Blade"],"picked":"Shrug It Off","floor":1},{"not_picked":["Headbutt","Clash"],"picked":"Iron Wave","floor":4},{"not_picked":["Barricade","Clash"],"picked":"Battle Trance","floor":6},{"not_picked":["Flex","Iron Wave"],"picked":"Headbutt","floor":11},{"not_picked":["Berserk","Warcry","Flex"],"picked":"SKIP","floor":12},{"not_picked":["Twin Strike","Pummel","Entrench"],"picked":"SKIP","floor":14},{"not_picked":["Bludgeon","Offering"],"picked":"Juggernaut","floor":16},{"not_picked":["Twin Strike","Flex","Cleave"],"picked":"SKIP","floor":18},{"not_picked":["Sword Boomerang","Heavy Blade"],"picked":"Shrug It Off","floor":19},{"not_picked":["Flex","Seeing Red"],"picked":"True Grit","floor":20},{"not_picked":["Hemokinesis","Flex"],"picked":"Sentinel","floor":22},{"not_picked":["True Grit","Uppercut"],"picked":"Reaper","floor":24},{"not_picked":["True Grit","Armaments"],"picked":"Dual Wield","floor":29},{"not_picked":["Bloodletting","Wild Strike"],"picked":"Rage","floor":30},{"not_picked":["Body Slam+1","Searing Blow"],"picked":"True Grit+1","floor":31},{"not_picked":["Juggernaut","Bludgeon"],"picked":"Demon Form","floor":33},{"not_picked":["Flex"],"picked":"SKIP","floor":35},{"not_picked":[],"picked":"Ghostly Armor","floor":36},{"not_picked":["Battle Trance+1"],"picked":"SKIP","floor":38},{"not_picked":["Feel No Pain"],"picked":"SKIP","floor":41},{"not_picked":[],"picked":"Flame Barrier+1","floor":45},{"not_picked":["Dropkick+1"],"picked":"SKIP","floor":46},{"not_picked":["Blood for Blood"],"picked":"SKIP","floor":47},{"not_picked":["Pommel Strike+1"],"picked":"SKIP","floor":48}],"player_experience":601081,"relics_obtained":[{"floor":6,"key":"Happy Flower"},{"floor":9,"key":"Pocketwatch"},{"floor":10,"key":"Ice Cream"},{"floor":12,"key":"Tiny Chest"},{"floor":20,"key":"Ornamental Fan"},{"floor":20,"key":"Gambling Chip"},{"floor":24,"key":"Matryoshka"},{"floor":26,"key":"Whetstone"},{"floor":26,"key":"Boot"},{"floor":29,"key":"Anchor"},{"floor":36,"key":"Torii"},{"floor":39,"key":"Lantern"},{"floor":39,"key":"Omamori"},{"floor":43,"key":"Toxic Egg 2"},{"floor":46,"key":"Mango"}],"event_choices":[{"damage_healed":0,"gold_gain":0,"player_choice":"Ignored","damage_taken":0,"max_hp_gain":0,"max_hp_loss":0,"event_name":"Golden Wing","floor":2,"gold_loss":0},{"damage_healed":0,"gold_gain":75,"player_choice":"Gather Gold","damage_taken":11,"max_hp_gain":0,"max_hp_loss":0,"event_name":"World of Goop","floor":3,"gold_loss":0},{"damage_healed":0,"gold_gain":0,"player_choice":"Donut","damage_taken":0,"max_hp_gain":5,"max_hp_loss":0,"event_name":"Big Fish","floor":5,"gold_loss":0},{"damage_healed":0,"gold_gain":0,"player_choice":"Fight","damage_taken":0,"max_hp_gain":0,"max_hp_loss":0,"event_name":"Colosseum","floor":20,"gold_loss":0},{"damage_healed":0,"gold_gain":0,"player_choice":"Fought Nobs","damage_taken":0,"max_hp_gain":0,"max_hp_loss":0,"event_name":"Colosseum","floor":20,"gold_loss":0},{"damage_healed":0,"gold_gain":0,"player_choice":"Fight","damage_taken":0,"max_hp_gain":0,"max_hp_loss":0,"event_name":"Mysterious Sphere","floor":36,"gold_loss":0}],"is_beta":false,"boss_relics":[{"not_picked":["Coffee Dripper","Black Blood"],"picked":"Velvet Choker"},{"not_picked":["Philosopher\u0027s Stone","Orrery"],"picked":"Busted Crown"}],"items_purged_floors":[37],"is_endless":false,"potions_floor_spawned":[1,11,14,18,22,30,36,45,47,48],"ascension_level":15}