{"gold_per_floor":[119,133,147,222,232,265,283,306,329,329,38,56,56,73,73,173,173,162,162,162,162,14,14,25,25,50,50,83,83,97,112,112,112],"floor_reached":33,"playtime":2988,"items_purged":[],"score":267,"play_id":"05611aa9-2afc-43da-bfcd-b3aac98a6700","local_time":"20181122185912","is_ascension_mode":false,"campfire_choices":[{"floor":10.0,"key":"REST"},{"data":"Rage","floor":13.0,"key":"SMITH"},{"data":"Iron Wave","floor":15.0,"key":"SMITH"},{"data":"Twin Strike","floor":23,"key":"SMITH"},{"data":"Anger","floor":25,"key":"SMITH"},{"floor":29,"key":"REST"},{"floor":32,"key":"REST"}],"neow_cost":"","seed_source_timestamp":0,"circlet_count":0,"master_deck":["Strike_R","Strike_R","Strike_R","Strike_R","Defend_R","Defend_R+1","Defend_R","Bash","Pommel Strike","Rage+1","Twin Strike","Anger+1","Thunderclap","Searing Blow","Twin Strike+1","Finesse+1","Iron Wave+1","Cleave","Dropkick+1","RitualDagger","Metallicize"],"special_seed":0,"relics":["Burning Blood","Letter Opener","Odd Mushroom","Happy Flower","Toolbox","Empty Cage","Nilry\u0027s Codex","Juzu Bracelet","War Paint","Red Skull"],"potions_floor_usage":[33,33],"damage_taken":[{"damage":3.0,"enemies":"2 Louse","floor":1.0,"turns":4.0},{"damage":6.0,"enemies":"Cultist","floor":2.0,"turns":3.0},{"damage":8.0,"enemies":"Jaw Worm","floor":3.0,"turns":2.0},{"damage":11.0,"enemies":"Looter","floor":5.0,"turns":3.0},{"damage":31.0,"enemies":"Lagavulin","floor":6.0,"turns":6.0},{"damage":18.0,"enemies":"Large Slime","floor":7.0,"turns":5.0},{"damage":15.0,"enemies":"The Mushroom Lair","floor":8.0,"turns":4.0},{"damage":3.0,"enemies":"Blue Slaver","floor":12.0,"turns":2.0},{"damage":0.0,"enemies":"Red Slaver","floor":14.0,"turns":2.0},{"damage":51.0,"enemies":"The Guardian","floor":16.0,"turns":12.0},{"damage":10,"enemies":"2 Thieves","floor":18,"turns":4},{"damage":17,"enemies":"3 Byrds","floor":24,"turns":5},{"damage":20,"enemies":"Slavers","floor":28,"turns":5},{"damage":17,"enemies":"Snake Plant","floor":30,"turns":4},{"damage":9,"enemies":"Snecko","floor":31,"turns":4},{"damage":70,"enemies":"Champ","floor":33,"turns":11}],"seed_played":"3484488829242609211","potions_obtained":[{"floor":2.0,"key":"Energy Potion"},{"floor":6.0,"key":"FearPotion"},{"floor":12.0,"key":"BloodPotion"},{"floor":16.0,"key":"Strength Potion"},{"floor":28,"key":"Energy Potion"},{"floor":30,"key":"Regen Potion"}],"is_trial":false,"path_per_floor":["M","M","M","?","M","E","M","?","T","R","$","M","R","M","R","B",null,"M","?","?","?","$","R","M","R","T","$","E","R","M","M","R","B"],"character_chosen":"IRONCLAD","items_purchased":["Finesse","Toolbox","Juzu Bracelet"],"campfire_rested":3,"item_purchase_floors":[11,11,22],"current_hp_per_floor":[80,80,78,70,65,40,28,19,19,43,43,46,46,52,52,15,80,76,76,60,54,54,54,43,43,43,43,29,53,42,39,63,0],"gold":112,"neow_bonus":"","is_prod":false,"is_daily":false,"chose_seed":false,"campfire_upgraded":4,"win_rate":0.0,"timestamp":1542931152,"path_taken":["M","M","M","?","?","E","?","?","T","R","$","M","R","M","R","BOSS","M","?","?","?","$","R","M","R","T","?","E","R","M","M","R","BOSS"],"build_version":"2018-11-15","purchased_purges":0,"victory":false,"max_hp_per_floor":[80,80,80,80,80,80,80,80,80,80,80,80,80,80,80,80,80,80,80,80,80,80,80,80,80,80,80,80,80,80,80,80,80],"card_choices":[{"not_picked":["Body Slam","Metallicize"],"picked":"Pommel Strike","floor":1.0},{"not_picked":["Pommel Strike","Armaments"],"picked":"Rage","floor":2.0},{"not_picked":["Armaments","Pummel"],"picked":"Twin Strike","floor":3.0},{"not_picked":["Brutality","Reckless Charge"],"picked":"Anger","floor":5.0},{"not_picked":["Hemokinesis","Anger"],"picked":"Thunderclap","floor":6.0},{"not_picked":["Flex","Perfected Strike"],"picked":"Searing Blow","floor":7.0},{"not_picked":["Pommel Strike","Hemokinesis"],"picked":"Twin Strike","floor":8.0},{"not_picked":["Anger","Armaments"],"picked":"Iron Wave","floor":12.0},{"not_picked":["Twin Strike","Shrug It Off"],"picked":"Cleave","floor":14.0},{"not_picked":["Warcry","Rage+1"],"picked":"Dropkick+1","floor":18},{"not_picked":["Shockwave","Reckless Charge","Perfected Strike+1"],"picked":"SKIP","floor":24},{"not_picked":["Hemokinesis","Battle Trance"],"picked":"Metallicize","floor":28},{"not_picked":["Inflame+1","Power Through+1","Bloodletting"],"picked":"SKIP","floor":30},{"not_picked":["Sword Boomerang","Shockwave","Shrug It Off"],"picked":"SKIP","floor":31}],"player_experience":0,"relics_obtained":[{"floor":6.0,"key":"Letter Opener"},{"floor":8.0,"key":"Odd Mushroom"},{"floor":9.0,"key":"Happy Flower"},{"floor":20,"key":"Nilry\u0027s Codex"},{"floor":26,"key":"War Paint"},{"floor":28,"key":"Red Skull"}],"event_choices":[{"damage_healed":0.0,"max_hp_gain":0.0,"max_hp_loss":0.0,"gold_gain":75.0,"event_name":"FaceTrader","player_choice":"Touch","floor":4.0,"gold_loss":0.0,"damage_taken":8.0},{"damage_healed":0.0,"max_hp_gain":0.0,"max_hp_loss":0.0,"gold_gain":0.0,"event_name":"Mushrooms","player_choice":"Fought Mushrooms","floor":8.0,"gold_loss":0.0,"damage_taken":0.0},{"damage_healed":0,"gold_gain":0,"player_choice":"Ignored","damage_taken":0,"max_hp_gain":0,"max_hp_loss":0,"event_name":"Vampires","floor":19,"gold_loss":0},{"damage_healed":0,"gold_gain":0,"player_choice":"Obtained Book","damage_taken":16,"max_hp_gain":0,"max_hp_loss":0,"event_name":"Cursed Tome","floor":20,"gold_loss":0},{"damage_healed":0,"gold_gain":0,"player_choice":"Joined the Cult","damage_taken":6,"max_hp_gain":0,"max_hp_loss":0,"event_name":"Nest","floor":21,"gold_loss":0,"cards_obtained":["RitualDagger"]}],"is_beta":false,"boss_relics":[{"not_picked":["Fusion Hammer","Cursed Key"],"picked":"Empty Cage"}],"items_purged_floors":[],"is_endless":false,"potions_floor_spawned":[2,6,12,16,28,30,31],"killed_by":"Champ","ascension_level":0}