{"gold_per_floor":[109,127,127,141,141,141,160,203,203,278,56,100,120,120],"floor_reached":14,"playtime":883,"items_purged":[],"score":155,"play_id":"51edd80e-7ec7-48fb-b047-28fce4412e13","local_time":"20190405194114","is_ascension_mode":true,"campfire_choices":[{"data":"Die Die Die","floor":6,"key":"SMITH"}],"neow_cost":"NONE","seed_source_timestamp":353062728391544,"circlet_count":0,"master_deck":["AscendersBane","Defend_G","Defend_G","Defend_G","Defend_G","Defend_G","Strike_G","Strike_G","Strike_G","Strike_G","Strike_G","Survivor","Neutralize+1","Flying Knee","Flying Knee","Die Die Die+1","PiercingWail","Noxious Fumes","Poisoned Stab","Bouncing Flask","Bane+1","Deadly Poison"],"relics":["Ring of the Snake","Golden Idol","Shuriken","Darkstone Periapt","Strawberry","Molten Egg 2"],"potions_floor_usage":[14],"damage_taken":[{"damage":1,"enemies":"Jaw Worm","floor":1,"turns":5},{"damage":4,"enemies":"Small Slimes","floor":2,"turns":4},{"damage":0,"enemies":"2 Louse","floor":4,"turns":1},{"damage":5,"enemies":"Blue Slaver","floor":7,"turns":4},{"damage":24,"enemies":"Gremlin Nob","floor":8,"turns":4},{"damage":17,"enemies":"Lagavulin","floor":12,"turns":6},{"damage":4,"enemies":"Exordium Wildlife","floor":13,"turns":3},{"damage":19,"enemies":"3 Sentries","floor":14,"turns":4}],"seed_played":"5924760995366705032","potions_obtained":[{"floor":2,"key":"LiquidBronze"},{"floor":12,"key":"Swift Potion"}],"is_trial":false,"path_per_floor":["?","?","?","$"],"character_chosen":"THE_SILENT","items_purchased":["Strawberry","Bouncing Flask"],"campfire_rested":0,"item_purchase_floors":[11,11],"current_hp_per_floor":[62,58,58,58,58,58,53,29,29,29,36,19,15,0],"gold":120,"neow_bonus":"THREE_CARDS","is_prod":false,"is_daily":false,"chose_seed":false,"campfire_upgraded":1,"win_rate":0,"timestamp":1554489674,"path_taken":["M","M","?","M","?","R","M","E","T","?","?","E","M","E"],"build_version":"2019-01-23","purchased_purges":0,"victory":false,"max_hp_per_floor":[70,70,70,70,65,65,65,65,65,65,72,72,72,72],"card_choices":[{"not_picked":["Backflip","Acrobatics"],"picked":"Flying Knee","floor":0},{"not_picked":["Slice","PiercingWail"],"picked":"Flying Knee","floor":1},{"not_picked":["Acrobatics","Dagger Spray"],"picked":"Die Die Die","floor":2},{"not_picked":["Catalyst","Outmaneuver"],"picked":"PiercingWail","floor":4},{"not_picked":["Cloak And Dagger","Acrobatics"],"picked":"Noxious Fumes","floor":7},{"not_picked":["Choke","Prepared"],"picked":"Poisoned Stab","floor":8},{"not_picked":["A Thousand Cuts","Slice"],"picked":"Bane","floor":12},{"not_picked":["Prepared","Underhanded Strike+1"],"picked":"Deadly Poison","floor":13}],"player_experience":474078,"relics_obtained":[{"floor":8,"key":"Shuriken"},{"floor":9,"key":"Darkstone Periapt"},{"floor":12,"key":"Molten Egg 2"}],"event_choices":[{"damage_healed":0,"gold_gain":0,"player_choice":"Grow","damage_taken":0,"max_hp_gain":0,"max_hp_loss":0,"event_name":"Living Wall","floor":3,"gold_loss":0,"cards_upgraded":["Neutralize"]},{"damage_healed":0,"gold_gain":0,"player_choice":"Lose Max HP","damage_taken":0,"relics_obtained":["Golden Idol"],"max_hp_gain":0,"max_hp_loss":5,"event_name":"Golden Idol","floor":5,"gold_loss":0},{"damage_healed":0,"gold_gain":75,"player_choice":"Gained Gold","damage_taken":0,"max_hp_gain":0,"max_hp_loss":0,"event_name":"Golden Wing","floor":10,"gold_loss":0}],"is_beta":false,"boss_relics":[],"items_purged_floors":[],"is_endless":false,"potions_floor_spawned":[2,12],"killed_by":"3 Sentries","ascension_level":11}