{"gold_per_floor":[112,124,142,162,176,176,176,192,192,192,157,169,344,358,358,459,459,476,493,68,68],"floor_reached":21,"playtime":718,"items_purged":[],"score":184,"play_id":"c3f1c02e-2e3a-4af8-9a46-eb4d81766b51","local_time":"20181027142434","is_ascension_mode":true,"campfire_choices":[{"floor":6,"key":"REST"},{"data":"Rupture","floor":10,"key":"SMITH"},{"data":"Brutality","floor":15,"key":"SMITH"}],"neow_cost":"NONE","seed_source_timestamp":13572532918200,"circlet_count":0,"master_deck":["Strike_R","Strike_R","Strike_R+1","Strike_R+1","Strike_R","Defend_R","Defend_R","Defend_R","Defend_R","Bash","Rupture+1","Perfected Strike","Brutality+1","Combust","Flame Barrier","Doubt","Twin Strike","Immolate","Shrug It Off","Ghostly Armor+1","Chrysalis"],"relics":["Burning Blood","Vajra","Lantern","Lizard Tail","Paper Frog"],"potions_floor_usage":[5,19,21,21],"damage_taken":[{"damage":6,"enemies":"Cultist","floor":1,"turns":3},{"damage":3,"enemies":"Small Slimes","floor":2,"turns":3},{"damage":6,"enemies":"2 Louse","floor":3,"turns":3},{"damage":46,"enemies":"Exordium Thugs","floor":4,"turns":7},{"damage":8,"enemies":"3 Louse","floor":5,"turns":4},{"damage":2,"enemies":"Large Slime","floor":8,"turns":4},{"damage":16,"enemies":"Blue Slaver","floor":12,"turns":3},{"damage":10,"enemies":"Looter","floor":14,"turns":2},{"damage":31,"enemies":"Slime Boss","floor":16,"turns":9},{"damage":38,"enemies":"Spheric Guardian","floor":18,"turns":6},{"damage":21,"enemies":"2 Thieves","floor":19,"turns":3},{"damage":113,"enemies":"Cultist and Chosen","floor":21,"turns":6}],"seed_played":"6752990266177137665","potions_obtained":[{"floor":1,"key":"BloodPotion"},{"floor":2,"key":"SpeedPotion"},{"floor":8,"key":"PowerPotion"},{"floor":12,"key":"EntropicBrew"},{"floor":19,"key":"EssenceOfSteel"}],"is_trial":false,"path_per_floor":["M","M","M","M","M","R","?","M","T","R","?","M","?","M","R","B",null,"M","M","$"],"character_chosen":"IRONCLAD","items_purchased":["Paper Frog","Chrysalis"],"campfire_rested":1,"item_purchase_floors":[20,20],"current_hp_per_floor":[80,80,80,40,46,70,54,58,58,58,78,68,68,64,64,39,80,48,33,33,0],"gold":68,"neow_bonus":"RANDOM_COMMON_RELIC","is_prod":false,"is_daily":false,"chose_seed":false,"campfire_upgraded":2,"win_rate":0,"timestamp":1540664674,"path_taken":["M","M","M","?","M","R","?","M","T","R","?","?","?","M","R","BOSS","M","M","$","M"],"build_version":"2018-10-25v2","purchased_purges":0,"victory":false,"max_hp_per_floor":[80,80,80,80,80,80,80,80,80,80,80,80,80,80,80,80,80,80,80,80,80],"card_choices":[{"not_picked":["Carnage","Second Wind"],"picked":"Rupture","floor":1},{"not_picked":["Entrench","Twin Strike","Clothesline"],"picked":"SKIP","floor":2},{"not_picked":["Wild Strike","Metallicize"],"picked":"Perfected Strike","floor":3},{"not_picked":["Sword Boomerang","Clash"],"picked":"Brutality","floor":4},{"not_picked":["Havoc","Clothesline","Anger"],"picked":"SKIP","floor":5},{"not_picked":["Wild Strike","Pommel Strike"],"picked":"Combust","floor":8},{"not_picked":["Power Through","Anger"],"picked":"Flame Barrier","floor":12},{"not_picked":["Iron Wave","Seeing Red"],"picked":"Twin Strike","floor":14},{"not_picked":["Brutality","Juggernaut"],"picked":"Immolate","floor":16},{"not_picked":["Power Through+1","Wild Strike+1"],"picked":"Shrug It Off","floor":18},{"not_picked":["Clash","Clothesline"],"picked":"Ghostly Armor+1","floor":19}],"player_experience":256291,"relics_obtained":[{"floor":9,"key":"Lantern"}],"event_choices":[{"damage_healed":0,"gold_gain":0,"player_choice":"Entered Light","damage_taken":16,"max_hp_gain":0,"max_hp_loss":0,"event_name":"Shining Light","floor":7,"gold_loss":0,"cards_upgraded":["Strike_R","Strike_R"]},{"damage_healed":20,"gold_gain":0,"player_choice":"Healed","damage_taken":0,"max_hp_gain":0,"max_hp_loss":0,"event_name":"The Cleric","floor":11,"gold_loss":35},{"damage_healed":0,"gold_gain":175,"player_choice":"AGREE","damage_taken":0,"max_hp_gain":0,"max_hp_loss":0,"event_name":"Liars Game","floor":13,"gold_loss":0,"cards_obtained":["Doubt"]}],"is_beta":true,"boss_relics":[{"not_picked":["Philosopher\u0027s Stone","Eternal Feather"],"picked":"Lizard Tail"}],"items_purged_floors":[],"is_endless":false,"potions_floor_spawned":[1,2,8,12,19],"killed_by":"Cultist and Chosen","ascension_level":1}