{"gold_per_floor":[110,127,127,4,15,46,46,58,58,71,85,85,115,10,10,109,109,123,38,48,48,61,61,61],"floor_reached":24,"playtime":1858,"items_purged":["Strike_B"],"score":229,"play_id":"5097bbcd-eb92-4952-ab47-ba92b6d4cb2d","local_time":"20190215173518","is_ascension_mode":true,"campfire_choices":[{"data":"Beam Cell","floor":7,"key":"SMITH"},{"floor":12,"key":"REST"},{"floor":15,"key":"REST"},{"floor":23,"key":"REST"}],"neow_cost":"NONE","seed_source_timestamp":0,"circlet_count":0,"master_deck":["Defend_B","Defend_B","Defend_B","Defend_B","Zap","Dualcast","Panacea","Beam Cell+1","FTL","Rebound","Gash","Hologram","Defragment","Go for the Eyes","Genetic Algorithm","Flash of Steel","Steam","Machine Learning","Conserve Battery","Reboot","Meteor Strike","Scrape"],"special_seed":0,"relics":["Cracked Core","Unceasing Top","Singing Bowl","The Courier","Philosopher\u0027s Stone","Dream Catcher"],"potions_floor_usage":[6,16,16,24],"damage_taken":[{"damage":0,"enemies":"Cultist","floor":1,"turns":4},{"damage":2,"enemies":"Jaw Worm","floor":2,"turns":2},{"damage":9,"enemies":"2 Louse","floor":5,"turns":2},{"damage":15,"enemies":"Gremlin Nob","floor":6,"turns":4},{"damage":12,"enemies":"Large Slime","floor":8,"turns":5},{"damage":5,"enemies":"Exordium Thugs","floor":10,"turns":5},{"damage":27,"enemies":"Gremlin Gang","floor":11,"turns":4},{"damage":21,"enemies":"Lagavulin","floor":13,"turns":5},{"damage":21,"enemies":"The Guardian","floor":16,"turns":12},{"damage":27,"enemies":"2 Thieves","floor":18,"turns":5},{"damage":18,"enemies":"Spheric Guardian","floor":20,"turns":5},{"damage":10,"enemies":"Shelled Parasite and Fungi","floor":22,"turns":7},{"damage":48,"enemies":"Gremlin Leader","floor":24,"turns":6}],"seed_played":"8169791925845063313","potions_obtained":[{"floor":1,"key":"LiquidBronze"},{"floor":5,"key":"Weak Potion"},{"floor":8,"key":"SpeedPotion"},{"floor":16,"key":"Weak Potion"},{"floor":18,"key":"EssenceOfSteel"}],"is_trial":false,"path_per_floor":["M","?","?","?","M"],"character_chosen":"DEFECT","items_purchased":["Gash","Flash of Steel","Steam"],"campfire_rested":3,"item_purchase_floors":[4,14,14],"current_hp_per_floor":[75,73,73,73,64,49,49,37,37,32,5,27,6,6,28,7,75,50,50,32,32,22,47,0],"gold":61,"neow_bonus":"RANDOM_COLORLESS","is_prod":false,"is_daily":false,"chose_seed":false,"campfire_upgraded":1,"win_rate":0,"timestamp":1550280918,"path_taken":["M","?","?","$","M","E","R","M","T","M","M","R","E","$","R","BOSS","M","?","M","?","?","R","E"],"build_version":"2019-01-23","purchased_purges":1,"victory":false,"max_hp_per_floor":[75,75,75,75,75,75,75,75,75,75,75,75,75,75,75,75,75,77,77,77,77,77,79,79],"card_choices":[{"not_picked":["Compile Driver","Rebound"],"picked":"Beam Cell","floor":1},{"not_picked":["Capacitor","Rip and Tear"],"picked":"FTL","floor":2},{"not_picked":["Lockon","Tempest"],"picked":"Hologram","floor":5},{"not_picked":["Coolheaded","Lockon","Force Field"],"picked":"SKIP","floor":6},{"not_picked":["Capacitor","Compile Driver","Turbo"],"picked":"SKIP","floor":8},{"not_picked":["Heatsinks","Stack"],"picked":"Defragment","floor":10},{"not_picked":["FTL","Conserve Battery"],"picked":"Go for the Eyes","floor":11},{"not_picked":["Aggregate","Stack"],"picked":"Genetic Algorithm","floor":13},{"not_picked":["Amplify","Biased Cognition"],"picked":"Machine Learning","floor":16},{"not_picked":["Capacitor","Turbo+1","Heatsinks+1"],"picked":"Singing Bowl","floor":18},{"not_picked":["Streamline","Melter+1"],"picked":"Conserve Battery","floor":20},{"not_picked":["Steam+1","BootSequence+1"],"picked":"Scrape","floor":22},{"not_picked":["Ball Lightning","Redo","Cold Snap"],"picked":"Singing Bowl","floor":23}],"player_experience":56714,"relics_obtained":[{"floor":6,"key":"Unceasing Top"},{"floor":9,"key":"Singing Bowl"},{"floor":13,"key":"The Courier"}],"event_choices":[{"damage_healed":0,"gold_gain":0,"cards_transformed":["Strike_B"],"player_choice":"Change","damage_taken":0,"max_hp_gain":0,"max_hp_loss":0,"event_name":"Living Wall","floor":3,"gold_loss":0,"cards_obtained":["Rebound"]},{"damage_healed":0,"gold_gain":0,"player_choice":"Obtained Relic","damage_taken":0,"relics_obtained":["Dream Catcher"],"max_hp_gain":0,"max_hp_loss":0,"event_name":"Addict","floor":19,"gold_loss":85},{"damage_healed":0,"gold_gain":0,"cards_transformed":["Strike_B","Strike_B"],"player_choice":"Became Test Subject","damage_taken":0,"max_hp_gain":0,"max_hp_loss":0,"event_name":"Drug Dealer","floor":21,"gold_loss":0,"cards_obtained":["Reboot","Meteor Strike"]}],"is_beta":false,"boss_relics":[{"not_picked":["Eternal Feather","Calling Bell"],"picked":"Philosopher\u0027s Stone"}],"items_purged_floors":[4],"is_endless":false,"potions_floor_spawned":[1,5,8,16,18],"killed_by":"Gremlin Leader","ascension_level":2}