{"gold_per_floor":[118,118,129,129,140,140,165,180,180,180,205,205,205,217,217,315,315,331,64,64,74,74],"floor_reached":22,"playtime":792,"items_purged":[],"score":291,"play_id":"d10aa148-6fc2-4335-a58a-29188f4e3020","local_time":"20190418214822","is_ascension_mode":true,"campfire_choices":[{"data":"Whirlwind","floor":6.0,"key":"SMITH"},{"data":"True Grit","floor":12.0,"key":"SMITH"},{"data":"Disarm","floor":15.0,"key":"SMITH"}],"neow_cost":"NONE","seed_source_timestamp":297898513397800,"circlet_count":0,"master_deck":["AscendersBane","Strike_R","Strike_R","Strike_R","Strike_R","Strike_R","Defend_R","Defend_R","Defend_R","Defend_R","Bash+1","Whirlwind+1","Twin Strike","True Grit+1","Disarm+1","Pain","Immolate","Exhume","Blood for Blood+1"],"special_seed":0,"relics":["Burning Blood","NeowsBlessing","Juzu Bracelet","Gremlin Horn","Paper Frog","Dream Catcher","WarpedTongs","Black Star","Brimstone"],"potions_floor_usage":[21,21,22],"damage_taken":[{"damage":0.0,"enemies":"Small Slimes","floor":1.0,"turns":1.0},{"damage":0.0,"enemies":"2 Louse","floor":3.0,"turns":1.0},{"damage":0.0,"enemies":"Cultist","floor":5.0,"turns":1.0},{"damage":15.0,"enemies":"3 Sentries","floor":7.0,"turns":3.0},{"damage":12.0,"enemies":"Gremlin Gang","floor":8.0,"turns":3.0},{"damage":16.0,"enemies":"Gremlin Nob","floor":11.0,"turns":3.0},{"damage":14.0,"enemies":"3 Louse","floor":14.0,"turns":2.0},{"damage":27.0,"enemies":"Slime Boss","floor":16.0,"turns":6.0},{"damage":64,"enemies":"Shell Parasite","floor":18,"turns":9},{"damage":12,"enemies":"2 Thieves","floor":21,"turns":2},{"damage":59,"enemies":"Shelled Parasite and Fungi","floor":22,"turns":3}],"seed_played":"5994060951457834824","potions_obtained":[{"floor":5.0,"key":"Energy Potion"},{"floor":7.0,"key":"Regen Potion"},{"floor":8.0,"key":"PowerPotion"},{"floor":11.0,"key":"BloodPotion"},{"floor":18,"key":"Block Potion"}],"is_trial":false,"path_per_floor":["M","?","M","?","M","R","E","M","T","?","E","R","?","M","R","B",null,"M","$","?","M","M"],"character_chosen":"IRONCLAD","items_purchased":["Brimstone","BloodPotion"],"campfire_rested":0,"item_purchase_floors":[19,19],"current_hp_per_floor":[78,83,85,85,85,85,76,70,70,63,53,53,53,45,45,39,74,16,16,16,18,0],"gold":74,"neow_bonus":"THREE_ENEMY_KILL","is_prod":false,"is_daily":false,"chose_seed":false,"campfire_upgraded":3,"win_rate":0,"timestamp":1555638502,"path_taken":["M","?","M","?","?","R","E","M","T","?","E","R","?","M","R","BOSS","M","$","?","M","M"],"build_version":"2019-01-23","purchased_purges":0,"victory":false,"max_hp_per_floor":[80,85,85,85,85,85,85,85,85,85,85,85,85,85,85,85,85,85,85,85,85,85],"card_choices":[{"not_picked":["True Grit","Clash"],"picked":"Whirlwind","floor":1.0},{"not_picked":["Ghostly Armor","Infernal Blade"],"picked":"Twin Strike","floor":3.0},{"not_picked":["Intimidate","Body Slam","Heavy Blade"],"picked":"SKIP","floor":5.0},{"not_picked":["Reckless Charge","Entrench","Iron Wave"],"picked":"SKIP","floor":7.0},{"not_picked":["Sever Soul","Clash"],"picked":"True Grit","floor":8.0},{"not_picked":["Clothesline","Body Slam"],"picked":"Disarm","floor":11.0},{"not_picked":["Thunderclap","Perfected Strike"],"picked":"Immolate","floor":14.0},{"not_picked":["Berserk","Feed"],"picked":"Exhume","floor":16.0},{"not_picked":["Searing Blow","Flex","Uppercut"],"picked":"SKIP","floor":18},{"not_picked":["Sword Boomerang","Dropkick"],"picked":"Blood for Blood+1","floor":21}],"player_experience":581776,"relics_obtained":[{"floor":7.0,"key":"Juzu Bracelet"},{"floor":9.0,"key":"Gremlin Horn"},{"floor":11.0,"key":"Dream Catcher"}],"event_choices":[{"damage_healed":0.0,"max_hp_gain":5.0,"max_hp_loss":0.0,"gold_gain":0.0,"event_name":"Big Fish","player_choice":"Donut","floor":2.0,"gold_loss":0.0,"damage_taken":0.0},{"damage_healed":0.0,"max_hp_gain":0.0,"max_hp_loss":0.0,"gold_gain":0.0,"event_name":"Upgrade Shrine","player_choice":"Upgraded","floor":4.0,"gold_loss":0.0,"damage_taken":0.0,"cards_upgraded":["Bash"]},{"damage_healed":0.0,"max_hp_gain":0.0,"max_hp_loss":0.0,"gold_gain":0.0,"event_name":"Scrap Ooze","player_choice":"Success","floor":10.0,"gold_loss":0.0,"damage_taken":7.0,"relics_obtained":["Paper Frog"]},{"damage_healed":0.0,"max_hp_gain":0.0,"max_hp_loss":0.0,"gold_gain":0.0,"event_name":"Accursed Blacksmith","player_choice":"Rummage","floor":13.0,"gold_loss":0.0,"damage_taken":0.0,"relics_obtained":["WarpedTongs"],"cards_obtained":["Pain"]},{"damage_healed":0,"gold_gain":0,"player_choice":"Ignored","damage_taken":0,"max_hp_gain":0,"max_hp_loss":0,"event_name":"Beggar","floor":20,"gold_loss":0}],"is_beta":false,"boss_relics":[{"not_picked":["Fusion Hammer","Pandora\u0027s Box"],"picked":"Black Star"}],"items_purged_floors":[],"is_endless":false,"potions_floor_spawned":[5,7,8,11,18],"killed_by":"Shelled Parasite and Fungi","ascension_level":10}