{"path_per_floor":["M","T","M","?","M","M","R","?","T","M","?","M","M","M","R","B",null,"M","?","$","M","?","M","R"],"character_chosen":"IRONCLAD","items_purchased":["Mercury Hourglass","Shrug It Off","Good Instincts"],"gold_per_floor":[117,117,131,131,142,153,153,153,153,166,416,434,444,455,455,556,556,571,571,98,118,18,38,38],"floor_reached":25,"campfire_rested":2,"playtime":1313,"current_hp_per_floor":[78,78,75,75,79,76,76,76,76,78,78,73,48,39,63,33,80,48,48,48,32,32,13,37],"items_purged":["Regret"],"gold":38,"play_id":"9b0bb66d-8772-47ae-aa46-c928a3ca046b","is_prod":false,"is_daily":false,"is_ascension_mode":false,"campfire_upgraded":1,"path_taken":["M","?","M","?","M","M","R","?","T","M","?","M","?","M","R","BOSS","M","?","$","M","?","M","R","M"],"build_version":"2018-02-01-PROD3","purchased_purges":1,"victory":false,"master_deck":["Strike_R","Strike_R","Strike_R","Strike_R","Strike_R","Defend_R","Defend_R","Defend_R","Defend_R","Bash","Metallicize","Cleave","Double Tap","Rampage+1","Demon Form","Spot Weakness","Reaper","Normality","Shrug It Off","Good Instincts","J.A.X.","Limit Break"],"max_hp_per_floor":[80,80,80,80,80,80,80,80,80,80,80,80,80,80,80,80,80,80,80,80,80,80,80,80],"relics":["Burning Blood","Sundial","Ice Cream","Cursed Key","Bronze Scales","Mercury Hourglass"],"card_choices":[{"not_picked":["Intimidate","Flame Barrier"],"picked":"Metallicize"},{"not_picked":["Blood for Blood","Sword Boomerang"],"picked":"Cleave"},{"not_picked":["Iron Wave","True Grit"],"picked":"Rampage"},{"not_picked":["Intimidate","Inflame"],"picked":"Demon Form"},{"not_picked":["Bloodletting","Clash"],"picked":"Spot Weakness"},{"not_picked":["Brutality","Impervious"],"picked":"Reaper"},{"not_picked":["Heavy Blade","Corruption"],"picked":"Limit Break"}],"player_experience":71557,"potions_floor_usage":[16,16,16,23,25],"damage_taken":[{"damage":8,"enemies":"Blue Slaver","floor":1,"turns":7},{"damage":9,"enemies":"Cultist","floor":3,"turns":5},{"damage":2,"enemies":"Small Slimes","floor":5,"turns":4},{"damage":9,"enemies":"2 Fungi Beasts","floor":6,"turns":3},{"damage":4,"enemies":"Large Slime","floor":10,"turns":7},{"damage":11,"enemies":"3 Louse","floor":12,"turns":2},{"damage":31,"enemies":"Gremlin Gang","floor":13,"turns":5},{"damage":15,"enemies":"Looter","floor":14,"turns":4},{"damage":36,"enemies":"Slime Boss","floor":16,"turns":6},{"damage":38,"enemies":"Spheric Guardian","floor":18,"turns":6},{"damage":26,"enemies":"Chosen","floor":21,"turns":6},{"damage":25,"enemies":"Slaver and Parasite","floor":23,"turns":6},{"damage":48,"enemies":"Cultist and Chosen","floor":25,"turns":6}],"event_choices":[{"event_name":"Match and Keep!","player_choice":"1 cards matched","floor":4,"damage_taken":0},{"event_name":"Liars Game","player_choice":"disagreed","floor":8,"damage_taken":0},{"event_name":"Golden Shrine","player_choice":"Desecrate","floor":11,"damage_taken":0},{"event_name":"Accursed Blacksmith","player_choice":"Rummage","floor":19,"damage_taken":0},{"event_name":"Drug Dealer","player_choice":"Got JAXXED","floor":22,"damage_taken":0}],"boss_relics":[{"not_picked":["Eternal Feather","Runic Dome"],"picked":"Cursed Key"}],"potions_floor_spawned":[1,6,12,14,21,23],"seed_played":"-58071264275956651","killed_by":"Cultist and Chosen","ascension_level":0,"is_trial":false}