{"gold_per_floor":[118,193,10,23,38,58,85,85,112,112,147,147,182,202,202,305,305,315,35,35,50,50,50,50],"floor_reached":24,"playtime":1884,"items_purged":["Strike_B"],"score":300,"play_id":"6b828451-407f-40a3-90eb-4576295ca0e7","local_time":"20190405192517","is_ascension_mode":true,"campfire_choices":[{"floor":8,"key":"REST"},{"data":"Zap","floor":10,"key":"SMITH"},{"floor":12,"key":"REST"},{"floor":15,"key":"REST"},{"data":"Creative AI","floor":23,"key":"SMITH"}],"neow_cost":"NONE","seed_source_timestamp":351104303495039,"circlet_count":0,"master_deck":["Strike_B","Defend_B","Defend_B","Defend_B","Defend_B","Zap+1","Dualcast","Coolheaded","Rebound","Ball Lightning","Self Repair","Conserve Battery","Genetic Algorithm","Barrage","Compile Driver","Creative AI+1","FTL","Doom and Gloom","Melter","Rainbow","White Noise","Necronomicurse","Ball Lightning+1","Aggregate","Sunder"],"relics":["Cracked Core","Art of War","Vajra","Oddly Smooth Stone","Shuriken","Black Star","Bag of Preparation","Necronomicon"],"potions_floor_usage":[7,7,13,24],"damage_taken":[{"damage":0,"enemies":"Jaw Worm","floor":1,"turns":3},{"damage":1,"enemies":"2 Louse","floor":4,"turns":2},{"damage":7,"enemies":"Small Slimes","floor":5,"turns":4},{"damage":23,"enemies":"Gremlin Gang","floor":6,"turns":5},{"damage":31,"enemies":"Lagavulin","floor":7,"turns":7},{"damage":27,"enemies":"3 Sentries","floor":11,"turns":6},{"damage":28,"enemies":"Gremlin Nob","floor":13,"turns":4},{"damage":0,"enemies":"Large Slime","floor":14,"turns":4},{"damage":33,"enemies":"Hexaghost","floor":16,"turns":9},{"damage":12,"enemies":"3 Byrds","floor":18,"turns":3},{"damage":2,"enemies":"Chosen","floor":21,"turns":4},{"damage":48,"enemies":"Gremlin Leader","floor":24,"turns":3}],"seed_played":"8310852521321178231","potions_obtained":[{"floor":1,"key":"Weak Potion"},{"floor":5,"key":"Swift Potion"},{"floor":11,"key":"Energy Potion"},{"floor":13,"key":"Ancient Potion"}],"is_trial":false,"path_per_floor":["?","?","?"],"character_chosen":"DEFECT","items_purchased":["Ball Lightning","Self Repair","Conserve Battery","Bag of Preparation","Explosive Potion"],"campfire_rested":3,"item_purchase_floors":[3,3,3,19,19],"current_hp_per_floor":[68,57,57,63,63,47,23,45,45,45,18,40,19,26,48,15,60,55,55,39,44,44,44,0],"gold":50,"neow_bonus":"THREE_CARDS","is_prod":false,"is_daily":false,"chose_seed":false,"campfire_upgraded":2,"win_rate":0,"timestamp":1554488717,"path_taken":["M","?","$","M","M","M","E","R","T","R","E","R","E","M","R","BOSS","M","$","?","M","?","R","E"],"build_version":"2019-01-23","purchased_purges":1,"victory":false,"max_hp_per_floor":[75,75,75,75,75,75,75,75,75,75,75,75,75,75,75,75,75,75,75,75,75,75,75,75],"card_choices":[{"not_picked":["Steam Power","Capacitor"],"picked":"Coolheaded","floor":0},{"not_picked":["Scrape","Force Field"],"picked":"Rebound","floor":1},{"not_picked":["Hologram","Compile Driver"],"picked":"Genetic Algorithm","floor":4},{"not_picked":["Beam Cell","Rebound"],"picked":"Barrage","floor":5},{"not_picked":["Sweeping Beam","Redo"],"picked":"Compile Driver","floor":6},{"not_picked":["Leap","Reprogram"],"picked":"Creative AI","floor":7},{"not_picked":["Rebound","Scrape"],"picked":"FTL","floor":11},{"not_picked":["Leap","Undo"],"picked":"Doom and Gloom","floor":13},{"not_picked":["Rebound","Self Repair"],"picked":"Melter","floor":14},{"not_picked":["Multi-Cast","All For One"],"picked":"Rainbow","floor":16},{"not_picked":["Lockon","Beam Cell"],"picked":"White Noise","floor":18},{"not_picked":["Gash","Blizzard"],"picked":"Ball Lightning+1","floor":21}],"player_experience":472194,"relics_obtained":[{"floor":7,"key":"Art of War"},{"floor":9,"key":"Vajra"},{"floor":11,"key":"Oddly Smooth Stone"},{"floor":13,"key":"Shuriken"},{"floor":20,"key":"Necronomicon"}],"event_choices":[{"damage_healed":0,"gold_gain":75,"player_choice":"Gather Gold","damage_taken":11,"max_hp_gain":0,"max_hp_loss":0,"event_name":"World of Goop","floor":2,"gold_loss":0},{"damage_healed":0,"gold_gain":0,"player_choice":"Obtained Book","damage_taken":16,"max_hp_gain":0,"max_hp_loss":0,"event_name":"Cursed Tome","floor":20,"gold_loss":0},{"damage_healed":0,"gold_gain":0,"cards_transformed":["Strike_B","Strike_B"],"player_choice":"Became Test Subject","damage_taken":0,"max_hp_gain":0,"max_hp_loss":0,"event_name":"Drug Dealer","floor":22,"gold_loss":0,"cards_obtained":["Aggregate","Sunder"]}],"is_beta":false,"boss_relics":[{"not_picked":["Nuclear Battery","Eternal Feather"],"picked":"Black Star"}],"items_purged_floors":[19],"is_endless":false,"potions_floor_spawned":[1,5,11,13],"killed_by":"Gremlin Leader","ascension_level":8}