{"gold_per_floor":[109,119,69,24,24,51,65,65,65,391,402,429,449,449,449,554,554,573,583,457,468,488,488],"floor_reached":23,"playtime":1249,"items_purged":["Dualcast"],"score":224,"play_id":"c29a3172-faf7-4174-8a31-9312150463fa","local_time":"20190203153632","is_ascension_mode":true,"campfire_choices":[{"data":"Hologram","floor":8,"key":"SMITH"},{"data":"Machine Learning","floor":15,"key":"SMITH"}],"neow_cost":"CURSE","seed_source_timestamp":698252284258833,"circlet_count":0,"master_deck":["Strike_B","Strike_B","Strike_B","Strike_B","Defend_B","Defend_B","Defend_B","Defend_B","Zap","Streamline","Streamline","Hologram+1","Genetic Algorithm","Compile Driver","Auto Shields","Leap","Machine Learning+1","Leap","Pain","Seek","Hologram","Sunder","Beam Cell","Sunder","Hologram","Streamline","Fusion","Conserve Battery","Double Energy"],"relics":["Cracked Core","FossilizedHelix","Meat on the Bone","Old Coin","Torii","WarpedTongs","Orrery"],"potions_floor_usage":[12,16,18,23,23],"damage_taken":[{"damage":4,"enemies":"Jaw Worm","floor":1,"turns":5},{"damage":0,"enemies":"2 Louse","floor":2,"turns":2},{"damage":14,"enemies":"Gremlin Nob","floor":6,"turns":4},{"damage":0,"enemies":"Small Slimes","floor":7,"turns":3},{"damage":31,"enemies":"Lagavulin","floor":10,"turns":6},{"damage":0,"enemies":"Gremlin Gang","floor":11,"turns":4},{"damage":5,"enemies":"3 Sentries","floor":12,"turns":7},{"damage":0,"enemies":"Red Slaver","floor":13,"turns":4},{"damage":36,"enemies":"Hexaghost","floor":16,"turns":12},{"damage":23,"enemies":"2 Thieves","floor":18,"turns":5},{"damage":6,"enemies":"3 Byrds","floor":19,"turns":6},{"damage":1,"enemies":"Snecko","floor":21,"turns":4},{"damage":23,"enemies":"Snake Plant","floor":22,"turns":6},{"damage":35,"enemies":"Book of Stabbing","floor":23,"turns":7}],"seed_played":"-6732288267082220047","potions_obtained":[{"floor":1,"key":"EssenceOfSteel"},{"floor":6,"key":"GamblersBrew"},{"floor":11,"key":"FearPotion"},{"floor":13,"key":"GamblersBrew"},{"floor":16,"key":"Energy Potion"},{"floor":18,"key":"Dexterity Potion"}],"is_trial":false,"path_per_floor":["?","?","?","M"],"character_chosen":"DEFECT","items_purchased":["Hologram","Conserve Battery"],"campfire_rested":0,"item_purchase_floors":[4,20],"current_hp_per_floor":[71,71,71,71,71,57,57,57,57,38,38,45,45,45,45,21,75,52,46,46,45,34,0],"gold":488,"neow_bonus":"ONE_RARE_RELIC","is_prod":false,"is_daily":false,"chose_seed":false,"campfire_upgraded":2,"win_rate":0,"timestamp":1549236992,"path_taken":["M","M","?","$","?","E","M","R","T","E","M","E","M","?","R","BOSS","M","M","$","M","?","E"],"build_version":"2019-01-23","purchased_purges":1,"victory":false,"max_hp_per_floor":[75,75,75,75,75,75,75,75,75,75,75,75,75,75,75,75,75,75,75,75,75,75,75],"card_choices":[{"not_picked":["Turbo","Stack"],"picked":"Streamline","floor":1},{"not_picked":["Ball Lightning","Skim"],"picked":"Streamline","floor":2},{"not_picked":["Recycle","Turbo"],"picked":"Genetic Algorithm","floor":6},{"not_picked":["Steam","Aggregate"],"picked":"Compile Driver","floor":7},{"not_picked":["Sweeping Beam","Skim"],"picked":"Auto Shields","floor":10},{"not_picked":["Darkness","Recycle"],"picked":"Leap","floor":11},{"not_picked":["Undo","White Noise"],"picked":"Machine Learning","floor":12},{"not_picked":["Force Field","Turbo"],"picked":"Leap","floor":13},{"not_picked":["Multi-Cast","Hyperbeam"],"picked":"Seek","floor":16},{"not_picked":["Turbo","Tempest"],"picked":"Hologram","floor":17},{"not_picked":["Force Field","Self Repair"],"picked":"Sunder","floor":17},{"not_picked":["Go for the Eyes","Aggregate"],"picked":"Beam Cell","floor":17},{"not_picked":["Gash","Meteor Strike"],"picked":"Sunder","floor":17},{"not_picked":["Leap","Stack"],"picked":"Hologram","floor":17},{"not_picked":["Barrage","Chaos"],"picked":"Streamline","floor":18},{"not_picked":["Redo","Steam Power"],"picked":"Fusion","floor":19},{"not_picked":["Beam Cell","Rebound"],"picked":"Double Energy","floor":21},{"not_picked":["Melter","Rebound+1","Sweeping Beam+1"],"picked":"SKIP","floor":22}],"player_experience":37510,"relics_obtained":[{"floor":6,"key":"Meat on the Bone"},{"floor":10,"key":"Old Coin"},{"floor":12,"key":"Torii"}],"event_choices":[{"cards_removed":["Injury"],"damage_healed":0,"gold_gain":0,"player_choice":"Card Removal","damage_taken":0,"max_hp_gain":0,"max_hp_loss":0,"event_name":"The Cleric","floor":3,"gold_loss":50},{"damage_healed":0,"gold_gain":0,"player_choice":"Ignored","damage_taken":0,"max_hp_gain":0,"max_hp_loss":0,"event_name":"Liars Game","floor":5,"gold_loss":0},{"damage_healed":0,"gold_gain":0,"player_choice":"Rummage","damage_taken":0,"relics_obtained":["WarpedTongs"],"max_hp_gain":0,"max_hp_loss":0,"event_name":"Accursed Blacksmith","floor":14,"gold_loss":0,"cards_obtained":["Pain"]}],"is_beta":false,"boss_relics":[{"not_picked":["Busted Crown","Runic Dome"],"picked":"Orrery"}],"items_purged_floors":[20],"is_endless":false,"potions_floor_spawned":[1,6,11,13,16,18,21],"killed_by":"Book of Stabbing","ascension_level":1}