{"gold_per_floor":[217,36,52,65,65,98,110,122,169,169,184,33,33,92,92,188,188,201,211,224,238,88,88,88,88,115,115,125,125,125,50,50,152,152,163,181,199,213,225,225,257,267,317,329,341,370,397,423,435,447],"floor_reached":51,"playtime":2118,"items_purged":[],"score":743,"play_id":"5581eb60-d774-4a3f-99ea-c9769ff4cc24","local_time":"20181027150417","is_ascension_mode":true,"campfire_choices":[{"data":"The Bomb","floor":10.0,"key":"SMITH"},{"data":"Shrug It Off","floor":13.0,"key":"SMITH"},{"floor":15.0,"key":"REST"},{"floor":23.0,"key":"REST"},{"data":"Demon Form","floor":25.0,"key":"SMITH"},{"data":"Spot Weakness","floor":27.0,"key":"SMITH"},{"data":"Pummel","floor":30.0,"key":"SMITH"},{"data":"Shrug It Off","floor":32.0,"key":"SMITH"},{"data":"Limit Break","floor":45,"key":"SMITH"},{"floor":49,"key":"REST"}],"neow_cost":"NONE","seed_source_timestamp":0,"circlet_count":0,"master_deck":["Strike_R+1","Strike_R+1","Strike_R+1","Strike_R+1","Defend_R+1","Defend_R+1","Defend_R+1","Defend_R+1","Pummel+1","The Bomb+1","Shrug It Off+1","Spot Weakness+1","Headbutt","Demon Form+1","Heavy Blade+1","Headbutt","Headbutt","Shrug It Off+1","Reaper","Heavy Blade","Limit Break+1","Whirlwind+1","Parasite","Doubt","Ghostly Armor+1","Inflame"],"special_seed":0,"relics":["Burning Blood","Pen Nib","Orichalcum","Potion Belt","Bottled Flame","Black Star","Blood Vial","Bag of Preparation","Happy Flower","Sozu","Lantern","Anchor","MawBank"],"potions_floor_usage":[],"damage_taken":[{"damage":2.0,"enemies":"2 Louse","floor":1.0,"turns":3.0},{"damage":0.0,"enemies":"Cultist","floor":3.0,"turns":3.0},{"damage":2.0,"enemies":"Jaw Worm","floor":4.0,"turns":5.0},{"damage":23.0,"enemies":"3 Sentries","floor":6.0,"turns":4.0},{"damage":22.0,"enemies":"Exordium Thugs","floor":7.0,"turns":5.0},{"damage":10.0,"enemies":"Looter","floor":8.0,"turns":2.0},{"damage":8.0,"enemies":"Large Slime","floor":11.0,"turns":5.0},{"damage":10.0,"enemies":"Gremlin Nob","floor":14.0,"turns":3.0},{"damage":49.0,"enemies":"Hexaghost","floor":16.0,"turns":10.0},{"damage":5.0,"enemies":"Chosen","floor":18.0,"turns":6.0},{"damage":24.0,"enemies":"2 Thieves","floor":19.0,"turns":5.0},{"damage":25.0,"enemies":"Snake Plant","floor":20.0,"turns":3.0},{"damage":10.0,"enemies":"Chosen and Byrds","floor":21.0,"turns":4.0},{"damage":0.0,"enemies":"Snecko","floor":28.0,"turns":3.0},{"damage":52.0,"enemies":"Champ","floor":33.0,"turns":9.0},{"damage":14.0,"enemies":"Orb Walker","floor":35.0,"turns":5.0},{"damage":14.0,"enemies":"3 Darklings","floor":36.0,"turns":5.0},{"damage":20.0,"enemies":"Writhing Mass","floor":37.0,"turns":4.0},{"damage":2.0,"enemies":"Maw","floor":38.0,"turns":6.0},{"damage":33.0,"enemies":"4 Shapes","floor":39.0,"turns":4.0},{"damage":24.0,"enemies":"Reptomancer","floor":41.0,"turns":7.0},{"damage":18,"enemies":"Writhing Mass","floor":42,"turns":6},{"damage":30,"enemies":"Maw","floor":46,"turns":7},{"damage":26,"enemies":"Transient","floor":47,"turns":5},{"damage":32,"enemies":"3 Darklings","floor":48,"turns":5},{"damage":46,"enemies":"Donu and Deca","floor":50,"turns":5}],"seed_played":"6979503386833593247","potions_obtained":[{"floor":1.0,"key":"SpeedPotion"},{"floor":11.0,"key":"Fire Potion"},{"floor":14.0,"key":"Dexterity Potion"},{"floor":20.0,"key":"FearPotion"},{"floor":21.0,"key":"Dexterity Potion"}],"is_trial":false,"path_per_floor":["M","$","M","M","?","E","M","M","T","R","M","$","R","?","R","B",null,"M","M","M","M","$","R","?","R","T","R","M","?","R","?","R","B",null,"M","M","M","M","M","?","E","M","T","?","R","M","M","M","R","B"],"character_chosen":"IRONCLAD","items_purchased":["The Bomb","Potion Belt","Blood Vial"],"campfire_rested":3,"item_purchase_floors":[2,12,22],"current_hp_per_floor":[80,80,80,80,80,63,47,43,43,43,41,41,41,37,61,18,80,80,62,43,39,39,63,63,63,63,63,71,71,71,71,71,27,80,72,80,66,80,53,53,37,33,33,80,80,80,60,36,60,65],"gold":459,"neow_bonus":"HUNDRED_GOLD","is_prod":false,"is_daily":false,"chose_seed":false,"campfire_upgraded":7,"win_rate":0,"timestamp":1540667057,"path_taken":["M","$","M","M","?","E","M","M","T","R","M","$","R","?","R","BOSS","M","M","M","M","$","R","?","R","T","R","M","?","R","?","R","BOSS","M","M","M","M","M","?","E","M","T","?","R","?","M","M","R","BOSS"],"build_version":"2018-10-25v2","purchased_purges":0,"victory":true,"max_hp_per_floor":[80,80,80,80,80,80,80,80,80,80,80,80,80,80,80,80,80,80,80,80,80,80,80,80,80,80,80,80,80,80,80,80,80,80,80,80,80,80,80,80,80,80,80,80,80,80,80,80,80,80],"card_choices":[{"not_picked":["Rage","Headbutt"],"picked":"Pummel","floor":1.0},{"not_picked":["Thunderclap","Bloodletting"],"picked":"Shrug It Off","floor":3.0},{"not_picked":["Cleave","Body Slam"],"picked":"Spot Weakness","floor":4.0},{"not_picked":["Clothesline","Iron Wave","Second Wind"],"picked":"SKIP","floor":6.0},{"not_picked":["Havoc","Exhume","Clothesline"],"picked":"SKIP","floor":7.0},{"not_picked":["Combust","Power Through","Disarm"],"picked":"SKIP","floor":8.0},{"not_picked":["Perfected Strike","Iron Wave"],"picked":"Headbutt","floor":11.0},{"not_picked":["Dark Embrace","Juggernaut"],"picked":"Demon Form","floor":16.0},{"not_picked":["Reckless Charge","Searing Blow"],"picked":"Heavy Blade+1","floor":18.0},{"not_picked":["Cleave","Wild Strike"],"picked":"Headbutt","floor":19.0},{"not_picked":["Armaments","Rampage","Sword Boomerang"],"picked":"SKIP","floor":20.0},{"not_picked":["Uppercut","Shrug It Off"],"picked":"Headbutt","floor":21.0},{"not_picked":["Iron Wave","Flex"],"picked":"Shrug It Off","floor":28.0},{"not_picked":["Juggernaut","Berserk"],"picked":"Reaper","floor":33.0},{"not_picked":["Sword Boomerang+1","Rupture+1","Dropkick"],"picked":"SKIP","floor":35.0},{"not_picked":["True Grit","Blood for Blood"],"picked":"Heavy Blade","floor":36.0},{"not_picked":["Sword Boomerang+1","Evolve"],"picked":"Limit Break","floor":37.0},{"not_picked":["Rupture+1","Thunderclap+1","Iron Wave"],"picked":"SKIP","floor":38.0},{"not_picked":["Perfected Strike+1","Evolve+1","Twin Strike"],"picked":"SKIP","floor":39.0},{"not_picked":["Heavy Blade","Inflame+1"],"picked":"Whirlwind+1","floor":41.0},{"not_picked":["Uppercut","Disarm","Cleave+1"],"picked":"SKIP","floor":42},{"not_picked":["Iron Wave+1","Pommel Strike+1"],"picked":"Ghostly Armor+1","floor":46},{"not_picked":["Anger+1","Shrug It Off+1","Metallicize+1"],"picked":"SKIP","floor":47},{"not_picked":["Second Wind+1","Whirlwind+1"],"picked":"Inflame","floor":48}],"player_experience":257009,"relics_obtained":[{"floor":6.0,"key":"Pen Nib"},{"floor":9.0,"key":"Orichalcum"},{"floor":14.0,"key":"Bottled Flame"},{"floor":26.0,"key":"Bag of Preparation"},{"floor":41.0,"key":"Lantern"},{"floor":41.0,"key":"Anchor"},{"floor":43,"key":"MawBank"}],"event_choices":[{"cards_removed":["Bash"],"damage_healed":0.0,"max_hp_gain":0.0,"max_hp_loss":0.0,"gold_gain":0.0,"event_name":"Bonfire Elementals","player_choice":"Offered Basic","floor":5.0,"gold_loss":0.0,"damage_taken":0.0},{"damage_healed":0.0,"max_hp_gain":0.0,"max_hp_loss":0.0,"gold_gain":0.0,"event_name":"Dead Adventurer","player_choice":"Searched \u00271\u0027 times","floor":14.0,"gold_loss":0.0,"damage_taken":0.0},{"damage_healed":0.0,"max_hp_gain":0.0,"max_hp_loss":0.0,"gold_gain":0.0,"event_name":"Back to Basics","player_choice":"Simplicity","floor":24.0,"gold_loss":0.0,"damage_taken":0.0,"cards_upgraded":["Strike_R","Strike_R","Strike_R","Strike_R","Strike_R","Defend_R","Defend_R","Defend_R","Defend_R"]},{"damage_healed":0.0,"max_hp_gain":0.0,"max_hp_loss":0.0,"gold_gain":0.0,"event_name":"The Mausoleum","player_choice":"Opened","floor":29.0,"gold_loss":0.0,"damage_taken":0.0,"relics_obtained":["Happy Flower"],"cards_obtained":["Writhe"]},{"cards_removed":["Writhe"],"damage_healed":0.0,"max_hp_gain":0.0,"max_hp_loss":0.0,"gold_gain":0.0,"event_name":"Beggar","player_choice":"Gave Gold","floor":31.0,"gold_loss":75.0,"damage_taken":0.0},{"cards_removed":["Strike_R"],"damage_healed":0.0,"max_hp_gain":0.0,"max_hp_loss":0.0,"gold_gain":0.0,"event_name":"Falling","player_choice":"Removed Attack","floor":40.0,"gold_loss":0.0,"damage_taken":0.0},{"damage_healed":47,"gold_gain":0,"player_choice":"Heal","damage_taken":0,"max_hp_gain":0,"max_hp_loss":0,"event_name":"MindBloom","floor":44,"gold_loss":0,"cards_obtained":["Doubt"]}],"is_beta":true,"boss_relics":[{"not_picked":["Orrery","Mark of Pain"],"picked":"Black Star"},{"not_picked":["Cursed Key","Runic Pyramid"],"picked":"Sozu"}],"items_purged_floors":[],"is_endless":false,"potions_floor_spawned":[1,11,14,20,21,36,37,39,47,48],"ascension_level":1}