{"gold_per_floor":[119,119,119,119,68,97,97,126,126,126,126,3,19,32,32,134,134,149,149,149,149,169,169,39,139,139,152,166,195,195,212,212,311,311,330,330,8,108,124,124,124,144,144,156,169,43,43],"floor_reached":47,"playtime":1789,"items_purged":[],"score":704,"play_id":"2e8d95f5-b23e-40ce-9cb5-dc267752d935","local_time":"20190228144327","is_ascension_mode":true,"campfire_choices":[{"data":"Scrape","floor":7.0,"key":"SMITH"},{"floor":11.0,"key":"REST"},{"data":"White Noise","floor":15.0,"key":"SMITH"},{"floor":23.0,"key":"REST"},{"floor":30.0,"key":"REST"},{"floor":32.0,"key":"REST"},{"data":"Reboot","floor":40,"key":"SMITH"}],"neow_cost":"NONE","seed_source_timestamp":520809283190800,"circlet_count":0,"master_deck":["Strike_B+1","Strike_B+1","Strike_B+1","Strike_B+1","Defend_B+1","Defend_B+1","Defend_B+1","Defend_B+1","Zap+1","Dualcast","Reboot+1","Gash","Sweeping Beam","Scrape+1","White Noise+1","Melter","Scrape","Necronomicurse","All For One","Hologram","Self Repair+1","Self Repair+1","Seek","Static Discharge+1","Defragment+1","Reboot+1","Core Surge"],"special_seed":0,"relics":["Cracked Core","Darkstone Periapt","The Courier","Ancient Tea Set","Singing Bowl","Nuclear Battery","Necronomicon","MutagenicStrength","Prayer Wheel","Pear","Frozen Egg 2","Oddly Smooth Stone","Sozu","Blue Candle","Du-Vu Doll"],"potions_floor_usage":[33,33],"damage_taken":[{"damage":2.0,"enemies":"Jaw Worm","floor":1.0,"turns":3.0},{"damage":25.0,"enemies":"Lagavulin","floor":6.0,"turns":5.0},{"damage":20.0,"enemies":"3 Sentries","floor":8.0,"turns":3.0},{"damage":0.0,"enemies":"2 Louse","floor":13.0,"turns":2.0},{"damage":0.0,"enemies":"Small Slimes","floor":14.0,"turns":2.0},{"damage":8.0,"enemies":"Slime Boss","floor":16.0,"turns":6.0},{"damage":28.0,"enemies":"2 Thieves","floor":18.0,"turns":3.0},{"damage":0.0,"enemies":"3 Byrds","floor":22.0,"turns":3.0},{"damage":11.0,"enemies":"Colosseum Slavers","floor":25.0,"turns":3.0},{"damage":7.0,"enemies":"Colosseum Nobs","floor":25.0,"turns":3.0},{"damage":14.0,"enemies":"3 Cultists","floor":27.0,"turns":5.0},{"damage":9.0,"enemies":"Cultist and Chosen","floor":28.0,"turns":4.0},{"damage":45.0,"enemies":"Gremlin Leader","floor":29.0,"turns":7.0},{"damage":1.0,"enemies":"Centurion and Healer","floor":31.0,"turns":5.0},{"damage":73,"enemies":"Automaton","floor":33,"turns":10},{"damage":21,"enemies":"3 Shapes","floor":35,"turns":4},{"damage":33,"enemies":"Mind Bloom Boss Battle","floor":38,"turns":7},{"damage":31,"enemies":"3 Darklings","floor":39,"turns":5},{"damage":42,"enemies":"Transient","floor":42,"turns":5},{"damage":40,"enemies":"Sphere and 2 Shapes","floor":44,"turns":6},{"damage":17,"enemies":"Jaw Worm Horde","floor":45,"turns":3},{"damage":71,"enemies":"Giant Head","floor":47,"turns":6}],"seed_played":"9071207959043561764","potions_obtained":[{"floor":1.0,"key":"Strength Potion"},{"floor":6.0,"key":"Swift Potion"},{"floor":13.0,"key":"GamblersBrew"},{"floor":16.0,"key":"Regen Potion"},{"floor":18.0,"key":"AttackPotion"},{"floor":28.0,"key":"SpeedPotion"}],"is_trial":false,"path_per_floor":["M","?","?","?","$","E","R","E","T","T","R","$","M","M","R","B",null,"M","?","?","?","M","R","$","?","T","M","M","E","R","M","R","B",null,"M","?","$","?","M","R","?","M","T","M","M","$","E"],"character_chosen":"DEFECT","items_purchased":["Sweeping Beam","Melter","Scrape","All For One","Blue Candle","Static Discharge+1","Defragment+1","Core Surge"],"campfire_rested":4,"item_purchase_floors":[5,12,12,24,37,37,37,46],"current_hp_per_floor":[66,71,71,71,71,46,46,26,26,26,50,50,52,54,54,48,77,51,41,41,41,43,71,71,63,63,53,46,11,44,67,101,38,97,100,100,100,89,82,82,82,64,64,48,45,45,0],"gold":43,"neow_bonus":"ONE_RANDOM_RARE_CARD","is_prod":false,"is_daily":false,"chose_seed":false,"campfire_upgraded":3,"win_rate":0,"timestamp":1551383007,"path_taken":["M","?","?","?","$","E","R","E","T","?","R","$","M","M","R","BOSS","M","?","?","?","M","R","$","?","T","M","M","E","R","M","R","BOSS","M","?","$","?","M","R","?","?","T","M","M","$","E"],"build_version":"2019-01-23","purchased_purges":0,"victory":false,"max_hp_per_floor":[75,80,80,80,80,80,80,80,80,80,80,80,82,84,84,86,86,88,94,94,94,96,96,96,106,106,110,112,112,112,116,116,116,116,120,114,114,116,120,120,120,124,124,128,132,132,132],"card_choices":[{"not_picked":["Sweeping Beam","Beam Cell"],"picked":"Gash","floor":1.0},{"not_picked":["Stack","Barrage"],"picked":"Scrape","floor":6.0},{"not_picked":["BootSequence","Auto Shields"],"picked":"White Noise","floor":8.0},{"not_picked":["Static Discharge","Stack","Streamline"],"picked":"Singing Bowl","floor":13.0},{"not_picked":["Leap","Streamline","Steam"],"picked":"Singing Bowl","floor":14.0},{"not_picked":["Biased Cognition","Machine Learning","Rainbow"],"picked":"Singing Bowl","floor":16.0},{"not_picked":["Cold Snap","Skim+1","Ball Lightning"],"picked":"Singing Bowl","floor":18.0},{"not_picked":["Sweeping Beam","Rebound","Beam Cell"],"picked":"Singing Bowl","floor":22.0},{"not_picked":["Steam","Glacier"],"picked":"Hologram","floor":25.0},{"not_picked":["Steam","Skim","Aggregate"],"picked":"Singing Bowl","floor":27.0},{"not_picked":["Aggregate","Leap","Reinforced Body"],"picked":"Singing Bowl","floor":27.0},{"not_picked":["Go for the Eyes+1","Stack+1"],"picked":"Self Repair+1","floor":28.0},{"not_picked":["Sweeping Beam","Capacitor+1","Static Discharge+1"],"picked":"Singing Bowl","floor":28.0},{"not_picked":["Leap","Static Discharge+1"],"picked":"Self Repair+1","floor":29.0},{"not_picked":["Rebound","Multi-Cast","Redo+1"],"picked":"Singing Bowl","floor":31.0},{"not_picked":["Rebound","Redo","Beam Cell"],"picked":"Singing Bowl","floor":31.0},{"not_picked":["Rainbow","Thunder Strike"],"picked":"Seek","floor":33},{"not_picked":["Conserve Battery","Stack+1","Turbo+1"],"picked":"Singing Bowl","floor":35},{"not_picked":["Rebound+1","Ball Lightning+1","Steam+1"],"picked":"Singing Bowl","floor":35},{"not_picked":["Doom and Gloom+1","Stack+1","Sweeping Beam+1"],"picked":"Singing Bowl","floor":38},{"not_picked":["Barrage","Machine Learning+1","Cold Snap+1"],"picked":"Singing Bowl","floor":39},{"not_picked":["Fusion","Steam","Leap+1"],"picked":"Singing Bowl","floor":39},{"not_picked":["Sunder+1","Leap+1","Sweeping Beam"],"picked":"Singing Bowl","floor":42},{"not_picked":["Double Energy","Beam Cell","Barrage+1"],"picked":"Singing Bowl","floor":42},{"not_picked":["Streamline","Conserve Battery+1","Compile Driver"],"picked":"Singing Bowl","floor":44},{"not_picked":["Compile Driver+1","Stack","Conserve Battery"],"picked":"Singing Bowl","floor":44},{"not_picked":["Steam+1","Barrage+1","Loop+1"],"picked":"Singing Bowl","floor":45},{"not_picked":["Hello World+1","Chill","Skim"],"picked":"Singing Bowl","floor":45}],"player_experience":501853,"relics_obtained":[{"floor":6.0,"key":"Darkstone Periapt"},{"floor":8.0,"key":"The Courier"},{"floor":9.0,"key":"Ancient Tea Set"},{"floor":10.0,"key":"Singing Bowl"},{"floor":19.0,"key":"Necronomicon"},{"floor":25.0,"key":"Prayer Wheel"},{"floor":25.0,"key":"Pear"},{"floor":26.0,"key":"Frozen Egg 2"},{"floor":29.0,"key":"Oddly Smooth Stone"},{"floor":38,"key":"Du-Vu Doll"}],"event_choices":[{"damage_healed":0.0,"max_hp_gain":5.0,"max_hp_loss":0.0,"gold_gain":0.0,"event_name":"Big Fish","player_choice":"Donut","floor":2.0,"gold_loss":0.0,"damage_taken":0.0},{"damage_healed":0.0,"max_hp_gain":0.0,"max_hp_loss":0.0,"gold_gain":0.0,"event_name":"Liars Game","player_choice":"Ignored","floor":3.0,"gold_loss":0.0,"damage_taken":0.0},{"damage_healed":0.0,"max_hp_gain":0.0,"max_hp_loss":0.0,"gold_gain":0.0,"event_name":"Living Wall","player_choice":"Grow","floor":4.0,"gold_loss":0.0,"damage_taken":0.0,"cards_upgraded":["Zap"]},{"damage_healed":0.0,"max_hp_gain":0.0,"max_hp_loss":0.0,"gold_gain":0.0,"event_name":"Cursed Tome","player_choice":"Obtained Book","floor":19.0,"gold_loss":0.0,"damage_taken":16.0},{"damage_healed":0.0,"max_hp_gain":0.0,"max_hp_loss":0.0,"gold_gain":0.0,"event_name":"Back to Basics","player_choice":"Simplicity","floor":20.0,"gold_loss":0.0,"damage_taken":0.0,"cards_upgraded":["Strike_B","Strike_B","Strike_B","Strike_B","Defend_B","Defend_B","Defend_B","Defend_B"]},{"damage_healed":0.0,"max_hp_gain":0.0,"max_hp_loss":0.0,"gold_gain":0.0,"event_name":"Drug Dealer","player_choice":"Inject Mutagens","floor":21.0,"gold_loss":0.0,"damage_taken":0.0,"relics_obtained":["MutagenicStrength"]},{"damage_healed":0.0,"max_hp_gain":0.0,"max_hp_loss":0.0,"gold_gain":0.0,"event_name":"Colosseum","player_choice":"Fight","floor":25.0,"gold_loss":0.0,"damage_taken":0.0},{"damage_healed":0.0,"max_hp_gain":0.0,"max_hp_loss":0.0,"gold_gain":0.0,"event_name":"Colosseum","player_choice":"Fought Nobs","floor":25.0,"gold_loss":0.0,"damage_taken":0.0},{"damage_healed":0,"gold_gain":0,"player_choice":"Max HP","damage_taken":0,"max_hp_gain":0,"max_hp_loss":6,"event_name":"Winding Halls","floor":36,"gold_loss":0},{"damage_healed":0,"gold_gain":0,"player_choice":"Fight","damage_taken":0,"max_hp_gain":0,"max_hp_loss":0,"event_name":"MindBloom","floor":38,"gold_loss":0},{"damage_healed":0,"gold_gain":0,"player_choice":"Copied","damage_taken":0,"max_hp_gain":0,"max_hp_loss":0,"event_name":"Duplicator","floor":41,"gold_loss":0,"cards_obtained":["Reboot"]}],"is_beta":false,"boss_relics":[{"not_picked":["Ectoplasm","Runic Dome"],"picked":"Nuclear Battery"},{"not_picked":["Tiny House","White Beast Statue"],"picked":"Sozu"}],"items_purged_floors":[],"is_endless":false,"potions_floor_spawned":[1,6,13,16,18,22,28,38,39,44],"killed_by":"Giant Head","ascension_level":9}