{"gold_per_floor":[117,132,282,307,382,414,40,68,68,84,34,44,44,44],"floor_reached":14,"playtime":282,"items_purged":["Doubt","Strike_B"],"score":246,"play_id":"7873a91b-8eb9-40bc-853e-78dcbadaf612","local_time":"20190424003440","is_ascension_mode":true,"campfire_choices":[{"floor":13,"key":"REST"}],"neow_cost":"NONE","seed_source_timestamp":35750557709886,"circlet_count":0,"master_deck":["AscendersBane","Strike_B","Strike_B","Strike_B","Defend_B","Defend_B","Defend_B","Defend_B","Zap","Dualcast","Darkness","Compile Driver","Gash","Conserve Battery","BootSequence","Capacitor","Compile Driver"],"relics":["Cracked Core","NeowsBlessing","Smiling Mask","Shuriken","Matryoshka","Centennial Puzzle","Dream Catcher","Ice Cream"],"potions_floor_usage":[10,12],"damage_taken":[{"damage":0,"enemies":"Small Slimes","floor":1,"turns":1},{"damage":0,"enemies":"Jaw Worm","floor":2,"turns":1},{"damage":0,"enemies":"Lagavulin","floor":6,"turns":1},{"damage":51,"enemies":"3 Sentries","floor":8,"turns":11},{"damage":0,"enemies":"2 Louse","floor":10,"turns":1},{"damage":0,"enemies":"2 Fungi Beasts","floor":12,"turns":4},{"damage":3,"enemies":"Exordium Thugs","floor":14,"turns":2}],"seed_played":"-789042411780300512","potions_obtained":[{"floor":1,"key":"LiquidBronze"},{"floor":8,"key":"Explosive Potion"},{"floor":10,"key":"EssenceOfSteel"}],"is_trial":false,"path_per_floor":["M","M","?","T","?","E","$","E","T","M","$","M","R","M"],"character_chosen":"DEFECT","items_purchased":["Matryoshka","Conserve Battery"],"campfire_rested":1,"item_purchase_floors":[7,7],"current_hp_per_floor":[64,64,64,64,53,53,53,2,2,2,2,2,23,20],"gold":44,"neow_bonus":"THREE_ENEMY_KILL","is_prod":false,"is_daily":false,"chose_seed":false,"campfire_upgraded":0,"win_rate":0,"timestamp":1556058880,"path_taken":["M","M","?","?","?","E","$","E","T","M","?","M","R","M"],"build_version":"2019-04-21","purchased_purges":2,"victory":false,"max_hp_per_floor":[71,71,71,71,71,71,71,71,71,71,71,71,71,71],"card_choices":[{"not_picked":["Recycle","Beam Cell"],"picked":"Darkness","floor":1},{"not_picked":["Scrape","Force Field"],"picked":"Compile Driver","floor":2},{"not_picked":["Hello World","Fusion"],"picked":"Gash","floor":6},{"not_picked":["Turbo","Steam Power","Scrape"],"picked":"SKIP","floor":8},{"not_picked":["Sweeping Beam","Coolheaded"],"picked":"BootSequence","floor":10},{"not_picked":["Ball Lightning","Force Field"],"picked":"Capacitor","floor":12},{"not_picked":["Stack","Hologram"],"picked":"Compile Driver","floor":13}],"player_experience":1199798,"relics_obtained":[{"floor":4,"key":"Smiling Mask"},{"floor":6,"key":"Shuriken"},{"floor":8,"key":"Centennial Puzzle"},{"floor":9,"key":"Dream Catcher"},{"floor":9,"key":"Ice Cream"}],"event_choices":[{"damage_healed":0,"gold_gain":150,"player_choice":"AGREE","damage_taken":0,"max_hp_gain":0,"max_hp_loss":0,"event_name":"Liars Game","floor":3,"gold_loss":0,"cards_obtained":["Doubt"]},{"damage_healed":0,"gold_gain":75,"player_choice":"Gather Gold","damage_taken":11,"max_hp_gain":0,"max_hp_loss":0,"event_name":"World of Goop","floor":5,"gold_loss":0}],"is_beta":true,"boss_relics":[],"items_purged_floors":[7,11],"is_endless":false,"potions_floor_spawned":[1,8,10],"killed_by":"Exordium Thugs","ascension_level":20}