{"gold_per_floor":[111,111,111,127,127,160,160,175,175,175,191,191,45,79,79,178,178,193,213,213,12,27,59,59,11,34,34,63,63,82,98,98,197,247,258,258,269,279,41,61,61,81,106,135,135,135,7,0,0,0],"floor_reached":50,"playtime":3314,"items_purged":[],"score":595,"play_id":"0f4c5e46-97cb-43eb-97c9-a9b7230c85bb","local_time":"20190224164343","is_ascension_mode":false,"campfire_choices":[{"floor":7,"key":"RECALL"},{"data":"Zap","floor":10,"key":"SMITH"},{"floor":12,"key":"REST"},{"data":"Seek","floor":15,"key":"SMITH"},{"data":"Ghostly","floor":24,"key":"SMITH"},{"data":"Ghostly","floor":32,"key":"SMITH"},{"floor":41,"key":"REST"},{"data":"Gash","floor":46,"key":"SMITH"},{"data":"Ghostly","floor":49,"key":"SMITH"}],"neow_cost":"NONE","seed_source_timestamp":158833812817553,"circlet_count":0,"master_deck":["Strike_B","Strike_B","Strike_B","Strike_B","Defend_B","Defend_B","Defend_B","Defend_B","Zap+1","Dualcast","Seek+1","Tempest","Genetic Algorithm+1","Machine Learning+1","Barrage+1","Static Discharge+1","Melter","Reboot","Defragment+1","Streamline","Ghostly+1","Ghostly","Ghostly+1","Ghostly+1","Ghostly","Hologram+1","Heatsinks+1","Writhe","Buffer+1","J.A.X.+1","Sweeping Beam","Gash+1","Multi-Cast+1","Aggregate+1","Capacitor+1","Beam Cell+1","Stack+1","Ball Lightning+1","Gash+1","Stack+1","Redo+1","Self Repair+1"],"relics":["Cracked Core","Frozen Egg 2","Smiling Mask","Oddly Smooth Stone","Dream Catcher","Velvet Choker","Sling","Ginger","Strawberry","Toxic Egg 2","Bag of Preparation","Tiny House","Letter Opener","Pocketwatch","Red Mask"],"potions_floor_usage":[6,14,33,33,36,38,40,50],"damage_taken":[{"damage":0,"enemies":"2 Louse","floor":1,"turns":2},{"damage":3,"enemies":"Small Slimes","floor":4,"turns":3},{"damage":21,"enemies":"3 Sentries","floor":6,"turns":6},{"damage":7,"enemies":"Jaw Worm","floor":8,"turns":4},{"damage":6,"enemies":"Red Slaver","floor":11,"turns":3},{"damage":5,"enemies":"Lagavulin","floor":14,"turns":6},{"damage":15,"enemies":"Slime Boss","floor":16,"turns":9},{"damage":11,"enemies":"2 Thieves","floor":18,"turns":4},{"damage":8,"enemies":"Shell Parasite","floor":19,"turns":4},{"damage":5,"enemies":"Shelled Parasite and Fungi","floor":22,"turns":3},{"damage":0,"enemies":"Book of Stabbing","floor":23,"turns":5},{"damage":6,"enemies":"Gremlin Leader","floor":28,"turns":8},{"damage":2,"enemies":"Centurion and Healer","floor":30,"turns":5},{"damage":6,"enemies":"Snake Plant","floor":31,"turns":4},{"damage":20,"enemies":"Automaton","floor":33,"turns":10},{"damage":19,"enemies":"3 Shapes","floor":35,"turns":3},{"damage":0,"enemies":"3 Darklings","floor":36,"turns":1},{"damage":6,"enemies":"Jaw Worm Horde","floor":37,"turns":5},{"damage":12,"enemies":"Maw","floor":38,"turns":5},{"damage":4,"enemies":"Transient","floor":40,"turns":5},{"damage":2,"enemies":"Sphere and 2 Shapes","floor":42,"turns":6},{"damage":18,"enemies":"Reptomancer","floor":44,"turns":6},{"damage":51,"enemies":"Awakened One","floor":50,"turns":11}],"seed_played":"4400282894430635195","potions_obtained":[{"floor":1,"key":"Explosive Potion"},{"floor":6,"key":"PowerPotion"},{"floor":18,"key":"Block Potion"},{"floor":28,"key":"GamblersBrew"},{"floor":34,"key":"SmokeBomb"},{"floor":38,"key":"GamblersBrew"}],"is_trial":false,"path_per_floor":["M","?","?","M","?","E","R","M","T","R","M","R","$","E","R","B",null,"M","M","?","$","M","E","R","$","T","?","E","?","M","M","R","B",null,"M","M","M","M","$","M","R","M","T","E","?","R","$","?","R","B"],"character_chosen":"DEFECT","items_purchased":["Oddly Smooth Stone","Sling","Energy Potion","Letter Opener","Self Repair+1","Explosive Potion"],"campfire_rested":2,"item_purchase_floors":[13,21,25,39,47,47],"current_hp_per_floor":[75,75,75,72,72,51,51,44,44,44,38,60,60,55,55,40,75,64,56,37,37,32,32,32,32,39,39,33,33,31,25,25,5,49,30,30,24,12,12,8,22,20,20,2,43,43,43,43,43,0],"gold":0,"neow_bonus":"ONE_RANDOM_RARE_CARD","is_prod":false,"is_daily":false,"chose_seed":false,"campfire_upgraded":6,"win_rate":0,"timestamp":1551044623,"path_taken":["M","?","?","M","?","E","R","?","T","R","M","R","?","E","R","BOSS","M","M","?","$","M","E","R","?","T","?","E","?","?","M","R","BOSS","M","M","M","M","$","M","R","M","T","E","?","R","$","?","R","BOSS"],"build_version":"2019-01-23","purchased_purges":0,"victory":false,"max_hp_per_floor":[75,75,75,75,75,75,75,75,75,75,75,75,75,75,75,75,75,75,75,37,37,37,37,37,37,44,44,44,44,44,44,44,44,49,49,49,49,49,49,49,49,49,49,49,43,43,43,43,43,43],"card_choices":[{"not_picked":["Force Field","Turbo"],"picked":"Tempest","floor":1},{"not_picked":["Ball Lightning","Consume"],"picked":"Genetic Algorithm","floor":4},{"not_picked":["Chill","Leap"],"picked":"Machine Learning","floor":6},{"not_picked":["Force Field","Ball Lightning"],"picked":"Barrage","floor":8},{"not_picked":["Cold Snap","Barrage"],"picked":"Static Discharge+1","floor":11},{"not_picked":["Sunder","Undo"],"picked":"Melter","floor":14},{"not_picked":["All For One","Meteor Strike"],"picked":"Reboot","floor":16},{"not_picked":["Conserve Battery","Leap+1"],"picked":"Defragment+1","floor":18},{"not_picked":["Steam Power+1","Compile Driver"],"picked":"Streamline","floor":19},{"not_picked":["Go for the Eyes","Force Field"],"picked":"Hologram+1","floor":22},{"not_picked":["Leap","Conserve Battery+1"],"picked":"Heatsinks+1","floor":23},{"not_picked":["Compile Driver","Steam+1"],"picked":"Buffer+1","floor":28},{"not_picked":["Turbo+1","Coolheaded+1"],"picked":"Sweeping Beam","floor":30},{"not_picked":["Cold Snap+1","Heatsinks+1"],"picked":"Gash+1","floor":31},{"not_picked":["Thunder Strike","Biased Cognition+1"],"picked":"Multi-Cast+1","floor":33},{"not_picked":["Streamline+1","Cold Snap"],"picked":"Aggregate+1","floor":34},{"not_picked":["Darkness+1","Storm+1"],"picked":"Capacitor+1","floor":35},{"not_picked":["Heatsinks+1","Glacier+1"],"picked":"Beam Cell+1","floor":37},{"not_picked":["Static Discharge+1","Conserve Battery+1"],"picked":"Stack+1","floor":38},{"not_picked":["Redo+1","Machine Learning+1"],"picked":"Ball Lightning+1","floor":40},{"not_picked":["Reprogram+1","Rip and Tear+1"],"picked":"Gash","floor":41},{"not_picked":["Rebound+1","Sweeping Beam+1"],"picked":"Stack+1","floor":42},{"not_picked":["Compile Driver","Ball Lightning"],"picked":"Redo+1","floor":44}],"player_experience":217413,"relics_obtained":[{"floor":6,"key":"Frozen Egg 2"},{"floor":9,"key":"Smiling Mask"},{"floor":14,"key":"Dream Catcher"},{"floor":23,"key":"Ginger"},{"floor":26,"key":"Strawberry"},{"floor":28,"key":"Bag of Preparation"},{"floor":44,"key":"Pocketwatch"}],"event_choices":[{"damage_healed":0,"gold_gain":0,"player_choice":"Leave","damage_taken":0,"max_hp_gain":0,"max_hp_loss":0,"event_name":"The Cleric","floor":2,"gold_loss":0},{"damage_healed":0,"gold_gain":0,"player_choice":"Ignored","damage_taken":0,"max_hp_gain":0,"max_hp_loss":0,"event_name":"Liars Game","floor":3,"gold_loss":0},{"damage_healed":0,"gold_gain":0,"player_choice":"Grow","damage_taken":0,"max_hp_gain":0,"max_hp_loss":0,"event_name":"Living Wall","floor":5,"gold_loss":0,"cards_upgraded":["Genetic Algorithm"]},{"damage_healed":0,"gold_gain":0,"player_choice":"Became a Ghost","damage_taken":0,"max_hp_gain":0,"max_hp_loss":38,"event_name":"Ghosts","floor":20,"gold_loss":0,"cards_obtained":["Ghostly","Ghostly","Ghostly","Ghostly","Ghostly"]},{"damage_healed":0,"gold_gain":0,"player_choice":"Opened","damage_taken":0,"relics_obtained":["Toxic Egg 2"],"max_hp_gain":0,"max_hp_loss":0,"event_name":"The Mausoleum","floor":27,"gold_loss":0,"cards_obtained":["Writhe"]},{"damage_healed":0,"gold_gain":0,"player_choice":"Obtain J.A.X.","damage_taken":0,"max_hp_gain":0,"max_hp_loss":0,"event_name":"Drug Dealer","floor":29,"gold_loss":0,"cards_obtained":["J.A.X."]},{"damage_healed":43,"gold_gain":0,"player_choice":"Heal","damage_taken":0,"max_hp_gain":0,"max_hp_loss":6,"event_name":"The Moai Head","floor":45,"gold_loss":0},{"damage_healed":0,"gold_gain":0,"player_choice":"Paid","damage_taken":0,"relics_obtained":["Red Mask"],"max_hp_gain":0,"max_hp_loss":0,"event_name":"Tomb of Lord Red Mask","floor":48,"gold_loss":7}],"is_beta":false,"boss_relics":[{"not_picked":["Snecko Eye","White Beast Statue"],"picked":"Velvet Choker"},{"not_picked":["Orrery","Coffee Dripper"],"picked":"Tiny House"}],"items_purged_floors":[],"is_endless":false,"potions_floor_spawned":[1,6,18,28,31,36,38],"killed_by":"Awakened One","ascension_level":0}