{"gold_per_floor":[114,130,305,317,249,249,249,289,289,309,345,345,363,363],"floor_reached":14,"playtime":412,"items_purged":[],"score":110,"play_id":"53cfae37-faff-4039-a834-5f555fc3bf09","local_time":"20181222190833","is_ascension_mode":true,"campfire_choices":[{"data":"Finesse","floor":6,"key":"SMITH"}],"neow_cost":"NONE","seed_source_timestamp":11159393760600,"circlet_count":0,"master_deck":["Strike_R","Strike_R","Strike_R","Strike_R","Strike_R","Defend_R","Defend_R","Defend_R","Defend_R","Bash","Finesse+1","Cleave","Pommel Strike","Doubt","Flex","Feel No Pain","Injury","Flex","Shrug It Off","Rampage","Demon Form"],"relics":["Burning Blood","Golden Idol","Paper Frog","Omamori","Dodecahedron","Pantograph"],"potions_floor_usage":[8,11],"damage_taken":[{"damage":2,"enemies":"Jaw Worm","floor":1,"turns":4},{"damage":1,"enemies":"2 Louse","floor":2,"turns":2},{"damage":4,"enemies":"Cultist","floor":4,"turns":4},{"damage":55,"enemies":"Lagavulin","floor":8,"turns":9},{"damage":0,"enemies":"Large Slime","floor":10,"turns":4},{"damage":5,"enemies":"Gremlin Nob","floor":11,"turns":3},{"damage":17,"enemies":"Red Slaver","floor":13,"turns":4},{"damage":27,"enemies":"Exordium Wildlife","floor":14,"turns":5}],"seed_played":"-5353849044548570556","potions_obtained":[{"floor":2,"key":"Dexterity Potion"},{"floor":10,"key":"Fire Potion"}],"is_trial":false,"path_per_floor":["M","M","?","M","$","R","?","E","T","M","E","T","M","M"],"character_chosen":"IRONCLAD","items_purchased":["Feel No Pain"],"campfire_rested":0,"item_purchase_floors":[5],"current_hp_per_floor":[80,80,80,80,80,80,80,31,31,37,38,38,27,0],"gold":363,"neow_bonus":"RANDOM_COLORLESS","is_prod":false,"is_daily":false,"chose_seed":false,"campfire_upgraded":1,"win_rate":0,"timestamp":1545523713,"path_taken":["M","M","?","M","$","R","?","E","T","M","E","?","M","M"],"build_version":"2018-12-20","purchased_purges":0,"victory":false,"max_hp_per_floor":[80,80,80,80,80,80,80,80,80,80,80,80,80,80],"card_choices":[{"not_picked":["Reckless Charge","True Grit"],"picked":"Cleave","floor":1},{"not_picked":["Dual Wield","Iron Wave"],"picked":"Pommel Strike","floor":2},{"not_picked":["Anger","Reckless Charge"],"picked":"Flex","floor":4},{"not_picked":["Pommel Strike","Havoc"],"picked":"Flex","floor":8},{"not_picked":["Hemokinesis","Clash"],"picked":"Shrug It Off","floor":10},{"not_picked":["Searing Blow","Thunderclap"],"picked":"Rampage","floor":11},{"not_picked":["Battle Trance","Intimidate"],"picked":"Demon Form","floor":13}],"player_experience":318998,"relics_obtained":[{"floor":8,"key":"Paper Frog"},{"floor":9,"key":"Omamori"},{"floor":11,"key":"Dodecahedron"},{"floor":12,"key":"Pantograph"}],"event_choices":[{"damage_healed":0,"gold_gain":175,"player_choice":"AGREE","damage_taken":0,"max_hp_gain":0,"max_hp_loss":0,"event_name":"Liars Game","floor":3,"gold_loss":0,"cards_obtained":["Doubt"]},{"damage_healed":0,"gold_gain":0,"player_choice":"Take Wound","damage_taken":0,"relics_obtained":["Golden Idol"],"max_hp_gain":0,"max_hp_loss":0,"event_name":"Golden Idol","floor":7,"gold_loss":0,"cards_obtained":["Injury"]}],"is_beta":false,"boss_relics":[],"items_purged_floors":[],"is_endless":false,"potions_floor_spawned":[2,10],"killed_by":"Exordium Wildlife","ascension_level":2}