{"gold_per_floor":[118,191,191,206,218,245,170,170,170,203,203,203,218,237,237,237],"floor_reached":16,"playtime":880,"items_purged":[],"score":193,"play_id":"b57fdadb-e257-487e-992a-864c365c16b9","local_time":"20190418185005","is_ascension_mode":true,"campfire_choices":[{"data":"Hemokinesis","floor":8,"key":"SMITH"},{"data":"Armaments","floor":11,"key":"SMITH"},{"data":"Flame Barrier","floor":15,"key":"SMITH"}],"neow_cost":"NONE","seed_source_timestamp":134150190422517,"circlet_count":0,"master_deck":["AscendersBane","Strike_R","Strike_R","Strike_R","Defend_R","Defend_R","Defend_R","Defend_R","Bash","Heavy Blade","Cleave","Hemokinesis+1","Evolve","Armaments+1","Spot Weakness","Flame Barrier+1"],"relics":["Burning Blood","Calipers","Mummified Hand","Thread and Needle"],"potions_floor_usage":[6,6],"damage_taken":[{"damage":9,"enemies":"Jaw Worm","floor":1,"turns":6},{"damage":1,"enemies":"2 Louse","floor":4,"turns":3},{"damage":0,"enemies":"Small Slimes","floor":5,"turns":3},{"damage":36,"enemies":"3 Sentries","floor":6,"turns":7},{"damage":34,"enemies":"Gremlin Nob","floor":10,"turns":4},{"damage":3,"enemies":"2 Fungi Beasts","floor":13,"turns":3},{"damage":6,"enemies":"Blue Slaver","floor":14,"turns":3},{"damage":25,"enemies":"Hexaghost","floor":16,"turns":11}],"seed_played":"-5304231909550461982","potions_obtained":[{"floor":0,"key":"Explosive Potion"},{"floor":0,"key":"Swift Potion"},{"floor":5,"key":"FearPotion"},{"floor":13,"key":"Energy Potion"}],"is_trial":false,"path_per_floor":["M","?","?","M","M","E","?","R","T","E","R","?","M","M","R","B"],"character_chosen":"IRONCLAD","items_purchased":[],"campfire_rested":0,"item_purchase_floors":[],"current_hp_per_floor":[65,65,70,75,80,50,50,50,50,22,22,22,25,25,25,0],"gold":237,"neow_bonus":"THREE_SMALL_POTIONS","is_prod":false,"is_daily":false,"chose_seed":false,"campfire_upgraded":3,"win_rate":0,"timestamp":1555638605,"path_taken":["M","?","?","M","?","E","?","R","T","E","R","?","M","M","R","BOSS"],"build_version":"2019-01-23","purchased_purges":0,"victory":false,"max_hp_per_floor":[75,75,80,80,80,80,80,80,80,80,80,80,80,80,80,80],"card_choices":[{"not_picked":["True Grit","Twin Strike"],"picked":"Heavy Blade","floor":1},{"not_picked":["Pummel","Seeing Red"],"picked":"Cleave","floor":4},{"not_picked":["Dual Wield","Cleave"],"picked":"Hemokinesis","floor":5},{"not_picked":["Whirlwind","Cleave"],"picked":"Evolve","floor":6},{"not_picked":["Twin Strike","Body Slam"],"picked":"Armaments","floor":10},{"not_picked":["Anger","Pommel Strike"],"picked":"Spot Weakness","floor":13},{"not_picked":["Iron Wave","Double Tap"],"picked":"Flame Barrier","floor":14}],"player_experience":207715,"relics_obtained":[{"floor":6,"key":"Calipers"},{"floor":9,"key":"Mummified Hand"},{"floor":10,"key":"Thread and Needle"}],"event_choices":[{"damage_healed":0,"gold_gain":73,"player_choice":"Gained Gold","damage_taken":0,"max_hp_gain":0,"max_hp_loss":0,"event_name":"Golden Wing","floor":2,"gold_loss":0},{"damage_healed":0,"gold_gain":0,"player_choice":"Donut","damage_taken":0,"max_hp_gain":5,"max_hp_loss":0,"event_name":"Big Fish","floor":3,"gold_loss":0},{"cards_removed":["Strike_R"],"damage_healed":0,"gold_gain":0,"player_choice":"Card Removal","damage_taken":0,"max_hp_gain":0,"max_hp_loss":0,"event_name":"The Cleric","floor":7,"gold_loss":75},{"cards_removed":["Strike_R"],"damage_healed":0,"gold_gain":0,"player_choice":"Forget","damage_taken":0,"max_hp_gain":0,"max_hp_loss":0,"event_name":"Living Wall","floor":12,"gold_loss":0}],"is_beta":false,"boss_relics":[],"items_purged_floors":[],"is_endless":false,"potions_floor_spawned":[1,5,13],"killed_by":"Hexaghost","ascension_level":15}