{"gold_per_floor":[115,132,44,55,67,101,101,133,157,176,176,196,196,4,4,105,105,116,116,116,126,81,81,110,110,165,165],"floor_reached":27,"playtime":1009,"items_purged":[],"score":301,"play_id":"52c7452c-e78c-4370-a191-a34753f5400d","local_time":"20190419030314","is_ascension_mode":true,"campfire_choices":[{"floor":7.0,"key":"REST"},{"floor":11.0,"key":"REST"},{"data":"Ball Lightning","floor":15.0,"key":"SMITH"},{"floor":23,"key":"REST"},{"floor":25,"key":"REST"}],"neow_cost":"NONE","seed_source_timestamp":233171107946333,"circlet_count":0,"master_deck":["Strike_B","Strike_B","Strike_B","Strike_B","Defend_B","Defend_B","Defend_B","Defend_B+1","Zap+1","Dualcast+1","Rip and Tear","Barrage","Flash of Steel","Loop+1","Rebound","Ball Lightning+1","Sweeping Beam","Aggregate","Sweeping Beam","Electrodynamics","Loop+1","Cold Snap","Coolheaded","Coolheaded+1"],"special_seed":0,"relics":["Cracked Core","Lantern","War Paint","Centennial Puzzle","Toy Ornithopter","Lizard Tail","Anchor","Bag of Marbles"],"potions_floor_usage":[16,18],"damage_taken":[{"damage":1.0,"enemies":"Cultist","floor":1.0,"turns":3.0},{"damage":3.0,"enemies":"Small Slimes","floor":2.0,"turns":3.0},{"damage":2.0,"enemies":"Jaw Worm","floor":4.0,"turns":2.0},{"damage":16.0,"enemies":"Blue Slaver","floor":5.0,"turns":3.0},{"damage":20.0,"enemies":"3 Sentries","floor":6.0,"turns":5.0},{"damage":25.0,"enemies":"Lagavulin","floor":8.0,"turns":6.0},{"damage":0.0,"enemies":"Lots of Slimes","floor":10.0,"turns":1.0},{"damage":9.0,"enemies":"3 Louse","floor":12.0,"turns":2.0},{"damage":33,"enemies":"The Guardian","floor":16,"turns":8},{"damage":6,"enemies":"3 Byrds","floor":18,"turns":3},{"damage":47,"enemies":"Shell Parasite","floor":21,"turns":5},{"damage":44,"enemies":"Slavers","floor":24,"turns":4},{"damage":44,"enemies":"Book of Stabbing","floor":27,"turns":4}],"seed_played":"5232907119322244425","potions_obtained":[{"floor":1.0,"key":"FearPotion"},{"floor":2.0,"key":"Strength Potion"},{"floor":6.0,"key":"GamblersBrew"},{"floor":16,"key":"Fire Potion"},{"floor":24,"key":"Ancient Potion"}],"is_trial":false,"path_per_floor":["M","M","$","M","M","E","R","E","T","M","R","M","?","$","R","B",null,"M","?","?","M","$","R","E","R","T","E"],"character_chosen":"DEFECT","items_purchased":["Flash of Steel","Toy Ornithopter","Coolheaded"],"campfire_rested":4,"item_purchase_floors":[3,14,22],"current_hp_per_floor":[74,71,71,69,53,33,55,30,30,30,52,43,43,43,43,15,60,59,45,45,40,40,64,20,44,44,0],"gold":165,"neow_bonus":"UPGRADE_CARD","is_prod":false,"is_daily":false,"chose_seed":false,"campfire_upgraded":1,"win_rate":0,"timestamp":1555657394,"path_taken":["M","M","?","M","?","E","R","E","T","M","R","?","?","$","R","BOSS","M","?","?","?","$","R","E","R","T","E"],"build_version":"2019-01-23","purchased_purges":0,"victory":false,"max_hp_per_floor":[75,75,75,75,75,75,75,75,75,75,75,75,75,75,75,75,75,75,80,80,80,80,80,80,80,80,80],"card_choices":[{"not_picked":["Steam Power","Chill"],"picked":"Rip and Tear","floor":1.0},{"not_picked":["Consume","Turbo"],"picked":"Barrage","floor":2.0},{"not_picked":["Cold Snap","Stack"],"picked":"Loop","floor":4.0},{"not_picked":["Turbo","Doom and Gloom"],"picked":"Rebound","floor":5.0},{"not_picked":["Beam Cell","Self Repair"],"picked":"Ball Lightning","floor":6.0},{"not_picked":["Rip and Tear","Stack"],"picked":"Sweeping Beam","floor":8.0},{"not_picked":["Meteor Strike","Steam"],"picked":"Aggregate","floor":10.0},{"not_picked":["Compile Driver","Chaos"],"picked":"Sweeping Beam","floor":12.0},{"not_picked":["Thunder Strike","Reboot"],"picked":"Electrodynamics","floor":16},{"not_picked":["Barrage","Auto Shields","Reprogram"],"picked":"SKIP","floor":18},{"not_picked":["Scrape","Tempest"],"picked":"Cold Snap","floor":21},{"not_picked":["Sunder","Gash"],"picked":"Coolheaded+1","floor":24}],"player_experience":313158,"relics_obtained":[{"floor":6.0,"key":"Lantern"},{"floor":8.0,"key":"War Paint"},{"floor":9.0,"key":"Centennial Puzzle"},{"floor":24,"key":"Anchor"},{"floor":26,"key":"Bag of Marbles"}],"event_choices":[{"damage_healed":0.0,"max_hp_gain":0.0,"max_hp_loss":0.0,"gold_gain":0.0,"event_name":"Living Wall","player_choice":"Grow","floor":13.0,"gold_loss":0.0,"damage_taken":0.0,"cards_upgraded":["Loop"]},{"damage_healed":0,"gold_gain":0,"player_choice":"Shed Blood","damage_taken":19,"max_hp_gain":5,"max_hp_loss":0,"event_name":"Forgotten Altar","floor":19,"gold_loss":0},{"damage_healed":0,"gold_gain":0,"player_choice":"Copied","damage_taken":0,"max_hp_gain":0,"max_hp_loss":0,"event_name":"Duplicator","floor":20,"gold_loss":0,"cards_obtained":["Loop"]}],"is_beta":false,"boss_relics":[{"not_picked":["White Beast Statue","Runic Pyramid"],"picked":"Lizard Tail"}],"items_purged_floors":[],"is_endless":false,"potions_floor_spawned":[1,2,6,16,24],"killed_by":"Book of Stabbing","ascension_level":5}