{"gold_per_floor":[116,130,7,7,107,107,117,117,169,169,186,213,233,264,264,369,369,384,384,284,298,298,298,327,327,374,374,374,406,426,426,426,526,526,545,563,438,362,374,374,385,385,385,420,420,473,73,89,89,89],"floor_reached":51,"playtime":2597,"items_purged":["Strike_G","Strike_G","Grand Finale","Strike_G"],"score":1189,"play_id":"b8fc4f61-254c-44a6-a1a8-2b10d9b4821f","local_time":"20190425140651","is_ascension_mode":true,"campfire_choices":[{"data":"Neutralize","floor":6.0,"key":"SMITH"},{"data":"Noxious Fumes","floor":8.0,"key":"SMITH"},{"data":"Leg Sweep","floor":10.0,"key":"SMITH"},{"data":"Acrobatics","floor":15.0,"key":"SMITH"},{"data":"Bouncing Flask","floor":23.0,"key":"SMITH"},{"data":"Noxious Fumes","floor":25.0,"key":"SMITH"},{"data":"Prepared","floor":32.0,"key":"SMITH"},{"data":"Burst","floor":40.0,"key":"SMITH"},{"floor":42.0,"key":"REST"},{"floor":49,"key":"REST"}],"neow_cost":"NONE","seed_source_timestamp":13003852571375,"circlet_count":0,"master_deck":["AscendersBane","Defend_G+1","Defend_G","Defend_G","Defend_G","Defend_G+1","Survivor+1","Neutralize+1","Leg Sweep+1","Cloak And Dagger+1","Noxious Fumes+1","Bane","Tactician","Noxious Fumes+1","Acrobatics+1","Bouncing Flask+1","Noxious Fumes","Die Die Die","Prepared+1","Corpse Explosion+1","Burst+1","Prepared","Noxious Fumes+1","Deflect+1","Acrobatics","Deflect+1","Footwork"],"special_seed":0,"relics":["Ring of the Serpent","War Paint","PreservedInsect","Bird Faced Urn","Pear","Sozu","Oddly Smooth Stone","Regal Pillow","Bronze Scales","StoneCalendar","Pantograph","Mercury Hourglass","Prayer Wheel","TwistedFunnel"],"potions_floor_usage":[],"damage_taken":[{"damage":1.0,"enemies":"2 Louse","floor":1.0,"turns":3.0},{"damage":7.0,"enemies":"Cultist","floor":2.0,"turns":5.0},{"damage":0.0,"enemies":"Jaw Worm","floor":7.0,"turns":5.0},{"damage":0.0,"enemies":"2 Fungi Beasts","floor":11.0,"turns":4.0},{"damage":3.0,"enemies":"Lagavulin","floor":12.0,"turns":7.0},{"damage":4.0,"enemies":"Looter","floor":13.0,"turns":4.0},{"damage":9.0,"enemies":"3 Sentries","floor":14.0,"turns":5.0},{"damage":41.0,"enemies":"Slime Boss","floor":16.0,"turns":10.0},{"damage":0.0,"enemies":"Shell Parasite","floor":18.0,"turns":7.0},{"damage":3.0,"enemies":"Spheric Guardian","floor":21.0,"turns":5.0},{"damage":10.0,"enemies":"Gremlin Leader","floor":24.0,"turns":6.0},{"damage":4.0,"enemies":"Colosseum Slavers","floor":27.0,"turns":6.0},{"damage":13.0,"enemies":"Slavers","floor":29.0,"turns":4.0},{"damage":7.0,"enemies":"Snecko","floor":30.0,"turns":5.0},{"damage":36.0,"enemies":"Automaton","floor":33.0,"turns":8.0},{"damage":0.0,"enemies":"Orb Walker","floor":35.0,"turns":5.0},{"damage":0.0,"enemies":"3 Shapes","floor":36.0,"turns":4.0},{"damage":37.0,"enemies":"Transient","floor":39.0,"turns":5.0},{"damage":25.0,"enemies":"Sphere and 2 Shapes","floor":41.0,"turns":5.0},{"damage":41.0,"enemies":"Nemesis","floor":44.0,"turns":7.0},{"damage":26.0,"enemies":"2 Orb Walkers","floor":46.0,"turns":4.0},{"damage":14,"enemies":"Writhing Mass","floor":48,"turns":6},{"damage":30,"enemies":"Donu and Deca","floor":50,"turns":7}],"seed_played":"514282148724414993","potions_obtained":[{"floor":2.0,"key":"SteroidPotion"},{"floor":11.0,"key":"Poison Potion"},{"floor":14.0,"key":"Ancient Potion"}],"is_trial":false,"path_per_floor":["M","M","$","?","?","R","M","R","T","R","M","E","M","E","R","B",null,"M","?","$","M","?","R","E","R","T","?","?","E","M","?","R","B",null,"M","M","$","?","M","R","M","R","T","E","?","?","$","M","R","B",null],"character_chosen":"THE_SILENT","items_purchased":["PowerPotion","TwistedFunnel","Acrobatics"],"campfire_rested":2,"item_purchase_floors":[3,47,47],"current_hp_per_floor":[62,55,55,41,41,41,41,41,41,41,41,38,36,41,41,6,62,66,66,66,67,67,67,63,63,63,65,65,58,55,55,55,25,66,72,78,78,78,49,49,32,71,71,38,38,18,18,12,49,52],"gold":89,"neow_bonus":"RANDOM_COMMON_RELIC","is_prod":false,"is_daily":false,"chose_seed":false,"campfire_upgraded":8,"win_rate":0,"timestamp":1556168811,"path_taken":["M","M","$","?","?","R","M","R","T","R","M","E","?","E","R","BOSS","BOSS","M","?","$","M","?","R","E","R","T","?","?","E","?","?","R","BOSS","M","M","$","?","?","R","M","R","T","E","?","?","$","M","R","BOSS"],"build_version":"2019-01-23","purchased_purges":4,"victory":true,"max_hp_per_floor":[70,70,70,70,70,70,70,70,70,70,70,70,70,80,80,80,80,80,80,80,80,80,80,80,80,80,80,80,80,80,80,80,80,80,80,80,80,80,80,80,80,80,80,80,76,76,76,76,76,76],"card_choices":[{"not_picked":["Sucker Punch","Bane"],"picked":"Leg Sweep","floor":1.0},{"not_picked":["PiercingWail","Sucker Punch"],"picked":"Cloak And Dagger","floor":2.0},{"not_picked":["Escape Plan","Unload"],"picked":"Noxious Fumes","floor":7.0},{"not_picked":["Outmaneuver","Blur"],"picked":"Bane","floor":11.0},{"not_picked":["Masterful Stab","Riddle With Holes"],"picked":"Tactician","floor":12.0},{"not_picked":["Blade Dance","Dagger Spray"],"picked":"Noxious Fumes","floor":13.0},{"not_picked":["Riddle With Holes","Masterful Stab"],"picked":"Acrobatics","floor":14.0},{"not_picked":["After Image","Wraith Form v2"],"picked":"Grand Finale","floor":16.0},{"not_picked":["Dagger Spray","Dagger Throw"],"picked":"Bouncing Flask","floor":18.0},{"not_picked":["Cloak And Dagger","Deflect"],"picked":"Noxious Fumes","floor":21.0},{"not_picked":["Underhanded Strike","Cloak And Dagger","Choke"],"picked":"SKIP","floor":24.0},{"not_picked":["Skewer","Cloak And Dagger"],"picked":"Prepared","floor":29.0},{"not_picked":["Deadly Poison+1","Dodge and Roll"],"picked":"Corpse Explosion","floor":30.0},{"not_picked":["Bullet Time","Corpse Explosion"],"picked":"Burst","floor":33.0},{"not_picked":["Expertise","Dodge and Roll"],"picked":"Prepared","floor":35.0},{"not_picked":["Finisher","Choke"],"picked":"Noxious Fumes+1","floor":36.0},{"not_picked":["Deadly Poison","Endless Agony","Reflex"],"picked":"SKIP","floor":39.0},{"not_picked":["Accuracy","Setup","Dagger Throw"],"picked":"SKIP","floor":41.0},{"not_picked":["Riddle With Holes","Finisher","Venomology"],"picked":"SKIP","floor":44.0},{"not_picked":["Reflex","Flying Knee"],"picked":"Deflect+1","floor":46.0},{"not_picked":["Poisoned Stab+1","Accuracy"],"picked":"Deflect+1","floor":48},{"not_picked":["Flechettes","Dagger Spray"],"picked":"Footwork","floor":48}],"player_experience":694026,"relics_obtained":[{"floor":9.0,"key":"PreservedInsect"},{"floor":12.0,"key":"Bird Faced Urn"},{"floor":14.0,"key":"Pear"},{"floor":24.0,"key":"Oddly Smooth Stone"},{"floor":26.0,"key":"Regal Pillow"},{"floor":29.0,"key":"Bronze Scales"},{"floor":43.0,"key":"Pantograph"},{"floor":44.0,"key":"Mercury Hourglass"},{"floor":46.0,"key":"Prayer Wheel"}],"event_choices":[{"damage_healed":0.0,"max_hp_gain":0.0,"max_hp_loss":0.0,"gold_gain":0.0,"event_name":"Shining Light","player_choice":"Entered Light","floor":4.0,"gold_loss":0.0,"damage_taken":14.0,"cards_upgraded":["Defend_G","Cloak And Dagger"]},{"damage_healed":0.0,"max_hp_gain":0.0,"max_hp_loss":0.0,"gold_gain":100.0,"event_name":"Golden Shrine","player_choice":"Pray","floor":5.0,"gold_loss":0.0,"damage_taken":0.0},{"cards_removed":["Strike_G"],"damage_healed":0.0,"max_hp_gain":0.0,"max_hp_loss":0.0,"gold_gain":0.0,"event_name":"Back to Basics","player_choice":"Elegance","floor":19.0,"gold_loss":0.0,"damage_taken":0.0},{"damage_healed":0.0,"max_hp_gain":0.0,"max_hp_loss":0.0,"gold_gain":0.0,"event_name":"Cursed Tome","player_choice":"Ignored","floor":22.0,"gold_loss":0.0,"damage_taken":0.0},{"damage_healed":0.0,"max_hp_gain":0.0,"max_hp_loss":0.0,"gold_gain":0.0,"event_name":"Colosseum","player_choice":"Fight","floor":27.0,"gold_loss":0.0,"damage_taken":0.0},{"damage_healed":0.0,"max_hp_gain":0.0,"max_hp_loss":0.0,"gold_gain":0.0,"event_name":"Colosseum","player_choice":"Fled From Nobs","floor":27.0,"gold_loss":0.0,"damage_taken":0.0},{"damage_healed":0.0,"max_hp_gain":0.0,"max_hp_loss":0.0,"gold_gain":0.0,"cards_transformed":["Strike_G"],"event_name":"Transmorgrifier","player_choice":"Transformed","floor":28.0,"gold_loss":0.0,"damage_taken":0.0,"cards_obtained":["Die Die Die"]},{"damage_healed":0.0,"max_hp_gain":0.0,"max_hp_loss":0.0,"gold_gain":0.0,"event_name":"Accursed Blacksmith","player_choice":"Forge","floor":31.0,"gold_loss":0.0,"damage_taken":0.0,"cards_upgraded":["Corpse Explosion"]},{"damage_healed":0.0,"max_hp_gain":0.0,"max_hp_loss":0.0,"gold_gain":0.0,"event_name":"WeMeetAgain","player_choice":"Paid Gold","floor":38.0,"gold_loss":76.0,"damage_taken":0.0,"relics_obtained":["StoneCalendar"]},{"damage_healed":0.0,"max_hp_gain":0.0,"max_hp_loss":4.0,"gold_gain":0.0,"event_name":"Winding Halls","player_choice":"Max HP","floor":45.0,"gold_loss":0.0,"damage_taken":0.0},{"damage_healed":0.0,"max_hp_gain":0.0,"max_hp_loss":0.0,"gold_gain":0.0,"event_name":"Mysterious Sphere","player_choice":"Fight","floor":46.0,"gold_loss":0.0,"damage_taken":0.0}],"is_beta":false,"boss_relics":[{"not_picked":["Black Star","Philosopher\u0027s Stone"],"picked":"Sozu"},{"not_picked":["Eternal Feather","Busted Crown"],"picked":"Ring of the Serpent"}],"items_purged_floors":[3,20,37,47],"is_endless":false,"potions_floor_spawned":[2,11,14,24,27,29,36,39,41],"ascension_level":12}