{"gold_per_floor":[114,74,28,28,43,43,68,88,140,140,151,169,169,187,187,285,285,297,308,341,341,181,212,137,137,137,147,167,195,195,123,123,218,218,231,251,251,251,264,264,296,103,150,185,185,185,185,22,22,22],"floor_reached":50,"playtime":3278,"items_purged":[],"score":936,"play_id":"a2ea20b7-a156-42ae-9842-e729adc2758b","local_time":"20190302153431","is_ascension_mode":true,"campfire_choices":[{"data":"Go for the Eyes","floor":6,"key":"SMITH"},{"data":"Dualcast","floor":15,"key":"SMITH"},{"data":"Buffer","floor":25,"key":"SMITH"},{"data":"Creative AI","floor":32,"key":"SMITH"},{"floor":40,"key":"RECALL"},{"floor":47,"key":"REST"},{"floor":49,"key":"REST"}],"neow_cost":"NONE","seed_source_timestamp":695314089426200,"circlet_count":0,"master_deck":["Zap+1","Dualcast+1","Ball Lightning","Rip and Tear","Go for the Eyes+1","Cold Snap","Ball Lightning","Conserve Battery","Undo","Fission","Compile Driver","Amplify","Cold Snap","Beam Cell","Reboot","Genetic Algorithm","Ghostly","Ghostly","Ghostly","Ghostly","Ghostly","Buffer+1","Doom and Gloom","Creative AI+1","Defragment","Electrodynamics","Double Energy+1"],"relics":["Cracked Core","NeowsBlessing","Centennial Puzzle","Vajra","FaceOfCleric","Pandora\u0027s Box","Red Mask","Blue Candle","Pantograph","Art of War","Lantern","Fusion Hammer","Molten Egg 2","The Courier","Cables","Smiling Mask","Strange Spoon"],"potions_floor_usage":[16,28,29,29,41,41,41],"damage_taken":[{"damage":0,"enemies":"Cultist","floor":1,"turns":1},{"damage":0,"enemies":"Small Slimes","floor":5,"turns":1},{"damage":0,"enemies":"Lagavulin","floor":7,"turns":1},{"damage":5,"enemies":"2 Louse","floor":8,"turns":2},{"damage":7,"enemies":"Exordium Wildlife","floor":11,"turns":2},{"damage":0,"enemies":"3 Louse","floor":12,"turns":3},{"damage":3,"enemies":"Exordium Thugs","floor":14,"turns":3},{"damage":0,"enemies":"Slime Boss","floor":16,"turns":6},{"damage":0,"enemies":"Spheric Guardian","floor":18,"turns":3},{"damage":20,"enemies":"2 Thieves","floor":19,"turns":3},{"damage":21,"enemies":"Masked Bandits","floor":20,"turns":3},{"damage":9,"enemies":"Slavers","floor":23,"turns":9},{"damage":3,"enemies":"Chosen and Byrds","floor":27,"turns":4},{"damage":6,"enemies":"Snecko","floor":28,"turns":5},{"damage":3,"enemies":"Book of Stabbing","floor":29,"turns":5},{"damage":5,"enemies":"Champ","floor":33,"turns":13},{"damage":0,"enemies":"3 Shapes","floor":35,"turns":3},{"damage":0,"enemies":"Orb Walker","floor":36,"turns":4},{"damage":0,"enemies":"Writhing Mass","floor":39,"turns":9},{"damage":22,"enemies":"Giant Head","floor":41,"turns":10},{"damage":1,"enemies":"Reptomancer","floor":44,"turns":7},{"damage":61,"enemies":"Awakened One","floor":50,"turns":11}],"seed_played":"-7370601560741391696","potions_obtained":[{"floor":7,"key":"Regen Potion"},{"floor":8,"key":"SmokeBomb"},{"floor":11,"key":"AttackPotion"},{"floor":16,"key":"Block Potion"},{"floor":28,"key":"FocusPotion"},{"floor":29,"key":"Energy Potion"},{"floor":35,"key":"PowerPotion"},{"floor":39,"key":"GamblersBrew"},{"floor":44,"key":"SpeedPotion"}],"is_trial":false,"path_per_floor":["M","$","$","?","M","R","E","M","T","?","M","M","?","M","R","B",null,"M","M","?","?","$","E","?","R","T","M","M","E","T","$","R","B",null,"M","M","?","?","M","R","E","$","T","E","?","?","R","$","R","B"],"character_chosen":"DEFECT","items_purchased":["Rip and Tear","Go for the Eyes","Buffer","Doom and Gloom","Defragment","Cables","Strange Spoon"],"campfire_rested":2,"item_purchase_floors":[2,3,22,22,31,42,48],"current_hp_per_floor":[68,68,68,68,68,68,68,63,63,63,57,58,58,56,56,57,74,75,56,36,36,36,28,28,28,28,26,21,33,33,33,33,41,45,46,47,47,47,48,48,27,27,27,27,27,27,42,42,51,0],"gold":22,"neow_bonus":"THREE_ENEMY_KILL","is_prod":false,"is_daily":false,"chose_seed":false,"campfire_upgraded":4,"win_rate":0,"timestamp":1551558871,"path_taken":["M","?","$","?","M","R","E","M","T","?","M","?","?","M","R","BOSS","M","M","?","?","?","E","?","R","T","?","M","E","?","$","R","BOSS","M","M","?","?","?","R","E","$","T","E","?","?","R","?","R","BOSS"],"build_version":"2019-01-23","purchased_purges":0,"victory":false,"max_hp_per_floor":[75,75,75,75,75,75,75,75,75,75,76,77,77,78,78,79,79,80,81,82,41,41,42,42,42,42,43,44,45,45,45,45,46,46,47,48,48,48,49,49,50,50,50,51,51,51,51,51,51,51],"card_choices":[{"not_picked":["Stack","Compile Driver"],"picked":"Ball Lightning","floor":1},{"not_picked":["Double Energy","Force Field","Rebound"],"picked":"SKIP","floor":5},{"not_picked":["Skim","Steam Power"],"picked":"Cold Snap","floor":7},{"not_picked":["Hello World","Stack"],"picked":"Ball Lightning","floor":8},{"not_picked":["Machine Learning","Steam Power"],"picked":"Conserve Battery","floor":11},{"not_picked":["Redo","Sunder"],"picked":"Undo","floor":12},{"not_picked":["Tempest","Streamline","Rebound"],"picked":"SKIP","floor":14},{"not_picked":["Multi-Cast","Reboot"],"picked":"Fission","floor":16},{"not_picked":["Conserve Battery","Go for the Eyes","Turbo+1"],"picked":"SKIP","floor":18},{"not_picked":["Leap+1","Coolheaded","Skim"],"picked":"SKIP","floor":19},{"not_picked":["Tempest","Static Discharge","Compile Driver"],"picked":"SKIP","floor":23},{"not_picked":["Coolheaded","Melter","Hologram"],"picked":"SKIP","floor":27},{"not_picked":["Leap","Compile Driver"],"picked":"Creative AI","floor":28},{"not_picked":["Turbo","Steam","Scrape"],"picked":"SKIP","floor":29},{"not_picked":["Seek","Multi-Cast"],"picked":"Electrodynamics","floor":33},{"not_picked":["Leap","Streamline"],"picked":"Double Energy+1","floor":35},{"not_picked":["Hologram+1","BootSequence+1","Gash+1"],"picked":"SKIP","floor":36},{"not_picked":["Turbo","Beam Cell+1","Reinforced Body"],"picked":"SKIP","floor":39},{"not_picked":["Sweeping Beam+1","Steam+1","Lockon+1"],"picked":"SKIP","floor":41},{"not_picked":["Biased Cognition","Ball Lightning+1","Turbo"],"picked":"SKIP","floor":44}],"player_experience":507273,"relics_obtained":[{"floor":7,"key":"Centennial Puzzle"},{"floor":9,"key":"Vajra"},{"floor":20,"key":"Red Mask"},{"floor":23,"key":"Blue Candle"},{"floor":26,"key":"Pantograph"},{"floor":29,"key":"Art of War"},{"floor":30,"key":"Lantern"},{"floor":41,"key":"The Courier"},{"floor":44,"key":"Smiling Mask"}],"event_choices":[{"damage_healed":0,"gold_gain":0,"player_choice":"Grow","damage_taken":0,"max_hp_gain":0,"max_hp_loss":0,"event_name":"Living Wall","floor":4,"gold_loss":0,"cards_upgraded":["Zap"]},{"damage_healed":0,"gold_gain":0,"player_choice":"Trade","damage_taken":0,"relics_obtained":["FaceOfCleric"],"max_hp_gain":0,"max_hp_loss":0,"event_name":"FaceTrader","floor":10,"gold_loss":0},{"damage_healed":0,"gold_gain":0,"player_choice":"Ignored","damage_taken":0,"max_hp_gain":0,"max_hp_loss":0,"event_name":"Liars Game","floor":13,"gold_loss":0},{"damage_healed":0,"gold_gain":0,"player_choice":"Fought Bandits","damage_taken":0,"max_hp_gain":0,"max_hp_loss":0,"event_name":"Masked Bandits","floor":20,"gold_loss":0},{"damage_healed":0,"gold_gain":0,"player_choice":"Became a Ghost","damage_taken":0,"max_hp_gain":0,"max_hp_loss":41,"event_name":"Ghosts","floor":21,"gold_loss":0,"cards_obtained":["Ghostly","Ghostly","Ghostly","Ghostly","Ghostly"]},{"cards_removed":["Storm"],"damage_healed":0,"gold_gain":0,"player_choice":"Gave Gold","damage_taken":0,"max_hp_gain":0,"max_hp_loss":0,"event_name":"Beggar","floor":24,"gold_loss":75},{"damage_healed":0,"gold_gain":0,"player_choice":"Memory 1","damage_taken":0,"max_hp_gain":0,"max_hp_loss":0,"event_name":"SensoryStone","floor":37,"gold_loss":0},{"damage_healed":0,"gold_gain":0,"player_choice":"Gave Potion","damage_taken":0,"relics_obtained":["Molten Egg 2"],"max_hp_gain":0,"max_hp_loss":0,"event_name":"WeMeetAgain","floor":38,"gold_loss":0},{"cards_removed":["Steam Power"],"damage_healed":0,"gold_gain":0,"player_choice":"Removed Skill","damage_taken":0,"max_hp_gain":0,"max_hp_loss":0,"event_name":"Falling","floor":45,"gold_loss":0},{"damage_healed":0,"gold_gain":0,"player_choice":"Ignored","damage_taken":0,"max_hp_gain":0,"max_hp_loss":0,"event_name":"Mysterious Sphere","floor":46,"gold_loss":0}],"is_beta":false,"boss_relics":[{"not_picked":["White Beast Statue","Sozu"],"picked":"Pandora\u0027s Box"},{"not_picked":["Runic Dome","Velvet Choker"],"picked":"Fusion Hammer"}],"items_purged_floors":[],"is_endless":false,"potions_floor_spawned":[7,8,11,12,16,18,23,28,29,35,39,44],"killed_by":"Awakened One","ascension_level":9}