{"gold_per_floor":[117,117,28,47,67,102,102,135,158,193,212,212,225,150,150,229,229,244,244,260,41,58,58,75,110,183,183,203,203,238,188,188,188],"floor_reached":33,"playtime":3969,"items_purged":["Regret"],"score":538,"play_id":"35b33ebd-8d5c-4ce1-956e-4179888ce045","local_time":"20190414021245","is_ascension_mode":true,"campfire_choices":[{"floor":7,"key":"REST"},{"floor":12,"key":"REST"},{"data":"Armaments","floor":15,"key":"SMITH"},{"data":"Demon Form","floor":23,"key":"SMITH"},{"floor":32,"key":"REST"}],"neow_cost":"NONE","seed_source_timestamp":248234764486120,"circlet_count":0,"master_deck":["AscendersBane","Defend_R+1","Defend_R+1","Defend_R+1","Defend_R+1","Bash","Seeing Red","Anger","Armaments+1","Reckless Charge","Combust","Iron Wave","Thunderclap","True Grit","Headbutt","Demon Form+1","Rage","Inflame+1","Flame Barrier","Sword Boomerang","Bite","Bite","Bite","Bite+1","Bite"],"relics":["Burning Blood","MawBank","Juzu Bracelet","Pocketwatch","Boot","Thread and Needle","Busted Crown","Dream Catcher","Matryoshka","Red Mask"],"potions_floor_usage":[25],"damage_taken":[{"damage":3,"enemies":"2 Louse","floor":1,"turns":4},{"damage":7,"enemies":"Jaw Worm","floor":4,"turns":3},{"damage":3,"enemies":"Small Slimes","floor":5,"turns":2},{"damage":32,"enemies":"Lagavulin","floor":6,"turns":7},{"damage":15,"enemies":"3 Sentries","floor":8,"turns":7},{"damage":24,"enemies":"Lagavulin","floor":10,"turns":6},{"damage":17,"enemies":"Exordium Wildlife","floor":11,"turns":4},{"damage":0,"enemies":"Lots of Slimes","floor":13,"turns":3},{"damage":32,"enemies":"The Guardian","floor":16,"turns":13},{"damage":37,"enemies":"2 Thieves","floor":18,"turns":5},{"damage":4,"enemies":"Shell Parasite","floor":20,"turns":4},{"damage":13,"enemies":"Snecko","floor":22,"turns":5},{"damage":3,"enemies":"3 Cultists","floor":24,"turns":4},{"damage":31,"enemies":"Book of Stabbing","floor":25,"turns":5},{"damage":8,"enemies":"Shelled Parasite and Fungi","floor":28,"turns":6},{"damage":38,"enemies":"Masked Bandits","floor":30,"turns":5},{"damage":120,"enemies":"Automaton","floor":33,"turns":8}],"seed_played":"14317865638870704","potions_obtained":[{"floor":4,"key":"FairyPotion"},{"floor":8,"key":"Explosive Potion"},{"floor":11,"key":"Swift Potion"},{"floor":28,"key":"FairyPotion"}],"is_trial":false,"path_per_floor":["?","?","?","?","?","?","?"],"character_chosen":"IRONCLAD","items_purchased":["Armaments","Inflame","Flame Barrier","Sword Boomerang"],"campfire_rested":3,"item_purchase_floors":[3,21,21,21],"current_hp_per_floor":[71,71,71,70,73,47,69,60,60,42,31,53,59,59,59,33,65,34,49,51,51,44,44,47,22,22,22,20,20,14,14,29,0],"gold":188,"neow_bonus":"TRANSFORM_CARD","is_prod":false,"is_daily":false,"chose_seed":false,"campfire_upgraded":2,"win_rate":0,"timestamp":1555204365,"path_taken":["M","?","$","M","M","E","R","E","T","E","M","R","M","?","R","BOSS","M","?","M","$","M","R","M","E","T","?","M","?","?","?","R","BOSS"],"build_version":"2019-01-23","purchased_purges":1,"victory":false,"max_hp_per_floor":[75,75,75,75,75,75,75,75,75,75,75,75,75,75,75,75,75,75,75,75,75,75,75,75,75,75,75,75,52,52,52,52,52],"card_choices":[{"not_picked":["Body Slam","Pommel Strike"],"picked":"Anger","floor":1},{"not_picked":["Carnage","Disarm"],"picked":"Reckless Charge","floor":4},{"not_picked":["Clash","Heavy Blade"],"picked":"Combust","floor":5},{"not_picked":["Wild Strike","Heavy Blade"],"picked":"Iron Wave","floor":6},{"not_picked":["Perfected Strike","Searing Blow"],"picked":"Thunderclap","floor":8},{"not_picked":["Body Slam","Blood for Blood"],"picked":"True Grit","floor":10},{"not_picked":["Iron Wave","Reaper"],"picked":"Headbutt","floor":11},{"not_picked":["Thunderclap","Flex","Headbutt"],"picked":"SKIP","floor":13},{"not_picked":["Dark Embrace","Offering"],"picked":"Demon Form","floor":16},{"not_picked":[],"picked":"Rage","floor":18},{"not_picked":["Seeing Red"],"picked":"SKIP","floor":20},{"not_picked":["Sword Boomerang"],"picked":"SKIP","floor":22},{"not_picked":["Cleave"],"picked":"SKIP","floor":24},{"not_picked":["Sword Boomerang+1"],"picked":"SKIP","floor":25},{"not_picked":["Sever Soul"],"picked":"SKIP","floor":28}],"player_experience":619816,"relics_obtained":[{"floor":6,"key":"Juzu Bracelet"},{"floor":8,"key":"Pocketwatch"},{"floor":9,"key":"Boot"},{"floor":10,"key":"Thread and Needle"},{"floor":25,"key":"Dream Catcher"},{"floor":26,"key":"Matryoshka"},{"floor":30,"key":"Red Mask"}],"event_choices":[{"damage_healed":0,"gold_gain":0,"player_choice":"Box","damage_taken":0,"relics_obtained":["MawBank"],"max_hp_gain":0,"max_hp_loss":0,"event_name":"Big Fish","floor":2,"gold_loss":0,"cards_obtained":["Regret"]},{"cards_removed":["Strike_R"],"damage_healed":0,"gold_gain":0,"player_choice":"Card Removal","damage_taken":0,"max_hp_gain":0,"max_hp_loss":0,"event_name":"The Cleric","floor":14,"gold_loss":75},{"damage_healed":15,"gold_gain":0,"player_choice":"Heal","damage_taken":0,"max_hp_gain":0,"max_hp_loss":0,"event_name":"The Library","floor":19,"gold_loss":0},{"damage_healed":0,"gold_gain":0,"player_choice":"Simplicity","damage_taken":0,"max_hp_gain":0,"max_hp_loss":0,"event_name":"Back to Basics","floor":27,"gold_loss":0,"cards_upgraded":["Strike_R","Strike_R","Strike_R","Defend_R","Defend_R","Defend_R","Defend_R"]},{"damage_healed":0,"gold_gain":0,"player_choice":"Became a vampire","damage_taken":0,"max_hp_gain":0,"max_hp_loss":23,"event_name":"Vampires","floor":29,"gold_loss":0,"cards_obtained":["Bite","Bite","Bite","Bite","Bite"]},{"damage_healed":0,"gold_gain":0,"player_choice":"Fought Bandits","damage_taken":0,"max_hp_gain":0,"max_hp_loss":0,"event_name":"Masked Bandits","floor":30,"gold_loss":0},{"damage_healed":0,"gold_gain":0,"player_choice":"Upgraded Two","damage_taken":0,"max_hp_gain":0,"max_hp_loss":0,"event_name":"Designer","floor":31,"gold_loss":50,"cards_upgraded":["Inflame","Bite"]}],"is_beta":false,"boss_relics":[{"not_picked":["Lizard Tail","Eternal Feather"],"picked":"Busted Crown"}],"items_purged_floors":[3],"is_endless":false,"potions_floor_spawned":[4,8,10,11,13,22,24,28],"killed_by":"Automaton","ascension_level":16}