{"gold_per_floor":[119,119,294,75,75,102,137,162,162,197,216,235,250,268,268,372,372,384,250,250,267,282,308,308,320,371,371,385,385,385],"floor_reached":30,"playtime":1314,"items_purged":["Doubt","Melter"],"score":426,"play_id":"38172513-b1c7-4c57-9f35-07c07b57a372","local_time":"20181223222847","is_ascension_mode":true,"campfire_choices":[{"floor":15,"key":"REST"},{"data":"Echo Form","floor":24,"key":"SMITH"},{"data":"Double Energy","floor":27,"key":"SMITH"},{"data":"Multi-Cast","floor":29,"key":"SMITH"}],"neow_cost":"NONE","seed_source_timestamp":54051939048400,"circlet_count":0,"master_deck":["Strike_B+1","Strike_B","Strike_B+1","Strike_B","Defend_B","Defend_B","Defend_B","Defend_B","Zap","Dualcast","Capacitor","Multi-Cast+1","Undo","Coolheaded","Electrodynamics","Turbo","Hello World","Echo Form+1","Turbo","Double Energy+1","Pain","White Noise+1"],"relics":["Cracked Core","NeowsBlessing","WingedGreaves","Vajra","Meat on the Bone","Du-Vu Doll","Symbiotic Virus","Bag of Marbles","Sozu","WarpedTongs","Incense Burner","Whetstone"],"potions_floor_usage":[8,10,22,30],"damage_taken":[{"damage":0,"enemies":"2 Louse","floor":1,"turns":1},{"damage":0,"enemies":"3 Sentries","floor":6,"turns":1},{"damage":0,"enemies":"Lagavulin","floor":7,"turns":1},{"damage":10,"enemies":"Gremlin Nob","floor":8,"turns":3},{"damage":13,"enemies":"3 Sentries","floor":10,"turns":4},{"damage":0,"enemies":"Jaw Worm","floor":11,"turns":3},{"damage":0,"enemies":"Cultist","floor":12,"turns":3},{"damage":0,"enemies":"2 Fungi Beasts","floor":13,"turns":2},{"damage":13,"enemies":"Exordium Thugs","floor":14,"turns":4},{"damage":3,"enemies":"The Guardian","floor":16,"turns":6},{"damage":5,"enemies":"Chosen","floor":18,"turns":4},{"damage":17,"enemies":"Spheric Guardian","floor":21,"turns":4},{"damage":6,"enemies":"Cultist and Chosen","floor":22,"turns":5},{"damage":6,"enemies":"Gremlin Leader","floor":23,"turns":5},{"damage":6,"enemies":"3 Cultists","floor":25,"turns":4},{"damage":4,"enemies":"Snecko","floor":28,"turns":3},{"damage":43,"enemies":"Book of Stabbing","floor":30,"turns":5}],"seed_played":"-6698496942817236815","potions_obtained":[{"floor":1,"key":"Energy Potion"},{"floor":8,"key":"Explosive Potion"},{"floor":11,"key":"GamblersBrew"},{"floor":16,"key":"AttackPotion"}],"is_trial":false,"path_per_floor":["M","?","?","$","$","E","E","E","T","E","M","M","M","M","R","B",null,"M","$","?","M","M","E","R","M","T","R","M","R","E"],"character_chosen":"DEFECT","items_purchased":["Multi-Cast","Double Energy"],"campfire_rested":1,"item_purchase_floors":[4,19],"current_hp_per_floor":[75,63,63,63,63,63,63,53,53,40,40,40,40,39,61,58,75,70,70,70,53,47,41,41,47,47,47,43,43,0],"gold":385,"neow_bonus":"THREE_ENEMY_KILL","is_prod":false,"is_daily":false,"chose_seed":false,"campfire_upgraded":3,"win_rate":0,"timestamp":1545622127,"path_taken":["M","?","?","?","$","E","E","E","T","E","M","M","M","M","R","BOSS","M","$","?","M","M","E","R","?","T","R","M","R","E"],"build_version":"2018-12-20","purchased_purges":2,"victory":false,"max_hp_per_floor":[75,75,75,75,75,75,75,75,75,75,75,75,75,75,75,75,75,75,75,75,75,75,75,75,75,75,75,75,75,75],"card_choices":[{"not_picked":["Reinforced Body","Barrage"],"picked":"Capacitor","floor":1},{"not_picked":["Leap","Rebound"],"picked":"Undo","floor":6},{"not_picked":["Redo","Beam Cell"],"picked":"Coolheaded","floor":7},{"not_picked":["Reinforced Body","Aggregate"],"picked":"Electrodynamics","floor":8},{"not_picked":["Compile Driver","Skim"],"picked":"Turbo","floor":10},{"not_picked":["Redo","Go for the Eyes"],"picked":"Hello World","floor":11},{"not_picked":["Electrodynamics","Scrape","Compile Driver"],"picked":"SKIP","floor":12},{"not_picked":["Rip and Tear","Skim","Ball Lightning"],"picked":"SKIP","floor":13},{"not_picked":["Streamline","Beam Cell"],"picked":"Melter","floor":14},{"not_picked":["Core Surge","Thunder Strike"],"picked":"Echo Form","floor":16},{"not_picked":["Redo","Reprogram"],"picked":"Turbo","floor":18},{"not_picked":["Gash","Scrape","Barrage"],"picked":"SKIP","floor":21},{"not_picked":["Static Discharge+1","Barrage","Rip and Tear"],"picked":"SKIP","floor":22},{"not_picked":["Compile Driver","Steam"],"picked":"White Noise+1","floor":23},{"not_picked":["Cold Snap+1","Genetic Algorithm+1","Rebound"],"picked":"SKIP","floor":25},{"not_picked":["Redo","Streamline","Rebound"],"picked":"SKIP","floor":28}],"player_experience":331031,"relics_obtained":[{"floor":6,"key":"Vajra"},{"floor":7,"key":"Meat on the Bone"},{"floor":8,"key":"Du-Vu Doll"},{"floor":9,"key":"Symbiotic Virus"},{"floor":10,"key":"Bag of Marbles"},{"floor":23,"key":"Incense Burner"},{"floor":26,"key":"Whetstone"}],"event_choices":[{"damage_healed":0,"gold_gain":0,"player_choice":"Success","damage_taken":12,"relics_obtained":["WingedGreaves"],"max_hp_gain":0,"max_hp_loss":0,"event_name":"Scrap Ooze","floor":2,"gold_loss":0},{"damage_healed":0,"gold_gain":175,"player_choice":"AGREE","damage_taken":0,"max_hp_gain":0,"max_hp_loss":0,"event_name":"Liars Game","floor":3,"gold_loss":0,"cards_obtained":["Doubt"]},{"damage_healed":0,"gold_gain":0,"player_choice":"Rummage","damage_taken":0,"relics_obtained":["WarpedTongs"],"max_hp_gain":0,"max_hp_loss":0,"event_name":"Accursed Blacksmith","floor":20,"gold_loss":0,"cards_obtained":["Pain"]}],"is_beta":false,"boss_relics":[{"not_picked":["Velvet Choker","FrozenCore"],"picked":"Sozu"}],"items_purged_floors":[4,19],"is_endless":false,"potions_floor_spawned":[1,8,11,16,23,25,28],"killed_by":"Book of Stabbing","ascension_level":4}