{"gold_per_floor":[111,41,61,61,61,61,91,111,164,164,164,192,192,206,206,307,307,247,247,12,12,12,12,12,12,12,12,12,12,12,12,12,12,12,12,12,12,12,12,12,12,12,12,12,12,12,12,12,12,12],"floor_reached":51,"playtime":2469,"items_purged":[],"score":887,"play_id":"dad727a2-01d7-47e6-a3a8-1258f42a917a","local_time":"20190202201704","is_ascension_mode":true,"campfire_choices":[{"data":"Footwork","floor":6.0,"key":"SMITH"},{"data":"Dagger Spray","floor":10.0,"key":"SMITH"},{"data":"Bouncing Flask","floor":13.0,"key":"SMITH"},{"floor":15.0,"key":"REST"},{"data":"A Thousand Cuts","floor":23.0,"key":"SMITH"},{"floor":29.0,"key":"REST"},{"floor":32.0,"key":"REST"},{"data":"Adrenaline","floor":41,"key":"SMITH"},{"data":"1","floor":45,"key":"LIFT"},{"floor":47,"key":"REST"},{"data":"2","floor":49,"key":"LIFT"}],"neow_cost":"NONE","seed_source_timestamp":2738355978800,"circlet_count":0,"master_deck":["Defend_G","Defend_G","Defend_G","Defend_G","Defend_G","Strike_G","Strike_G","Strike_G","Survivor","Deadly Poison","Backflip","Footwork+1","Heel Hook","Slice","Dagger Spray+1","Bouncing Flask+1","Footwork","Corpse Explosion","Bouncing Flask+1","A Thousand Cuts+1","PiercingWail+1","Footwork","Crippling Poison","Adrenaline+1","Calculated Gamble+1","Acrobatics+1","Backflip+1","Dash","PiercingWail+1"],"special_seed":0,"relics":["Ring of the Snake","Vajra","Mercury Hourglass","Centennial Puzzle","Bottled Lightning","Ectoplasm","Bronze Scales","Snake Skull","Shuriken","Pen Nib","Snecko Eye","Girya","Happy Flower","Ornamental Fan","Potion Belt"],"potions_floor_usage":[38,42,42],"damage_taken":[{"damage":0.0,"enemies":"Cultist","floor":1.0,"turns":4.0},{"damage":2.0,"enemies":"Jaw Worm","floor":3.0,"turns":4.0},{"damage":1.0,"enemies":"Lagavulin","floor":7.0,"turns":8.0},{"damage":0.0,"enemies":"2 Louse","floor":8.0,"turns":2.0},{"damage":5.0,"enemies":"Gremlin Nob","floor":12.0,"turns":3.0},{"damage":6.0,"enemies":"Looter","floor":14.0,"turns":2.0},{"damage":2.0,"enemies":"Hexaghost","floor":16.0,"turns":8.0},{"damage":11.0,"enemies":"2 Thieves","floor":18.0,"turns":3.0},{"damage":0.0,"enemies":"Spheric Guardian","floor":19.0,"turns":2.0},{"damage":5.0,"enemies":"Snake Plant","floor":21.0,"turns":4.0},{"damage":12.0,"enemies":"Slavers","floor":24.0,"turns":3.0},{"damage":21.0,"enemies":"Sentry and Sphere","floor":25.0,"turns":4.0},{"damage":1.0,"enemies":"Centurion and Healer","floor":27.0,"turns":5.0},{"damage":10.0,"enemies":"3 Cultists","floor":28.0,"turns":4.0},{"damage":10.0,"enemies":"Gremlin Leader","floor":31.0,"turns":5.0},{"damage":29.0,"enemies":"Collector","floor":33.0,"turns":8.0},{"damage":2.0,"enemies":"3 Darklings","floor":35.0,"turns":3.0},{"damage":4,"enemies":"Orb Walker","floor":36,"turns":3},{"damage":0,"enemies":"Transient","floor":37,"turns":5},{"damage":0,"enemies":"Mind Bloom Boss Battle","floor":38,"turns":6},{"damage":11,"enemies":"Giant Head","floor":40,"turns":6},{"damage":47,"enemies":"Reptomancer","floor":42,"turns":5},{"damage":27,"enemies":"Maw","floor":46,"turns":6},{"damage":42,"enemies":"Awakened One","floor":50,"turns":12}],"seed_played":"-8392840568537733020","potions_obtained":[{"floor":1.0,"key":"Energy Potion"},{"floor":12.0,"key":"EntropicBrew"},{"floor":16.0,"key":"Ancient Potion"},{"floor":19.0,"key":"GhostInAJar"},{"floor":24.0,"key":"SkillPotion"},{"floor":27.0,"key":"SpeedPotion"},{"floor":31.0,"key":"Explosive Potion"},{"floor":35.0,"key":"FearPotion"},{"floor":40,"key":"Explosive Potion"},{"floor":42,"key":"Poison Potion"}],"is_trial":false,"path_per_floor":["M","$","M","?","?","R","E","M","T","R","?","E","R","M","R","B",null,"M","M","$","M","$","R","E","M","T","M","M","R","?","E","R","B",null,"M","M","M","?","?","E","R","E","T","?","R","M","R","$","R","B",null],"character_chosen":"THE_SILENT","items_purchased":["Footwork","A Thousand Cuts","Bronze Scales"],"campfire_rested":4,"item_purchase_floors":[2,20,20],"current_hp_per_floor":[70,70,68,35,35,35,34,34,34,34,34,29,29,23,44,42,70,59,59,59,54,54,54,42,21,21,20,10,31,31,21,42,13,70,68,64,64,64,64,53,53,6,6,61,61,34,52,52,52,10],"gold":12,"neow_bonus":"TRANSFORM_CARD","is_prod":false,"is_daily":false,"chose_seed":false,"campfire_upgraded":5,"win_rate":0,"timestamp":1549156624,"path_taken":["M","$","M","?","?","R","E","M","T","R","?","E","R","M","R","BOSS","M","M","$","M","$","R","E","M","T","M","M","R","?","E","R","BOSS","M","M","M","?","?","E","R","E","T","?","R","M","R","?","R","BOSS"],"build_version":"2019-01-23","purchased_purges":0,"victory":true,"max_hp_per_floor":[70,70,70,70,70,70,70,70,70,70,70,70,70,70,70,70,70,70,70,70,70,70,70,70,70,70,70,70,70,70,70,70,70,70,70,70,70,70,70,70,70,70,70,61,61,61,61,61,61,61],"card_choices":[{"not_picked":["Predator","Riddle With Holes"],"picked":"Backflip","floor":1.0},{"not_picked":["Underhanded Strike","Predator"],"picked":"Heel Hook","floor":3.0},{"not_picked":["Acrobatics","Masterful Stab"],"picked":"Slice","floor":7.0},{"not_picked":["Outmaneuver","Predator"],"picked":"Dagger Spray","floor":8.0},{"not_picked":["Venomology","Cloak And Dagger"],"picked":"Bouncing Flask","floor":12.0},{"not_picked":["Calculated Gamble","Deflect"],"picked":"Footwork","floor":14.0},{"not_picked":["Wraith Form v2","Tools of the Trade"],"picked":"Corpse Explosion","floor":16.0},{"not_picked":["Acrobatics","Backstab"],"picked":"Bouncing Flask+1","floor":18.0},{"not_picked":["Dagger Spray","Choke","Setup+1"],"picked":"SKIP","floor":19.0},{"not_picked":["Prepared","All Out Attack"],"picked":"PiercingWail+1","floor":21.0},{"not_picked":["Finisher","Cloak And Dagger","Acrobatics"],"picked":"SKIP","floor":24.0},{"not_picked":["Blade Dance+1","Deadly Poison"],"picked":"Footwork","floor":25.0},{"not_picked":["Riddle With Holes","Setup","Acrobatics"],"picked":"SKIP","floor":27.0},{"not_picked":["Outmaneuver+1","Quick Slash+1"],"picked":"Crippling Poison","floor":28.0},{"not_picked":["Poisoned Stab+1","Endless Agony+1","Slice"],"picked":"SKIP","floor":31.0},{"not_picked":["Envenom","Night Terror"],"picked":"Adrenaline","floor":33.0},{"not_picked":["Slice+1","Bane"],"picked":"Calculated Gamble+1","floor":35.0},{"not_picked":["Deadly Poison+1","Escape Plan"],"picked":"Acrobatics+1","floor":36},{"not_picked":["Bane","Dagger Throw"],"picked":"Backflip+1","floor":37},{"not_picked":["Dagger Throw+1","Dodge and Roll+1"],"picked":"Dash","floor":38},{"not_picked":["Dodge and Roll","Dagger Spray"],"picked":"PiercingWail+1","floor":40},{"not_picked":["PiercingWail","Prepared","Acrobatics"],"picked":"SKIP","floor":42},{"not_picked":["Dash","Deadly Poison","Backstab"],"picked":"SKIP","floor":46}],"player_experience":354175,"relics_obtained":[{"floor":7.0,"key":"Mercury Hourglass"},{"floor":9.0,"key":"Centennial Puzzle"},{"floor":12.0,"key":"Bottled Lightning"},{"floor":24.0,"key":"Snake Skull"},{"floor":26.0,"key":"Shuriken"},{"floor":31.0,"key":"Pen Nib"},{"floor":38,"key":"Girya"},{"floor":40,"key":"Happy Flower"},{"floor":42,"key":"Ornamental Fan"},{"floor":43,"key":"Potion Belt"}],"event_choices":[{"damage_healed":0.0,"max_hp_gain":0.0,"max_hp_loss":0.0,"gold_gain":0.0,"event_name":"Scrap Ooze","player_choice":"Success","floor":4.0,"gold_loss":0.0,"damage_taken":33.0,"relics_obtained":["Vajra"]},{"damage_healed":0.0,"max_hp_gain":0.0,"max_hp_loss":0.0,"gold_gain":0.0,"event_name":"Living Wall","player_choice":"Grow","floor":5.0,"gold_loss":0.0,"damage_taken":0.0,"cards_upgraded":["Neutralize"]},{"damage_healed":0.0,"max_hp_gain":0.0,"max_hp_loss":0.0,"gold_gain":0.0,"event_name":"Liars Game","player_choice":"Ignored","floor":11.0,"gold_loss":0.0,"damage_taken":0.0},{"cards_removed":["Strike_G"],"damage_healed":0.0,"max_hp_gain":0.0,"max_hp_loss":0.0,"gold_gain":0.0,"event_name":"Wheel of Change","player_choice":"Card Removal","floor":30.0,"gold_loss":0.0,"damage_taken":0.0},{"damage_healed":0,"gold_gain":0,"player_choice":"Fight","damage_taken":0,"max_hp_gain":0,"max_hp_loss":0,"event_name":"MindBloom","floor":38,"gold_loss":0},{"cards_removed":["Neutralize"],"damage_healed":0,"gold_gain":0,"player_choice":"Removed Attack","damage_taken":0,"max_hp_gain":0,"max_hp_loss":0,"event_name":"Falling","floor":39,"gold_loss":0},{"damage_healed":61,"gold_gain":0,"player_choice":"Heal","damage_taken":0,"max_hp_gain":0,"max_hp_loss":9,"event_name":"The Moai Head","floor":44,"gold_loss":0}],"is_beta":false,"boss_relics":[{"not_picked":["Eternal Feather","Coffee Dripper"],"picked":"Ectoplasm"},{"not_picked":["HoveringKite","WristBlade"],"picked":"Snecko Eye"}],"items_purged_floors":[],"is_endless":false,"potions_floor_spawned":[1,12,16,19,24,27,31,35,40,42],"ascension_level":3}