{"gold_per_floor":[109,123,140,140,150,150,179,179,179,179,197,226,226,226,226,331,331,345,363,363,278,43,43,43],"floor_reached":24,"playtime":1662,"items_purged":["Strike_B"],"score":296,"play_id":"89dc6213-381a-4134-a30c-868a7d927252","local_time":"20190419145536","is_ascension_mode":true,"campfire_choices":[{"data":"All For One","floor":6,"key":"SMITH"},{"data":"Beam Cell","floor":8,"key":"SMITH"},{"data":"Leap","floor":10,"key":"SMITH"},{"floor":15,"key":"REST"},{"floor":23,"key":"REST"}],"neow_cost":"NONE","seed_source_timestamp":145492442786325,"circlet_count":0,"master_deck":["Strike_B","Strike_B","Strike_B","Defend_B","Defend_B","Defend_B","Defend_B","Zap+1","Dualcast","Rebound","Leap+1","Beam Cell+1","All For One+1","Turbo","Gash","Conserve Battery","Creative AI","Undo","Coolheaded+1","Loop","Mind Blast"],"relics":["Cracked Core","Pen Nib","Dodecahedron","Ginger","Nunchaku","Snecko Eye","Darkstone Periapt"],"potions_floor_usage":[16],"damage_taken":[{"damage":0,"enemies":"Cultist","floor":1,"turns":3},{"damage":2,"enemies":"Jaw Worm","floor":2,"turns":3},{"damage":0,"enemies":"2 Louse","floor":3,"turns":2},{"damage":2,"enemies":"Looter","floor":5,"turns":3},{"damage":24,"enemies":"Gremlin Nob","floor":7,"turns":4},{"damage":2,"enemies":"Exordium Thugs","floor":11,"turns":4},{"damage":25,"enemies":"3 Sentries","floor":12,"turns":5},{"damage":30,"enemies":"The Guardian","floor":16,"turns":11},{"damage":14,"enemies":"Spheric Guardian","floor":18,"turns":4},{"damage":37,"enemies":"3 Byrds","floor":19,"turns":7},{"damage":34,"enemies":"Book of Stabbing","floor":24,"turns":4}],"seed_played":"-8057342386810915818","potions_obtained":[{"floor":2,"key":"FearPotion"},{"floor":11,"key":"FairyPotion"},{"floor":14,"key":"Regen Potion"},{"floor":14,"key":"GamblersBrew"},{"floor":16,"key":"SpeedPotion"}],"is_trial":false,"path_per_floor":["M","?","M","?","?","?","?"],"character_chosen":"DEFECT","items_purchased":["Loop","Mind Blast"],"campfire_rested":2,"item_purchase_floors":[22,22],"current_hp_per_floor":[68,66,66,66,64,64,40,40,40,40,38,13,13,13,35,20,61,47,10,10,10,10,32,0],"gold":43,"neow_bonus":"RANDOM_COMMON_RELIC","is_prod":false,"is_daily":false,"chose_seed":false,"campfire_upgraded":3,"win_rate":0,"timestamp":1555682136,"path_taken":["M","?","M","?","?","R","E","R","T","R","M","E","?","?","R","BOSS","M","M","?","?","$","R","E"],"build_version":"2019-01-23","purchased_purges":1,"victory":false,"max_hp_per_floor":[75,75,75,75,75,75,75,75,75,75,75,75,75,75,75,75,75,75,75,75,75,75,75,75],"card_choices":[{"not_picked":["Turbo","Compile Driver"],"picked":"Rebound","floor":1},{"not_picked":["Steam","Stack"],"picked":"Leap","floor":2},{"not_picked":["Skim","Double Energy"],"picked":"Beam Cell","floor":3},{"not_picked":["Barrage","Leap"],"picked":"All For One","floor":5},{"not_picked":["Aggregate","Core Surge"],"picked":"Turbo","floor":7},{"not_picked":["Stack","Conserve Battery"],"picked":"Gash","floor":11},{"not_picked":["Rebound","Scrape"],"picked":"Conserve Battery","floor":12},{"not_picked":["All For One","Machine Learning"],"picked":"Creative AI","floor":16},{"not_picked":["Rebound+1","Chaos"],"picked":"Undo","floor":18},{"not_picked":["Undo","Conserve Battery+1"],"picked":"Coolheaded+1","floor":19}],"player_experience":632728,"relics_obtained":[{"floor":7,"key":"Dodecahedron"},{"floor":9,"key":"Ginger"},{"floor":12,"key":"Nunchaku"}],"event_choices":[{"damage_healed":0,"gold_gain":0,"player_choice":"Upgraded","damage_taken":0,"max_hp_gain":0,"max_hp_loss":0,"event_name":"Upgrade Shrine","floor":4,"gold_loss":0,"cards_upgraded":["Zap"]},{"damage_healed":0,"gold_gain":0,"player_choice":"Ignored","damage_taken":0,"max_hp_gain":0,"max_hp_loss":0,"event_name":"Liars Game","floor":13,"gold_loss":0},{"damage_healed":0,"gold_gain":0,"player_choice":"Got Potions","damage_taken":0,"max_hp_gain":0,"max_hp_loss":0,"event_name":"Lab","floor":14,"gold_loss":0},{"damage_healed":0,"gold_gain":0,"player_choice":"Ignored","damage_taken":0,"max_hp_gain":0,"max_hp_loss":0,"event_name":"Cursed Tome","floor":20,"gold_loss":0},{"damage_healed":0,"gold_gain":0,"player_choice":"Obtained Relic","damage_taken":0,"relics_obtained":["Darkstone Periapt"],"max_hp_gain":0,"max_hp_loss":0,"event_name":"Addict","floor":21,"gold_loss":85}],"is_beta":false,"boss_relics":[{"not_picked":["Tiny House","Coffee Dripper"],"picked":"Snecko Eye"}],"items_purged_floors":[22],"is_endless":false,"potions_floor_spawned":[2,11,16,19],"killed_by":"Book of Stabbing","ascension_level":9}