{"gold_per_floor":[113,113,263,278,12,12,46,46,71,71,71,71,88,99,99,172,172,184,17,29,29,29,29,57,57,57,57],"floor_reached":27,"playtime":1824,"items_purged":["Doubt"],"score":454,"play_id":"8529a245-4745-4524-8f48-b692fc8afbe5","local_time":"20190417225642","is_ascension_mode":true,"campfire_choices":[{"data":"Defragment","floor":6.0,"key":"SMITH"},{"data":"Self Repair","floor":8.0,"key":"SMITH"},{"data":"BootSequence","floor":10.0,"key":"SMITH"},{"data":"White Noise","floor":15.0,"key":"SMITH"},{"data":"Leap","floor":23,"key":"SMITH"},{"floor":25,"key":"REST"}],"neow_cost":"NONE","seed_source_timestamp":28464207156390,"circlet_count":0,"master_deck":["AscendersBane","Strike_B","Strike_B","Strike_B","Defend_B","Defend_B","Defend_B","Defend_B","Zap+1","Dualcast","BootSequence+1","Self Repair+1","Defragment+1","Leap+1","Cold Snap","Hologram","White Noise+1","Creative AI+1","Gash","Gash","Parasite"],"special_seed":0,"relics":["Cracked Core","Bag of Marbles","Bottled Lightning","Orichalcum","Cursed Key","Juzu Bracelet","Ancient Tea Set","Pantograph"],"potions_floor_usage":[24,27],"damage_taken":[{"damage":6.0,"enemies":"2 Louse","floor":1.0,"turns":2.0},{"damage":10.0,"enemies":"Small Slimes","floor":4.0,"turns":4.0},{"damage":29.0,"enemies":"3 Sentries","floor":7.0,"turns":9.0},{"damage":2.0,"enemies":"Jaw Worm","floor":13.0,"turns":3.0},{"damage":21.0,"enemies":"Large Slime","floor":14.0,"turns":5.0},{"damage":11.0,"enemies":"The Guardian","floor":16.0,"turns":18.0},{"damage":24,"enemies":"2 Thieves","floor":18,"turns":5},{"damage":16,"enemies":"Shell Parasite","floor":20,"turns":5},{"damage":41,"enemies":"Gremlin Leader","floor":24,"turns":8},{"damage":39,"enemies":"Book of Stabbing","floor":27,"turns":7}],"seed_played":"4661030056339737691","potions_obtained":[{"floor":4.0,"key":"Strength Potion"},{"floor":7.0,"key":"FearPotion"},{"floor":13.0,"key":"Dexterity Potion"},{"floor":20,"key":"SkillPotion"},{"floor":24,"key":"Block Potion"}],"is_trial":false,"path_per_floor":["M","?","?","M","$","R","E","R","T","R","$","?","M","M","R","B",null,"M","$","M","?","?","R","E","R","T","E"],"character_chosen":"DEFECT","items_purchased":["Defragment","Leap","Cold Snap","Juzu Bracelet"],"campfire_rested":1,"item_purchase_floors":[5,5,5,19],"current_hp_per_floor":[58,58,58,48,48,48,26,26,26,26,26,26,34,23,23,22,59,55,55,49,49,49,49,18,39,39,0],"gold":57,"neow_bonus":"RANDOM_COMMON_RELIC","is_prod":false,"is_daily":false,"chose_seed":false,"campfire_upgraded":5,"win_rate":0,"timestamp":1555534602,"path_taken":["M","?","?","M","$","R","E","R","T","R","?","?","M","M","R","BOSS","M","$","M","?","?","R","E","R","T","E"],"build_version":"2019-04-04","purchased_purges":1,"victory":false,"max_hp_per_floor":[71,71,71,71,71,71,71,71,71,71,71,71,71,71,71,71,71,71,71,71,71,71,71,71,71,71,71],"card_choices":[{"not_picked":["Turbo","Blizzard"],"picked":"BootSequence","floor":1.0},{"not_picked":["Streamline","Ball Lightning"],"picked":"Self Repair","floor":4.0},{"not_picked":["Go for the Eyes","Self Repair"],"picked":"Hologram","floor":7.0},{"not_picked":["Streamline","Darkness"],"picked":"White Noise","floor":13.0},{"not_picked":["Sweeping Beam","Tempest","Scrape"],"picked":"SKIP","floor":14.0},{"not_picked":["Amplify","Machine Learning"],"picked":"Creative AI","floor":16.0},{"not_picked":["Sweeping Beam","Lockon"],"picked":"Gash","floor":18},{"not_picked":["Sweeping Beam+1","Redo"],"picked":"Gash","floor":20},{"not_picked":["Turbo","Recycle","Storm"],"picked":"SKIP","floor":24}],"player_experience":1153182,"relics_obtained":[{"floor":7.0,"key":"Bottled Lightning"},{"floor":9.0,"key":"Orichalcum"},{"floor":24,"key":"Ancient Tea Set"},{"floor":26,"key":"Pantograph"}],"event_choices":[{"damage_healed":0.0,"max_hp_gain":0.0,"max_hp_loss":0.0,"gold_gain":0.0,"event_name":"Living Wall","player_choice":"Grow","floor":2.0,"gold_loss":0.0,"damage_taken":0.0,"cards_upgraded":["Zap"]},{"damage_healed":0.0,"max_hp_gain":0.0,"max_hp_loss":0.0,"gold_gain":150.0,"event_name":"Liars Game","player_choice":"AGREE","floor":3.0,"gold_loss":0.0,"damage_taken":0.0,"cards_obtained":["Doubt"]},{"cards_removed":["Strike_B"],"damage_healed":0.0,"max_hp_gain":0.0,"max_hp_loss":0.0,"gold_gain":0.0,"event_name":"Purifier","player_choice":"Purged","floor":12.0,"gold_loss":0.0,"damage_taken":0.0},{"damage_healed":0,"gold_gain":0,"player_choice":"Ignored","damage_taken":0,"max_hp_gain":0,"max_hp_loss":0,"event_name":"Beggar","floor":21,"gold_loss":0},{"damage_healed":0,"gold_gain":0,"player_choice":"Forge","damage_taken":0,"max_hp_gain":0,"max_hp_loss":0,"event_name":"Accursed Blacksmith","floor":22,"gold_loss":0,"cards_upgraded":["Creative AI"]}],"is_beta":true,"boss_relics":[{"not_picked":["Eternal Feather","Pandora\u0027s Box"],"picked":"Cursed Key"}],"items_purged_floors":[5],"is_endless":false,"potions_floor_spawned":[4,7,13,20,24],"killed_by":"Book of Stabbing","ascension_level":20}