{"path_per_floor":["M","M","M","M","M","R","M","?","T","M","M","?","M","M","R","B",null,"M","M"],"character_chosen":"DEFECT","items_purchased":[],"gold_per_floor":[117,135,155,167,185,185,197,197,222,242,259,259,273,285,285,390,390,406,380,380],"floor_reached":20,"campfire_rested":0,"playtime":1209,"current_hp_per_floor":[75,70,64,58,56,56,53,38,38,33,35,60,54,61,61,38,75,60,70,0],"items_purged":[],"gold":380,"score":174,"play_id":"d5d8d8a3-bc0c-48f7-bb03-da7e3dea1962","local_time":"20180502163503","is_prod":false,"is_daily":false,"chose_seed":false,"is_ascension_mode":false,"campfire_upgraded":2,"timestamp":1525293303,"path_taken":["M","M","M","M","M","R","M","?","T","M","M","?","M","M","R","BOSS","M","M","M"],"build_version":"2018-05-01v2","seed_source_timestamp":279027141510436,"purchased_purges":0,"victory":false,"master_deck":["Strike_B","Strike_B","Strike_B","Defend_B","Defend_B+1","Defend_B","Defend_B","Zap","Dualcast","Blaster+1","Ball Lightning","Cold Snap","Genetic Algorithm+1","Melter","Lockon","Sunder","Self Repair+1","Defragment","Coolheaded","Amplify","Defragment"],"max_hp_per_floor":[75,75,75,75,75,75,75,75,75,75,75,75,75,75,75,75,75,75,75,75],"relics":["Cracked Core","Regal Pillow","Runic Pyramid"],"card_choices":[{"not_picked":["Impulse","Axe Kick"],"picked":"Ball Lightning","floor":1},{"not_picked":["Beam Cell","Streamline"],"picked":"Cold Snap","floor":2},{"not_picked":["Rebound","Capacitor"],"picked":"Genetic Algorithm","floor":3},{"not_picked":["Rebound","Beam Cell"],"picked":"Melter","floor":4},{"not_picked":["Blizzard","Hologram"],"picked":"Lockon","floor":5},{"not_picked":["Beam Cell","Heatsinks"],"picked":"Sunder","floor":7},{"not_picked":["Coolheaded","Go for the Eyes"],"picked":"Self Repair","floor":10},{"not_picked":["Sweeping Beam","Go for the Eyes"],"picked":"Defragment","floor":11},{"not_picked":["Prime","Storm"],"picked":"Coolheaded","floor":13},{"not_picked":["Fusion","Meteor Strike"],"picked":"Amplify","floor":16},{"not_picked":["Reprogram","Streamline"],"picked":"Defragment","floor":18}],"player_experience":186085,"potions_floor_usage":[16,16,16,19],"damage_taken":[{"damage":0,"enemies":"2 Louse","floor":1,"turns":2},{"damage":5,"enemies":"Small Slimes","floor":2,"turns":2},{"damage":6,"enemies":"Jaw Worm","floor":3,"turns":2},{"damage":6,"enemies":"2 Fungi Beasts","floor":4,"turns":3},{"damage":2,"enemies":"Exordium Wildlife","floor":5,"turns":3},{"damage":3,"enemies":"Looter","floor":7,"turns":3},{"damage":5,"enemies":"Large Slime","floor":10,"turns":4},{"damage":5,"enemies":"Exordium Wildlife","floor":11,"turns":4},{"damage":13,"enemies":"Red Slaver","floor":13,"turns":4},{"damage":0,"enemies":"Looter","floor":14,"turns":4},{"damage":33,"enemies":"The Guardian","floor":16,"turns":12},{"damage":35,"enemies":"3 Byrds","floor":18,"turns":6},{"damage":10,"enemies":"2 Thieves","floor":19,"turns":5},{"damage":86,"enemies":"3 Cultists","floor":20,"turns":6}],"event_choices":[{"event_name":"Shining Light","player_choice":"Entered Light","floor":8,"damage_taken":0},{"event_name":"Big Fish","player_choice":"Banana","floor":12,"damage_taken":0}],"boss_relics":[{"not_picked":["Astrolabe","Calling Bell"],"picked":"Runic Pyramid"}],"potions_floor_spawned":[2,3,4,5,10,16],"seed_played":"5915837438521909390","killed_by":"3 Cultists","ascension_level":0,"is_trial":false}