{"gold_per_floor":[114,124,89,164,176,156,184,184,184,196,208,240,252],"floor_reached":13,"playtime":313,"items_purged":[],"score":112,"play_id":"791d720d-60cf-49b0-a075-8ac444b88540","local_time":"20190212013229","is_ascension_mode":true,"campfire_choices":[{"floor":8,"key":"REST"},{"data":"White Noise","floor":10,"key":"SMITH"}],"neow_cost":"NONE","seed_source_timestamp":17641810426200,"circlet_count":0,"master_deck":["Strike_B","Strike_B","Strike_B","Defend_B","Defend_B","Defend_B","Defend_B","Zap+1","Dualcast","Hologram","White Noise+1","Darkness","Sweeping Beam","Ball Lightning"],"relics":["Cracked Core","Question Card","Mummified Hand","MawBank"],"potions_floor_usage":[7],"damage_taken":[{"damage":2,"enemies":"Jaw Worm","floor":1,"turns":4},{"damage":13,"enemies":"2 Louse","floor":2,"turns":3},{"damage":0,"enemies":"Small Slimes","floor":5,"turns":4},{"damage":59,"enemies":"Gremlin Nob","floor":7,"turns":5},{"damage":9,"enemies":"2 Fungi Beasts","floor":12,"turns":4},{"damage":25,"enemies":"Lagavulin","floor":13,"turns":3}],"seed_played":"8648101436830256931","potions_obtained":[{"floor":1,"key":"Energy Potion"},{"floor":12,"key":"Explosive Potion"}],"is_trial":false,"path_per_floor":["M","M","?","T","M","?","E","R","T","R","?","M","E"],"character_chosen":"DEFECT","items_purchased":[],"campfire_rested":1,"item_purchase_floors":[],"current_hp_per_floor":[66,53,71,71,71,71,12,34,34,34,34,25,0],"gold":252,"neow_bonus":"TRANSFORM_CARD","is_prod":false,"is_daily":false,"chose_seed":false,"campfire_upgraded":1,"win_rate":0,"timestamp":1549953149,"path_taken":["M","M","?","?","M","?","E","R","T","R","?","M","E"],"build_version":"2019-01-23","purchased_purges":0,"victory":false,"max_hp_per_floor":[75,75,75,75,75,75,75,75,75,75,75,75,75],"card_choices":[{"not_picked":["Leap","Barrage"],"picked":"White Noise","floor":1},{"not_picked":["Leap","Hologram"],"picked":"Darkness","floor":2},{"not_picked":["Ball Lightning","Consume","Go for the Eyes"],"picked":"Sweeping Beam","floor":5},{"not_picked":["Gash","Turbo","All For One"],"picked":"Ball Lightning","floor":7},{"not_picked":["Scrape","Redo","Genetic Algorithm","Chill"],"picked":"SKIP","floor":12}],"player_experience":443400,"relics_obtained":[{"floor":4,"key":"Question Card"},{"floor":7,"key":"Mummified Hand"},{"floor":9,"key":"MawBank"}],"event_choices":[{"damage_healed":18,"gold_gain":0,"player_choice":"Healed","damage_taken":0,"max_hp_gain":0,"max_hp_loss":0,"event_name":"The Cleric","floor":3,"gold_loss":35},{"damage_healed":0,"gold_gain":0,"player_choice":"Left Gold","damage_taken":0,"max_hp_gain":0,"max_hp_loss":0,"event_name":"World of Goop","floor":6,"gold_loss":20},{"damage_healed":0,"gold_gain":0,"player_choice":"Grow","damage_taken":0,"max_hp_gain":0,"max_hp_loss":0,"event_name":"Living Wall","floor":11,"gold_loss":0,"cards_upgraded":["Zap"]}],"is_beta":false,"boss_relics":[],"items_purged_floors":[],"is_endless":false,"potions_floor_spawned":[1,12],"killed_by":"Lagavulin","ascension_level":7}