{"gold_per_floor":[116,116,41,41,41,80,95,95,121,121,135,176,251,266,266,266],"floor_reached":16,"playtime":368,"items_purged":["Strike_B"],"score":266,"play_id":"fdb3e58e-140f-4a54-b7f6-335ffb66cfc1","local_time":"20190423020451","is_ascension_mode":true,"campfire_choices":[{"data":"Barrage","floor":10,"key":"SMITH"},{"data":"Go for the Eyes","floor":15,"key":"SMITH"}],"neow_cost":"NONE","seed_source_timestamp":33796154021937,"circlet_count":0,"master_deck":["AscendersBane","Strike_B","Strike_B+1","Strike_B","Defend_B","Defend_B","Defend_B","Defend_B","Zap+1","Dualcast","Cold Snap","Barrage+1","Cold Snap","Undo","Coolheaded","Go for the Eyes+1"],"relics":["Cracked Core","NeowsBlessing","Golden Idol","Art of War","Dream Catcher","Ornamental Fan","Potion Belt","Blue Candle"],"potions_floor_usage":[],"damage_taken":[{"damage":0,"enemies":"2 Louse","floor":1,"turns":1},{"damage":0,"enemies":"Lagavulin","floor":6,"turns":1},{"damage":0,"enemies":"Small Slimes","floor":7,"turns":1},{"damage":0,"enemies":"Cultist","floor":11,"turns":3},{"damage":8,"enemies":"3 Sentries","floor":12,"turns":9},{"damage":6,"enemies":"Large Slime","floor":14,"turns":4},{"damage":13,"enemies":"Hexaghost","floor":16,"turns":9}],"seed_played":"-7435395413879032461","potions_obtained":[{"floor":7,"key":"Ancient Potion"},{"floor":12,"key":"Block Potion"}],"is_trial":false,"path_per_floor":["M","?","$","?","?","E","M","T","T","R","M","E","?","M","R","B"],"character_chosen":"DEFECT","items_purchased":[],"campfire_rested":0,"item_purchase_floors":[],"current_hp_per_floor":[64,64,64,45,40,40,40,40,40,40,40,32,21,15,15,2],"gold":266,"neow_bonus":"THREE_ENEMY_KILL","is_prod":false,"is_daily":false,"chose_seed":false,"campfire_upgraded":2,"win_rate":0,"timestamp":1555977891,"path_taken":["M","?","$","?","?","E","M","?","T","R","M","E","?","M","R","BOSS"],"build_version":"2019-04-21","purchased_purges":1,"victory":false,"max_hp_per_floor":[71,64,64,64,64,64,64,64,64,64,64,64,64,64,64,64],"card_choices":[{"not_picked":["Leap","Beam Cell"],"picked":"Cold Snap","floor":1},{"not_picked":["Redo","Force Field"],"picked":"Barrage","floor":6},{"not_picked":["Go for the Eyes","Turbo"],"picked":"Cold Snap","floor":7},{"not_picked":["Steam","Barrage"],"picked":"Undo","floor":11},{"not_picked":["Static Discharge","Beam Cell"],"picked":"Coolheaded","floor":12},{"not_picked":["Double Energy","Gash"],"picked":"Go for the Eyes","floor":14}],"player_experience":1196987,"relics_obtained":[{"floor":6,"key":"Dream Catcher"},{"floor":8,"key":"Ornamental Fan"},{"floor":9,"key":"Potion Belt"},{"floor":12,"key":"Blue Candle"}],"event_choices":[{"damage_healed":0,"gold_gain":0,"player_choice":"Lose Max HP","damage_taken":0,"relics_obtained":["Golden Idol"],"max_hp_gain":0,"max_hp_loss":7,"event_name":"Golden Idol","floor":2,"gold_loss":0},{"damage_healed":0,"gold_gain":0,"player_choice":"Entered Light","damage_taken":19,"max_hp_gain":0,"max_hp_loss":0,"event_name":"Shining Light","floor":4,"gold_loss":0,"cards_upgraded":["Zap","Strike_B"]},{"damage_healed":0,"gold_gain":0,"player_choice":"Success","damage_taken":5,"relics_obtained":["Art of War"],"max_hp_gain":0,"max_hp_loss":0,"event_name":"Scrap Ooze","floor":5,"gold_loss":0},{"damage_healed":0,"gold_gain":75,"player_choice":"Gather Gold","damage_taken":11,"max_hp_gain":0,"max_hp_loss":0,"event_name":"World of Goop","floor":13,"gold_loss":0}],"is_beta":true,"boss_relics":[],"items_purged_floors":[3],"is_endless":false,"potions_floor_spawned":[7,12],"killed_by":"Hexaghost","ascension_level":20}