{"gold_per_floor":[111,73,144,144,159,159,188,188,235,264,279,292,321,321,321,424,424,436,139,139,139,154,154,184,184,209,235,235,250,250,281,281,281],"floor_reached":33,"playtime":2962,"items_purged":[],"score":411,"play_id":"e7933080-ed3e-4824-9593-9b150a387cae","local_time":"20190327135310","is_ascension_mode":true,"campfire_choices":[{"data":"Doom and Gloom","floor":6,"key":"SMITH"},{"data":"Go for the Eyes","floor":15,"key":"SMITH"},{"data":"Go for the Eyes","floor":23,"key":"SMITH"},{"data":"Hologram","floor":25,"key":"SMITH"},{"floor":28,"key":"REST"},{"floor":32,"key":"REST"}],"neow_cost":"NONE","seed_source_timestamp":632677351158925,"circlet_count":0,"master_deck":["Defend_B+1","Defend_B+1","Defend_B+1","Defend_B+1","Zap+1","Dualcast","Barrage","Doom and Gloom+1","Cold Snap","Conserve Battery+1","Go for the Eyes+1","Cold Snap","Ball Lightning","Machine Learning","Go for the Eyes+1","Leap","Bite","Bite","Bite","Bite","Bite","Hologram+1","Loop","Streamline+1","BootSequence"],"relics":["Cracked Core","Question Card","Mango","Omamori","Odd Mushroom","PreservedInsect","NlothsMask","Eternal Feather","War Paint","The Courier","Orichalcum","Singing Bowl"],"potions_floor_usage":[7,13,20,27,31,33,33],"damage_taken":[{"damage":0,"enemies":"Small Slimes","floor":1,"turns":3},{"damage":0,"enemies":"2 Louse","floor":5,"turns":2},{"damage":20,"enemies":"Lagavulin","floor":7,"turns":4},{"damage":3,"enemies":"The Mushroom Lair","floor":10,"turns":2},{"damage":0,"enemies":"Cultist","floor":11,"turns":3},{"damage":16,"enemies":"Large Slime","floor":12,"turns":4},{"damage":0,"enemies":"Gremlin Nob","floor":13,"turns":3},{"damage":21,"enemies":"The Guardian","floor":16,"turns":11},{"damage":20,"enemies":"2 Thieves","floor":18,"turns":4},{"damage":0,"enemies":"3 Byrds","floor":20,"turns":2},{"damage":22,"enemies":"Centurion and Healer","floor":22,"turns":7},{"damage":7,"enemies":"Book of Stabbing","floor":24,"turns":6},{"damage":58,"enemies":"Gremlin Leader","floor":27,"turns":8},{"damage":21,"enemies":"Snecko","floor":29,"turns":6},{"damage":22,"enemies":"Book of Stabbing","floor":31,"turns":4},{"damage":60,"enemies":"Automaton","floor":33,"turns":8}],"seed_played":"6624371245132908011","potions_obtained":[{"floor":5,"key":"Poison Potion"},{"floor":7,"key":"SpeedPotion"},{"floor":11,"key":"Explosive Potion"},{"floor":13,"key":"AttackPotion"},{"floor":16,"key":"PowerPotion"},{"floor":24,"key":"SkillPotion"},{"floor":29,"key":"Fire Potion"}],"is_trial":false,"path_per_floor":["?","?","?","?","?","?","?"],"character_chosen":"DEFECT","items_purchased":["Doom and Gloom","Leap","War Paint","SmokeBomb"],"campfire_rested":2,"item_purchase_floors":[2,19,19,19],"current_hp_per_floor":[75,75,75,80,80,80,60,71,71,68,68,52,52,52,52,31,94,74,74,74,65,57,65,65,65,65,19,50,33,33,11,45,0],"gold":281,"neow_bonus":"UPGRADE_CARD","is_prod":false,"is_daily":false,"chose_seed":false,"campfire_upgraded":4,"win_rate":0,"timestamp":1553694790,"path_taken":["M","$","?","?","M","R","E","?","T","?","M","M","E","?","R","BOSS","M","$","M","?","M","R","E","R","T","E","R","M","?","E","R","BOSS"],"build_version":"2019-01-23","purchased_purges":0,"victory":false,"max_hp_per_floor":[75,75,75,80,80,80,80,94,94,94,94,94,94,94,94,94,94,94,94,94,65,65,65,65,65,65,65,65,65,65,65,65,65],"card_choices":[{"not_picked":["Gash","Tempest"],"picked":"Barrage","floor":1},{"not_picked":["Streamline","Doom and Gloom"],"picked":"Cold Snap","floor":5},{"not_picked":["Compile Driver","Creative AI"],"picked":"Conserve Battery","floor":7},{"not_picked":["Auto Shields","Force Field","Rip and Tear"],"picked":"Go for the Eyes","floor":11},{"not_picked":["Leap","Streamline","Stack"],"picked":"Cold Snap","floor":12},{"not_picked":["Multi-Cast","Double Energy","Lockon"],"picked":"Ball Lightning","floor":13},{"not_picked":["Buffer","Amplify","Core Surge"],"picked":"Machine Learning","floor":16},{"not_picked":["Streamline","Gash","Leap"],"picked":"Go for the Eyes","floor":18},{"not_picked":["Steam Power+1","Ball Lightning+1","Genetic Algorithm","Turbo"],"picked":"SKIP","floor":22},{"not_picked":["Fusion+1","Force Field","Hello World"],"picked":"Hologram","floor":24},{"not_picked":["Doom and Gloom+1","Genetic Algorithm","Reinforced Body"],"picked":"Loop","floor":27},{"not_picked":["Fission","Steam","Compile Driver"],"picked":"Streamline+1","floor":29},{"not_picked":["Heatsinks","Loop","Reinforced Body"],"picked":"BootSequence","floor":31}],"player_experience":348816,"relics_obtained":[{"floor":7,"key":"Question Card"},{"floor":9,"key":"Omamori"},{"floor":10,"key":"Odd Mushroom"},{"floor":13,"key":"PreservedInsect"},{"floor":24,"key":"The Courier"},{"floor":27,"key":"Orichalcum"},{"floor":31,"key":"Singing Bowl"}],"event_choices":[{"damage_healed":0,"gold_gain":71,"player_choice":"Gained Gold","damage_taken":0,"max_hp_gain":0,"max_hp_loss":0,"event_name":"Golden Wing","floor":3,"gold_loss":0},{"damage_healed":0,"gold_gain":0,"player_choice":"Donut","damage_taken":0,"max_hp_gain":5,"max_hp_loss":0,"event_name":"Big Fish","floor":4,"gold_loss":0},{"damage_healed":0,"gold_gain":0,"player_choice":"Success","damage_taken":3,"relics_obtained":["Mango"],"max_hp_gain":0,"max_hp_loss":0,"event_name":"Scrap Ooze","floor":8,"gold_loss":0},{"damage_healed":0,"gold_gain":0,"player_choice":"Fought Mushrooms","damage_taken":0,"max_hp_gain":0,"max_hp_loss":0,"event_name":"Mushrooms","floor":10,"gold_loss":0},{"damage_healed":0,"gold_gain":0,"player_choice":"Trade","damage_taken":0,"relics_obtained":["NlothsMask"],"max_hp_gain":0,"max_hp_loss":0,"event_name":"FaceTrader","floor":14,"gold_loss":0},{"damage_healed":0,"gold_gain":0,"player_choice":"Became a vampire","damage_taken":0,"max_hp_gain":0,"max_hp_loss":29,"event_name":"Vampires","floor":21,"gold_loss":0,"cards_obtained":["Bite","Bite","Bite","Bite","Bite"]},{"damage_healed":0,"gold_gain":0,"player_choice":"Simplicity","damage_taken":0,"max_hp_gain":0,"max_hp_loss":0,"event_name":"Back to Basics","floor":30,"gold_loss":0,"cards_upgraded":["Defend_B","Defend_B","Defend_B"]}],"is_beta":false,"boss_relics":[{"not_picked":["Nuclear Battery","Pandora\u0027s Box"],"picked":"Eternal Feather"}],"items_purged_floors":[],"is_endless":false,"potions_floor_spawned":[5,7,11,13,16,20,24,29],"killed_by":"Automaton","ascension_level":3}