{"gold_per_floor":[113,126,138,156,173,173,191,208,256,256,275,288,300,44,44,44],"floor_reached":16,"playtime":1401,"items_purged":[],"score":100,"play_id":"48cb207c-d3b2-422c-83a3-0622ba69bc58","local_time":"20180920160225","is_ascension_mode":false,"campfire_choices":[{"data":"Accuracy","floor":6,"key":"SMITH"},{"data":"Infinite Blades","floor":10,"key":"SMITH"},{"floor":15,"key":"REST"}],"neow_cost":"NONE","seed_source_timestamp":448786095038223,"circlet_count":0,"master_deck":["Defend_G","Defend_G","Defend_G","Defend_G","Defend_G","Strike_G","Strike_G","Strike_G","Strike_G","Survivor","Neutralize","Infinite Blades+1","Deadly Poison","Footwork","Accuracy+1","Well Laid Plans","Cloak And Dagger","Caltrops","Noxious Fumes","Accuracy"],"relics":["Ring of the Snake","Smiling Mask","Molten Egg 2"],"potions_floor_usage":[11,13],"damage_taken":[{"damage":0,"enemies":"Cultist","floor":1,"turns":5},{"damage":2,"enemies":"Small Slimes","floor":2,"turns":5},{"damage":0,"enemies":"2 Louse","floor":3,"turns":3},{"damage":3,"enemies":"Exordium Wildlife","floor":4,"turns":6},{"damage":8,"enemies":"2 Fungi Beasts","floor":5,"turns":4},{"damage":0,"enemies":"Blue Slaver","floor":7,"turns":6},{"damage":14,"enemies":"Large Slime","floor":8,"turns":7},{"damage":5,"enemies":"Lots of Slimes","floor":11,"turns":7},{"damage":4,"enemies":"3 Louse","floor":12,"turns":5},{"damage":29,"enemies":"Exordium Wildlife","floor":13,"turns":5},{"damage":28,"enemies":"Slime Boss","floor":16,"turns":3}],"seed_played":"-5910133505703335520","potions_obtained":[{"floor":1,"key":"LiquidBronze"},{"floor":3,"key":"SkillPotion"},{"floor":4,"key":"SteroidPotion"},{"floor":8,"key":"SpeedPotion"}],"is_trial":false,"path_per_floor":["M","M","M","M","M","R","M","M","T","R","M","M","M","$","R"],"character_chosen":"THE_SILENT","items_purchased":["Molten Egg 2"],"campfire_rested":1,"item_purchase_floors":[14],"current_hp_per_floor":[70,68,68,65,57,57,57,43,43,43,38,34,5,5,26,0],"gold":44,"neow_bonus":"REMOVE_CARD","is_prod":false,"is_daily":false,"chose_seed":false,"campfire_upgraded":2,"win_rate":0.0,"timestamp":1537473745,"path_taken":["M","M","M","?","M","R","M","M","T","R","?","M","M","$","R","BOSS"],"build_version":"2018-09-19","purchased_purges":0,"victory":false,"max_hp_per_floor":[70,70,70,70,70,70,70,70,70,70,70,70,70,70,70,70],"card_choices":[{"not_picked":["Concentrate","Bane"],"picked":"Infinite Blades","floor":1},{"not_picked":["Endless Agony","Underhanded Strike","Terror"],"picked":"SKIP","floor":2},{"not_picked":["Blade Dance","Slice"],"picked":"Deadly Poison","floor":3},{"not_picked":["Setup","Quick Slash"],"picked":"Footwork","floor":4},{"not_picked":["PiercingWail","Blade Dance"],"picked":"Accuracy","floor":5},{"not_picked":["Dagger Throw","Quick Slash"],"picked":"Well Laid Plans","floor":7},{"not_picked":["Burst","Prepared"],"picked":"Cloak And Dagger","floor":8},{"not_picked":["Acrobatics","Leg Sweep"],"picked":"Caltrops","floor":11},{"not_picked":["Dash","Cloak And Dagger"],"picked":"Noxious Fumes","floor":12},{"not_picked":["Flying Knee","Setup"],"picked":"Accuracy","floor":13}],"player_experience":231270,"relics_obtained":[{"floor":9,"key":"Smiling Mask"}],"event_choices":[],"is_beta":true,"boss_relics":[],"items_purged_floors":[],"is_endless":false,"potions_floor_spawned":[1,3,4,8],"killed_by":"Slime Boss","ascension_level":0}