{"gold_per_floor":[217,232,232,34,48,78,91,91,91,91,91,125,125],"floor_reached":13,"playtime":472,"items_purged":[],"score":93,"play_id":"9da0b7b5-22fb-491c-a43f-36596ebde0f5","local_time":"20190227141625","is_ascension_mode":false,"campfire_choices":[{"floor":8,"key":"RECALL"}],"neow_cost":"NONE","seed_source_timestamp":244834054245248,"circlet_count":0,"master_deck":["Strike_B","Strike_B","Strike_B","Strike_B+1","Defend_B+1","Defend_B","Defend_B","Defend_B","Zap","Dualcast","Conserve Battery","Static Discharge","Rip and Tear","Lockon","Darkness","Stack"],"relics":["Cracked Core","Du-Vu Doll","Sling","Ornamental Fan","Gambling Chip","Juzu Bracelet","Anchor"],"potions_floor_usage":[],"damage_taken":[{"damage":6,"enemies":"Jaw Worm","floor":1,"turns":2},{"damage":0,"enemies":"Cultist","floor":2,"turns":3},{"damage":2,"enemies":"Small Slimes","floor":5,"turns":3},{"damage":14,"enemies":"Gremlin Nob","floor":6,"turns":4},{"damage":8,"enemies":"Exordium Wildlife","floor":7,"turns":4},{"damage":24,"enemies":"3 Sentries","floor":12,"turns":6},{"damage":8,"enemies":"Exordium Thugs","floor":13,"turns":4}],"seed_played":"6568325110742129294","potions_obtained":[{"floor":2,"key":"Poison Potion"},{"floor":5,"key":"Energy Potion"},{"floor":6,"key":"FearPotion"}],"is_trial":false,"path_per_floor":["M","M","?","$","M","E","M","R","T","T","?","E","M"],"character_chosen":"DEFECT","items_purchased":["Sling"],"campfire_rested":0,"item_purchase_floors":[4],"current_hp_per_floor":[69,69,69,69,67,53,45,45,45,45,30,6,0],"gold":125,"neow_bonus":"HUNDRED_GOLD","is_prod":false,"is_daily":false,"chose_seed":false,"campfire_upgraded":0,"win_rate":0,"timestamp":1551294985,"path_taken":["M","M","?","?","M","E","M","R","T","?","?","E","M"],"build_version":"2019-01-23","purchased_purges":0,"victory":false,"max_hp_per_floor":[75,75,75,75,75,75,75,75,75,75,75,75,75],"card_choices":[{"not_picked":["Cold Snap","Auto Shields"],"picked":"Conserve Battery","floor":1},{"not_picked":["Coolheaded","Scrape"],"picked":"Static Discharge","floor":2},{"not_picked":["Beam Cell","Turbo"],"picked":"Rip and Tear","floor":5},{"not_picked":["Cold Snap","Chill"],"picked":"Lockon","floor":6},{"not_picked":["Turbo","Beam Cell"],"picked":"Darkness","floor":7},{"not_picked":["Auto Shields","Compile Driver"],"picked":"Stack","floor":12}],"player_experience":220727,"relics_obtained":[{"floor":6,"key":"Ornamental Fan"},{"floor":9,"key":"Gambling Chip"},{"floor":10,"key":"Juzu Bracelet"},{"floor":12,"key":"Anchor"}],"event_choices":[{"damage_healed":0,"gold_gain":0,"player_choice":"Gave Potion","damage_taken":0,"relics_obtained":["Du-Vu Doll"],"max_hp_gain":0,"max_hp_loss":0,"event_name":"WeMeetAgain","floor":3,"gold_loss":0},{"damage_healed":0,"gold_gain":0,"player_choice":"Entered Light","damage_taken":15,"max_hp_gain":0,"max_hp_loss":0,"event_name":"Shining Light","floor":11,"gold_loss":0,"cards_upgraded":["Defend_B","Strike_B"]}],"is_beta":false,"boss_relics":[],"items_purged_floors":[],"is_endless":false,"potions_floor_spawned":[2,5,6],"killed_by":"Exordium Thugs","ascension_level":0}