{"gold_per_floor":[211,211,227,227,227,227,245,262,310,310,336,2,14,14,14,118,118,128,128,227,127,42,42,62,88,388,423,423],"floor_reached":28,"playtime":733,"items_purged":["Strike_R","Strike_R"],"score":234,"play_id":"207d19fb-8696-4fd3-9e4b-bd0a791a06f5","local_time":"20190208173812","is_ascension_mode":false,"campfire_choices":[{"data":"Bash","floor":6,"key":"SMITH"},{"floor":10,"key":"REST"},{"data":"Strike_R","floor":15,"key":"SMITH"},{"floor":23,"key":"REST"}],"neow_cost":"NONE","seed_source_timestamp":14637984231900,"circlet_count":0,"master_deck":["Strike_R","Strike_R+1","Defend_R","Defend_R","Bash+1"],"relics":["Burning Blood","Ancient Tea Set","Potion Belt","Shuriken","Fusion Hammer","Self Forming Clay","Happy Flower","Old Coin","Bag of Marbles"],"potions_floor_usage":[16,16,28],"damage_taken":[{"damage":4,"enemies":"Small Slimes","floor":1,"turns":5},{"damage":6,"enemies":"Cultist","floor":3,"turns":3},{"damage":7,"enemies":"2 Louse","floor":7,"turns":3},{"damage":0,"enemies":"Large Slime","floor":8,"turns":4},{"damage":6,"enemies":"Gremlin Nob","floor":11,"turns":3},{"damage":14,"enemies":"Blue Slaver","floor":13,"turns":3},{"damage":64,"enemies":"Slime Boss","floor":16,"turns":13},{"damage":14,"enemies":"Shell Parasite","floor":18,"turns":5},{"damage":0,"enemies":"Chosen","floor":24,"turns":3},{"damage":78,"enemies":"Book of Stabbing","floor":27,"turns":7},{"damage":10,"enemies":"Centurion and Healer","floor":28,"turns":1}],"seed_played":"6571979844647315072","potions_obtained":[{"floor":7,"key":"Dexterity Potion"},{"floor":8,"key":"BloodPotion"},{"floor":27,"key":"Fire Potion"}],"is_trial":false,"path_per_floor":["M","?","M","?","?","R","M","M","T","R","E","$","M","$","R","B",null,"M","?","?","$","?","R","M","T","T","E","M"],"character_chosen":"IRONCLAD","items_purchased":["Shuriken"],"campfire_rested":2,"item_purchase_floors":[12],"current_hp_per_floor":[80,80,80,73,73,73,72,78,78,80,80,80,72,72,72,22,80,72,72,72,72,72,80,80,80,80,8,0],"gold":423,"neow_bonus":"HUNDRED_GOLD","is_prod":false,"is_daily":false,"chose_seed":false,"campfire_upgraded":2,"win_rate":0,"timestamp":1549665492,"path_taken":["M","?","?","?","?","R","M","M","T","R","E","$","M","?","R","BOSS","M","?","?","$","?","R","M","?","T","E","M"],"build_version":"2019-01-23","purchased_purges":2,"victory":false,"max_hp_per_floor":[80,80,80,80,80,80,80,80,80,80,80,80,80,80,80,80,80,80,80,80,80,80,80,80,80,80,80,80],"card_choices":[{"not_picked":["Havoc","Cleave","Headbutt"],"picked":"SKIP","floor":1},{"not_picked":["Warcry","Burning Pact","Clash"],"picked":"SKIP","floor":3},{"not_picked":["Juggernaut","Battle Trance","Seeing Red"],"picked":"SKIP","floor":7},{"not_picked":["Body Slam","Twin Strike","Warcry"],"picked":"SKIP","floor":8},{"not_picked":["Burning Pact","Pommel Strike","Sever Soul"],"picked":"SKIP","floor":11},{"not_picked":["Fire Breathing","Warcry","Flex"],"picked":"SKIP","floor":13},{"not_picked":["Perfected Strike","Rupture+1","Sever Soul+1"],"picked":"SKIP","floor":18},{"not_picked":["Pummel+1","Searing Blow+1","Infernal Blade"],"picked":"SKIP","floor":24},{"not_picked":["Combust","Pommel Strike+1","Blood for Blood"],"picked":"SKIP","floor":27}],"player_experience":426418,"relics_obtained":[{"floor":9,"key":"Ancient Tea Set"},{"floor":11,"key":"Potion Belt"},{"floor":25,"key":"Happy Flower"},{"floor":26,"key":"Old Coin"},{"floor":27,"key":"Bag of Marbles"}],"event_choices":[{"cards_removed":["Defend_R"],"damage_healed":0,"gold_gain":0,"player_choice":"Card Removal","damage_taken":0,"max_hp_gain":0,"max_hp_loss":0,"event_name":"Wheel of Change","floor":2,"gold_loss":0},{"cards_removed":["Defend_R"],"damage_healed":0,"gold_gain":0,"player_choice":"Card Removal","damage_taken":7,"max_hp_gain":0,"max_hp_loss":0,"event_name":"Golden Wing","floor":4,"gold_loss":0},{"cards_removed":["Strike_R"],"damage_healed":0,"gold_gain":0,"player_choice":"Forget","damage_taken":0,"max_hp_gain":0,"max_hp_loss":0,"event_name":"Living Wall","floor":5,"gold_loss":0},{"damage_healed":0,"gold_gain":0,"player_choice":"Ignored","damage_taken":0,"max_hp_gain":0,"max_hp_loss":0,"event_name":"Vampires","floor":19,"gold_loss":0},{"damage_healed":0,"gold_gain":99,"player_choice":"Stole From Cult","damage_taken":0,"max_hp_gain":0,"max_hp_loss":0,"event_name":"Nest","floor":20,"gold_loss":0},{"damage_healed":0,"gold_gain":0,"player_choice":"Obtained Relic","damage_taken":0,"relics_obtained":["Self Forming Clay"],"max_hp_gain":0,"max_hp_loss":0,"event_name":"Addict","floor":22,"gold_loss":85}],"is_beta":false,"boss_relics":[{"not_picked":["White Beast Statue","Black Blood"],"picked":"Fusion Hammer"}],"items_purged_floors":[12,21],"is_endless":false,"potions_floor_spawned":[7,8,27],"killed_by":"Centurion and Healer","ascension_level":0}