{"gold_per_floor":[109,123,140,155,127,158,158,193,219,219,193,209,55,55,55,159,159,171,186,186,50,66,99,99,32,32,32,32],"floor_reached":28,"playtime":2130,"items_purged":["Strike_G","Bite"],"score":409,"play_id":"122f477a-3f76-4a86-8ced-df4a074ff8fe","local_time":"20190405201653","is_ascension_mode":true,"campfire_choices":[{"floor":10,"key":"REST"},{"floor":15,"key":"REST"},{"data":"Footwork","floor":24,"key":"SMITH"}],"neow_cost":"NONE","seed_source_timestamp":353955341332741,"circlet_count":0,"master_deck":["AscendersBane","Defend_G","Defend_G","Defend_G","Defend_G","Defend_G","Survivor","Neutralize","Deadly Poison","Dagger Spray","After Image","Cloak And Dagger","Leg Sweep","Footwork+1","Quick Slash","Sucker Punch","Caltrops","A Thousand Cuts","Dash","Caltrops","Bite+1","Bite","Bite+1","Bite","Noxious Fumes","Dodge and Roll","Cloak And Dagger","Calculated Gamble"],"relics":["Ring of the Snake","NeowsBlessing","Bird Faced Urn","Vajra","Orichalcum","PreservedInsect","Coffee Dripper","Whetstone","Paper Crane"],"potions_floor_usage":[6,8,16,23,23],"damage_taken":[{"damage":0,"enemies":"Cultist","floor":1,"turns":1},{"damage":0,"enemies":"Jaw Worm","floor":2,"turns":1},{"damage":0,"enemies":"Small Slimes","floor":3,"turns":1},{"damage":6,"enemies":"3 Louse","floor":4,"turns":3},{"damage":14,"enemies":"Lagavulin","floor":6,"turns":9},{"damage":27,"enemies":"Gremlin Nob","floor":8,"turns":6},{"damage":1,"enemies":"Exordium Thugs","floor":11,"turns":5},{"damage":6,"enemies":"Blue Slaver","floor":12,"turns":4},{"damage":6,"enemies":"Hexaghost","floor":16,"turns":13},{"damage":1,"enemies":"3 Byrds","floor":18,"turns":5},{"damage":0,"enemies":"Chosen","floor":19,"turns":7},{"damage":4,"enemies":"Snake Plant","floor":22,"turns":5},{"damage":49,"enemies":"Slavers","floor":23,"turns":6},{"damage":30,"enemies":"Cultist and Chosen","floor":28,"turns":6}],"seed_played":"-7411976602744779869","potions_obtained":[{"floor":1,"key":"LiquidBronze"},{"floor":2,"key":"PowerPotion"},{"floor":6,"key":"GamblersBrew"},{"floor":11,"key":"SpeedPotion"},{"floor":19,"key":"Block Potion"}],"is_trial":false,"path_per_floor":["M","?","?","?","?","?"],"character_chosen":"THE_SILENT","items_purchased":["Caltrops","Noxious Fumes","Calculated Gamble"],"campfire_rested":2,"item_purchase_floors":[13,21,25],"current_hp_per_floor":[63,63,63,57,57,43,40,15,15,36,39,37,37,30,51,51,65,70,70,49,49,49,12,12,12,12,12,0],"gold":32,"neow_bonus":"THREE_ENEMY_KILL","is_prod":false,"is_daily":false,"chose_seed":false,"campfire_upgraded":1,"win_rate":0,"timestamp":1554491813,"path_taken":["M","M","?","M","?","E","?","E","T","R","M","M","$","?","R","BOSS","M","M","?","$","M","E","R","$","T","?","M"],"build_version":"2019-01-23","purchased_purges":2,"victory":false,"max_hp_per_floor":[70,70,70,70,70,70,70,70,70,70,70,70,70,70,70,70,70,70,70,49,49,49,49,49,49,49,49,49],"card_choices":[{"not_picked":["Expertise","Riddle With Holes"],"picked":"Deadly Poison","floor":1},{"not_picked":["Flying Knee","Noxious Fumes"],"picked":"Dagger Spray","floor":2},{"not_picked":["Prepared","Outmaneuver"],"picked":"After Image","floor":3},{"not_picked":["PiercingWail","Endless Agony"],"picked":"Cloak And Dagger","floor":4},{"not_picked":["Accuracy","Eviscerate"],"picked":"Leg Sweep","floor":6},{"not_picked":["Tactician","Cloak And Dagger"],"picked":"Footwork","floor":8},{"not_picked":["Prepared","Slice"],"picked":"Quick Slash","floor":11},{"not_picked":["Quick Slash","Eviscerate"],"picked":"Sucker Punch","floor":12},{"not_picked":["Night Terror","Venomology"],"picked":"A Thousand Cuts","floor":16},{"not_picked":["Dagger Throw","Slice"],"picked":"Dash","floor":18},{"not_picked":["Acrobatics+1","Deflect"],"picked":"Caltrops","floor":19},{"not_picked":["Tactician","Terror"],"picked":"Dodge and Roll","floor":22},{"not_picked":["Underhanded Strike","Acrobatics"],"picked":"Cloak And Dagger","floor":23}],"player_experience":474961,"relics_obtained":[{"floor":6,"key":"Bird Faced Urn"},{"floor":8,"key":"Orichalcum"},{"floor":9,"key":"PreservedInsect"},{"floor":23,"key":"Whetstone"},{"floor":26,"key":"Paper Crane"}],"event_choices":[{"damage_healed":0,"gold_gain":0,"player_choice":"Left Gold","damage_taken":0,"max_hp_gain":0,"max_hp_loss":0,"event_name":"World of Goop","floor":5,"gold_loss":28},{"damage_healed":0,"gold_gain":0,"player_choice":"Success","damage_taken":3,"relics_obtained":["Vajra"],"max_hp_gain":0,"max_hp_loss":0,"event_name":"Scrap Ooze","floor":7,"gold_loss":0},{"cards_removed":["Strike_G"],"damage_healed":0,"gold_gain":0,"player_choice":"Card Removal","damage_taken":7,"max_hp_gain":0,"max_hp_loss":0,"event_name":"Golden Wing","floor":14,"gold_loss":0},{"damage_healed":0,"gold_gain":0,"player_choice":"Became a vampire","damage_taken":0,"max_hp_gain":0,"max_hp_loss":21,"event_name":"Vampires","floor":20,"gold_loss":0,"cards_obtained":["Bite","Bite","Bite","Bite","Bite"]},{"damage_healed":0,"gold_gain":0,"player_choice":"Ignored","damage_taken":0,"max_hp_gain":0,"max_hp_loss":0,"event_name":"Cursed Tome","floor":27,"gold_loss":0}],"is_beta":false,"boss_relics":[{"not_picked":["Runic Pyramid","Black Star"],"picked":"Coffee Dripper"}],"items_purged_floors":[13,21],"is_endless":false,"potions_floor_spawned":[1,2,6,11,19,22],"killed_by":"Cultist and Chosen","ascension_level":11}