{"gold_per_floor":[111,12,12,22,41,68,80,119,131,178,190,213,190,234,246,258],"floor_reached":16,"playtime":1320,"items_purged":[],"score":205,"play_id":"b6f56e4c-4f4f-425d-bf8a-f990358fa617","local_time":"20190410170159","is_ascension_mode":true,"campfire_choices":[{"floor":11,"key":"REST"},{"data":"Footwork","floor":15,"key":"SMITH"}],"neow_cost":"NONE","seed_source_timestamp":67033324006962,"circlet_count":0,"master_deck":["AscendersBane","Defend_G","Defend_G","Defend_G","Defend_G+1","Defend_G","Strike_G","Strike_G","Strike_G","Strike_G","Survivor+1","Neutralize","Bane","Dagger Throw","Flying Knee","Footwork+1","Poisoned Stab","Dodge and Roll","After Image","PiercingWail","Dagger Spray","Backflip","Footwork"],"relics":["Ring of the Snake","NeowsBlessing","MawBank","Sundial","War Paint","Bag of Preparation","Bag of Marbles"],"potions_floor_usage":[3,4,12,12],"damage_taken":[{"damage":0,"enemies":"Small Slimes","floor":1,"turns":1},{"damage":0,"enemies":"Cultist","floor":4,"turns":1},{"damage":0,"enemies":"Jaw Worm","floor":5,"turns":1},{"damage":22,"enemies":"Gremlin Nob","floor":6,"turns":4},{"damage":11,"enemies":"Lagavulin","floor":8,"turns":10},{"damage":16,"enemies":"Gremlin Nob","floor":10,"turns":5},{"damage":2,"enemies":"Gremlin Gang","floor":12,"turns":5},{"damage":8,"enemies":"3 Sentries","floor":14,"turns":9},{"damage":59,"enemies":"Slime Boss","floor":16,"turns":13}],"seed_played":"6338918067811858619","potions_obtained":[{"floor":3,"key":"Fruit Juice"},{"floor":3,"key":"GhostInAJar"},{"floor":3,"key":"SkillPotion"},{"floor":4,"key":"Fruit Juice"},{"floor":6,"key":"Energy Potion"}],"is_trial":false,"path_per_floor":["?","M","?","M","?"],"character_chosen":"THE_SILENT","items_purchased":["Dagger Throw","Flying Knee"],"campfire_rested":1,"item_purchase_floors":[2,2],"current_hp_per_floor":[63,63,68,73,73,51,51,40,40,24,48,46,66,58,58,0],"gold":258,"neow_bonus":"THREE_ENEMY_KILL","is_prod":false,"is_daily":false,"chose_seed":false,"campfire_upgraded":1,"win_rate":0,"timestamp":1554912119,"path_taken":["M","$","?","M","?","E","?","E","T","E","R","?","?","E","R","BOSS"],"build_version":"2019-01-23","purchased_purges":0,"victory":false,"max_hp_per_floor":[70,70,75,80,80,80,80,80,80,80,80,80,80,80,80,80],"card_choices":[{"not_picked":["Deflect","Escape Plan"],"picked":"Bane","floor":1},{"not_picked":["Outmaneuver","Flechettes"],"picked":"Footwork","floor":4},{"not_picked":["Dagger Spray","Dagger Throw"],"picked":"Poisoned Stab","floor":5},{"not_picked":["Poisoned Stab","Dagger Throw"],"picked":"Dodge and Roll","floor":6},{"not_picked":["Calculated Gamble","Well Laid Plans"],"picked":"PiercingWail","floor":8},{"not_picked":["Tools of the Trade","Dagger Throw"],"picked":"Dagger Spray","floor":10},{"not_picked":["Dodge and Roll","Acrobatics"],"picked":"Backflip","floor":12},{"not_picked":["Escape Plan","Flying Knee"],"picked":"Footwork","floor":14}],"player_experience":541610,"relics_obtained":[{"floor":6,"key":"MawBank"},{"floor":8,"key":"Sundial"},{"floor":9,"key":"War Paint"},{"floor":10,"key":"Bag of Preparation"},{"floor":14,"key":"Bag of Marbles"}],"event_choices":[{"damage_healed":0,"gold_gain":0,"player_choice":"Got Potions","damage_taken":0,"max_hp_gain":0,"max_hp_loss":0,"event_name":"Lab","floor":3,"gold_loss":0},{"damage_healed":0,"gold_gain":0,"cards_transformed":["Strike_G"],"player_choice":"Transformed","damage_taken":0,"max_hp_gain":0,"max_hp_loss":0,"event_name":"Transmorgrifier","floor":7,"gold_loss":0,"cards_obtained":["After Image"]},{"damage_healed":20,"gold_gain":0,"player_choice":"Healed","damage_taken":0,"max_hp_gain":0,"max_hp_loss":0,"event_name":"The Cleric","floor":13,"gold_loss":35}],"is_beta":false,"boss_relics":[],"items_purged_floors":[],"is_endless":false,"potions_floor_spawned":[4,6,8,10],"killed_by":"Slime Boss","ascension_level":12}