{"gold_per_floor":[114,92,67,67,84,84,100,130,130,130,141,170,170,204,204,303,303,322,322,342,342,68,68,68],"floor_reached":24,"playtime":635,"items_purged":["Writhe"],"score":283,"play_id":"464bd9c5-095c-4ffc-b165-9720f1505874","local_time":"20190212233250","is_ascension_mode":true,"campfire_choices":[{"data":"Zap","floor":6.0,"key":"SMITH"},{"floor":10.0,"key":"REST"},{"floor":13.0,"key":"REST"},{"floor":15.0,"key":"REST"},{"floor":23.0,"key":"REST"}],"neow_cost":"TEN_PERCENT_HP_LOSS","seed_source_timestamp":22402882452300,"circlet_count":0,"master_deck":["Strike_B","Strike_B+1","Defend_B+1","Defend_B","Defend_B","Defend_B","Zap+1","Dualcast+1","Tempest","Ball Lightning+1","Coolheaded","Conserve Battery","Echo Form","Glacier"],"special_seed":0,"relics":["Cracked Core","Du-Vu Doll","Gremlin Horn","Whetstone","Anchor","Empty Cage","Kunai","Lantern"],"potions_floor_usage":[24],"damage_taken":[{"damage":0.0,"enemies":"Cultist","floor":1.0,"turns":4.0},{"damage":12.0,"enemies":"2 Louse","floor":5.0,"turns":2.0},{"damage":2.0,"enemies":"Jaw Worm","floor":7.0,"turns":2.0},{"damage":6.0,"enemies":"Looter","floor":11.0,"turns":3.0},{"damage":5.0,"enemies":"3 Sentries","floor":12.0,"turns":4.0},{"damage":31.0,"enemies":"Gremlin Nob","floor":14.0,"turns":4.0},{"damage":42.0,"enemies":"Hexaghost","floor":16.0,"turns":11.0},{"damage":34.0,"enemies":"2 Thieves","floor":18.0,"turns":4.0},{"damage":6.0,"enemies":"Spheric Guardian","floor":20.0,"turns":4.0},{"damage":48,"enemies":"Gremlin Leader","floor":24,"turns":9}],"seed_played":"-5034461232777928104","potions_obtained":[{"floor":1.0,"key":"Strength Potion"},{"floor":5.0,"key":"SkillPotion"},{"floor":11.0,"key":"Fire Potion"},{"floor":16.0,"key":"SkillPotion"}],"is_trial":false,"path_per_floor":["M","?","$","?","M","R","M","?","T","R","M","E","R","E","R","B",null,"M","?","M","?","$","R","E"],"character_chosen":"DEFECT","items_purchased":["Ball Lightning","Lantern","Block Potion"],"campfire_rested":4,"item_purchase_floors":[3,22,22],"current_hp_per_floor":[68,68,68,54,42,42,40,40,40,60,54,49,68,37,57,15,55,21,21,15,15,15,35,0],"gold":68,"neow_bonus":"ONE_RARE_RELIC","is_prod":false,"is_daily":false,"chose_seed":false,"campfire_upgraded":1,"win_rate":0,"timestamp":1550032370,"path_taken":["M","?","$","?","M","R","M","?","T","R","M","E","R","E","R","BOSS","M","?","M","?","$","R","E"],"build_version":"2019-01-23","purchased_purges":1,"victory":false,"max_hp_per_floor":[68,68,68,68,68,68,68,68,68,68,68,68,68,68,68,68,68,68,68,68,68,68,68,68],"card_choices":[{"not_picked":["Rebound","Redo"],"picked":"Tempest","floor":1.0},{"not_picked":["Rebound","Cold Snap"],"picked":"Coolheaded","floor":5.0},{"not_picked":["Sunder","Skim","Streamline"],"picked":"SKIP","floor":7.0},{"not_picked":["Beam Cell","Redo","Machine Learning"],"picked":"SKIP","floor":11.0},{"not_picked":["Gash","Steam","Reboot"],"picked":"SKIP","floor":12.0},{"not_picked":["Stack","Rip and Tear"],"picked":"Conserve Battery","floor":14.0},{"not_picked":["Rainbow","Hyperbeam"],"picked":"Echo Form","floor":16.0},{"not_picked":["Sweeping Beam","Rebound"],"picked":"Glacier","floor":18.0},{"not_picked":["Barrage","Aggregate","Static Discharge"],"picked":"SKIP","floor":20.0}],"player_experience":454225,"relics_obtained":[{"floor":9.0,"key":"Gremlin Horn"},{"floor":12.0,"key":"Whetstone"},{"floor":14.0,"key":"Anchor"}],"event_choices":[{"damage_healed":0.0,"max_hp_gain":0.0,"max_hp_loss":0.0,"gold_gain":0.0,"event_name":"World of Goop","player_choice":"Left Gold","floor":2.0,"gold_loss":22.0,"damage_taken":0.0},{"damage_healed":0.0,"max_hp_gain":0.0,"max_hp_loss":0.0,"gold_gain":0.0,"event_name":"Shining Light","player_choice":"Entered Light","floor":4.0,"gold_loss":0.0,"damage_taken":14.0,"cards_upgraded":["Defend_B","Dualcast"]},{"damage_healed":0.0,"max_hp_gain":0.0,"max_hp_loss":0.0,"gold_gain":30.0,"event_name":"Dead Adventurer","player_choice":"Searched \u00271\u0027 times","floor":8.0,"gold_loss":0.0,"damage_taken":0.0},{"damage_healed":0.0,"max_hp_gain":0.0,"max_hp_loss":0.0,"gold_gain":0.0,"event_name":"The Mausoleum","player_choice":"Opened","floor":19.0,"gold_loss":0.0,"damage_taken":0.0,"relics_obtained":["Kunai"],"cards_obtained":["Writhe"]},{"damage_healed":0.0,"max_hp_gain":0.0,"max_hp_loss":0.0,"gold_gain":0.0,"event_name":"Cursed Tome","player_choice":"Ignored","floor":21.0,"gold_loss":0.0,"damage_taken":0.0}],"is_beta":false,"boss_relics":[{"not_picked":["FrozenCore","Runic Dome"],"picked":"Empty Cage"}],"items_purged_floors":[22],"is_endless":false,"potions_floor_spawned":[1,5,11,16],"killed_by":"Gremlin Leader","ascension_level":8}