{"path_per_floor":["M","?","M","M","M","R","M","M","T","M","M","R","?","?","R","B",null,"M","M","$","M","M","R","M","?","T","R","M","M","M","?","R"],"character_chosen":"IRONCLAD","items_purchased":["Double Tap","Rampage"],"gold_per_floor":[117,217,236,246,258,258,276,292,339,358,378,378,378,408,408,507,507,523,539,258,278,289,289,308,308,308,308,322,342,356,356,356],"floor_reached":33,"campfire_rested":2,"playtime":1597,"current_hp_per_floor":[37,37,43,43,43,43,33,30,30,36,42,42,62,62,62,44,80,74,80,77,64,55,55,39,25,25,49,33,36,30,30,54],"items_purged":["Parasite"],"gold":356,"score":247,"play_id":"1ddcf0ce-9d6f-44ee-9f0b-a2f2938ba38c","is_prod":false,"is_daily":false,"is_ascension_mode":false,"campfire_upgraded":4,"path_taken":["M","?","M","M","M","R","M","M","T","M","M","R","?","?","R","BOSS","M","M","$","?","M","R","M","?","T","R","M","M","M","?","R","BOSS"],"build_version":"2018-02-15-PROD1","purchased_purges":1,"victory":false,"master_deck":["Strike_R","Strike_R","Strike_R","Defend_R","Defend_R","Defend_R","Defend_R","Bash","Perfected Strike+1","Flame Barrier+1","Perfected Strike+1","Shrug It Off","Armaments","Cleave","Berserk","Shrug It Off","Double Tap+1","Rampage","Rampage","Inflame","Shockwave","Whirlwind"],"max_hp_per_floor":[80,80,80,80,80,80,80,80,80,80,80,80,80,80,80,80,80,80,80,77,77,77,77,77,82,82,82,82,82,82,82,82],"relics":["Oddly Smooth Stone","Runic Dome","Blue Candle","Nloth\u0027s Gift"],"card_choices":[{"not_picked":["Body Slam","Shockwave"],"picked":"Perfected Strike"},{"not_picked":["Fire Breathing","Second Wind"],"picked":"Shrug It Off"},{"not_picked":["Perfected Strike","Flex"],"picked":"Armaments"},{"not_picked":["Clash","Perfected Strike"],"picked":"Cleave"},{"not_picked":["Reaper","Bludgeon"],"picked":"Berserk"},{"not_picked":["Fire Breathing","Perfected Strike"],"picked":"Shrug It Off"},{"not_picked":["Headbutt","Flame Barrier"],"picked":"Rampage"},{"not_picked":["Burning Pact","Wild Strike"],"picked":"Inflame"},{"not_picked":["Blood for Blood","Cleave"],"picked":"Shockwave"},{"not_picked":["Impervious","Heavy Blade"],"picked":"Whirlwind"}],"player_experience":122622,"potions_floor_usage":[8,16,16,16,33,33],"damage_taken":[{"damage":9,"enemies":"Cultist","floor":1,"turns":4},{"damage":0,"enemies":"Jaw Worm","floor":3,"turns":3},{"damage":6,"enemies":"2 Louse","floor":4,"turns":3},{"damage":6,"enemies":"Exordium Wildlife","floor":5,"turns":6},{"damage":16,"enemies":"2 Fungi Beasts","floor":7,"turns":3},{"damage":9,"enemies":"Gremlin Gang","floor":8,"turns":5},{"damage":0,"enemies":"Large Slime","floor":10,"turns":5},{"damage":0,"enemies":"2 Fungi Beasts","floor":11,"turns":5},{"damage":24,"enemies":"The Guardian","floor":16,"turns":18},{"damage":12,"enemies":"Shell Parasite","floor":18,"turns":6},{"damage":0,"enemies":"Chosen","floor":19,"turns":5},{"damage":19,"enemies":"Snake Plant","floor":21,"turns":4},{"damage":15,"enemies":"Chosen and Byrds","floor":22,"turns":7},{"damage":22,"enemies":"Centurion and Healer","floor":24,"turns":7},{"damage":22,"enemies":"3 Cultists","floor":28,"turns":5},{"damage":3,"enemies":"Snecko","floor":29,"turns":4},{"damage":12,"enemies":"Cultist and Chosen","floor":30,"turns":6},{"damage":67,"enemies":"Automaton","floor":33,"turns":6}],"event_choices":[{"event_name":"Golden Shrine","player_choice":"Pray","floor":2,"damage_taken":0},{"event_name":"Mushrooms","player_choice":"Healed and dodged fight","floor":13,"damage_taken":0},{"event_name":"Dead Adventurer","player_choice":"Searched \u00271\u0027 times","floor":14,"damage_taken":0},{"event_name":"Forgotten Altar","player_choice":"Shed Blood","floor":25,"damage_taken":0},{"event_name":"N\u0027loth","player_choice":"Traded a Burning Blood","floor":31,"damage_taken":0}],"boss_relics":[{"not_picked":["Snecko Eye","Calling Bell"],"picked":"Runic Dome"}],"potions_floor_spawned":[3,7,10,11,18,29,30],"seed_played":"4608522064695581080","killed_by":"Automaton","ascension_level":0,"is_trial":false}