{"gold_per_floor":[119,130,146,166,182,209,219,219,219,219,229,263,263,295,295,394,394,405,417,417,71,99,134,134,147,147,62,93,105,130,149,149,251,251,266,488,488,505,525,525,555,566,591,591,618,635,645,675,675,675],"floor_reached":51,"playtime":2371,"items_purged":[],"score":896,"play_id":"a47d8271-3c89-43dd-ac2a-d6bf2d2420c1","local_time":"20190425095151","is_ascension_mode":false,"campfire_choices":[{"data":"Rage","floor":8,"key":"SMITH"},{"data":"Disarm","floor":10,"key":"SMITH"},{"data":"Shrug It Off","floor":15,"key":"SMITH"},{"data":"Immolate","floor":24,"key":"SMITH"},{"data":"Limit Break","floor":32,"key":"SMITH"},{"data":"Shockwave","floor":40,"key":"SMITH"},{"floor":44,"key":"REST"},{"floor":49,"key":"REST"}],"neow_cost":"NONE","seed_source_timestamp":1118273535243999,"circlet_count":0,"master_deck":["Strike_R+1","Strike_R+1","Strike_R","Strike_R","Strike_R","Defend_R","Defend_R","Defend_R","Bash+1","Disarm+1","Shrug It Off+1","Twin Strike","Clash","Battle Trance","Cleave","Rage+1","Rampage","Limit Break+1","Immolate+1","Flame Barrier","Blind","Feel No Pain","Blind","Shrug It Off","Shrug It Off+1","Metallicize","Anger","Clothesline+1","Shockwave+1","Limit Break","Disarm","Impervious","Spot Weakness","Inflame","Impervious","Iron Wave+1","Pummel","Headbutt","Uppercut+1"],"special_seed":0,"relics":["Burning Blood","Bottled Lightning","The Courier","Sundial","Bottled Flame","Runic Dome","Enchiridion","Vajra","Red Mask","PreservedInsect","Matryoshka","Blue Candle","Darkstone Periapt","Strawberry","Mark of Pain","Omamori","Gremlin Horn","Lantern","Art of War","Blood Vial"],"potions_floor_usage":[14,22,48,50],"damage_taken":[{"damage":1.0,"enemies":"Cultist","floor":1.0,"turns":3.0},{"damage":1.0,"enemies":"2 Louse","floor":2.0,"turns":4.0},{"damage":0.0,"enemies":"Small Slimes","floor":3.0,"turns":3.0},{"damage":8.0,"enemies":"Exordium Wildlife","floor":4.0,"turns":5.0},{"damage":5.0,"enemies":"Looter","floor":5.0,"turns":3.0},{"damage":29.0,"enemies":"3 Sentries","floor":6.0,"turns":10.0},{"damage":6,"enemies":"Large Slime","floor":7,"turns":4},{"damage":0,"enemies":"Red Slaver","floor":11,"turns":3},{"damage":5,"enemies":"Lagavulin","floor":12,"turns":7},{"damage":5,"enemies":"3 Sentries","floor":14,"turns":6},{"damage":18,"enemies":"The Guardian","floor":16,"turns":10},{"damage":5,"enemies":"Shell Parasite","floor":18,"turns":5},{"damage":0,"enemies":"3 Byrds","floor":19,"turns":4},{"damage":6,"enemies":"Masked Bandits","floor":22,"turns":2},{"damage":15,"enemies":"Gremlin Leader","floor":23,"turns":7},{"damage":3,"enemies":"3 Cultists","floor":25,"turns":3},{"damage":4,"enemies":"Slavers","floor":28,"turns":2},{"damage":5,"enemies":"Centurion and Healer","floor":29,"turns":5},{"damage":4,"enemies":"Gremlin Leader","floor":30,"turns":5},{"damage":0,"enemies":"Chosen and Byrds","floor":31,"turns":5},{"damage":11,"enemies":"Collector","floor":33,"turns":6},{"damage":0,"enemies":"3 Darklings","floor":35,"turns":3},{"damage":8,"enemies":"Orb Walker","floor":38,"turns":4},{"damage":5,"enemies":"Jaw Worm Horde","floor":39,"turns":2},{"damage":30,"enemies":"Nemesis","floor":41,"turns":7},{"damage":6,"enemies":"Writhing Mass","floor":42,"turns":7},{"damage":21,"enemies":"Giant Head","floor":45,"turns":8},{"damage":7,"enemies":"Spire Growth","floor":46,"turns":4},{"damage":0,"enemies":"Jaw Worm Horde","floor":47,"turns":4},{"damage":24,"enemies":"Nemesis","floor":48,"turns":5},{"damage":32,"enemies":"Time Eater","floor":50,"turns":10}],"seed_played":"-4369634565094093057","potions_obtained":[{"floor":2.0,"key":"PowerPotion"},{"floor":3.0,"key":"Dexterity Potion"},{"floor":7,"key":"AttackPotion"},{"floor":14,"key":"AttackPotion"},{"floor":19,"key":"Regen Potion"},{"floor":23,"key":"Block Potion"},{"floor":28,"key":"Fire Potion"}],"is_trial":false,"path_per_floor":["M","M","M","M","M","E","M","R","T","R","M","E","?","E","R","B",null,"M","M","?","$","?","E","R","M","T","?","E","M","E","M","R","B",null,"M","?","?","M","M","R","E","M","T","R","E","M","M","E","R","B",null],"character_chosen":"IRONCLAD","items_purchased":["Blind","Feel No Pain","Blind","Vajra","Shrug It Off"],"campfire_rested":2,"item_purchase_floors":[21,21,21,21,21],"current_hp_per_floor":[80,80,80,78,79,56,56,56,56,56,62,63,47,48,48,36,80,80,80,64,64,64,55,55,58,58,58,60,61,70,76,76,71,87,87,87,87,85,86,86,62,62,62,87,72,71,77,68,87,61],"gold":675,"neow_bonus":"UPGRADE_CARD","is_prod":false,"is_daily":false,"chose_seed":false,"campfire_upgraded":6,"win_rate":1,"timestamp":1556211111,"path_taken":["M","M","M","M","M","E","M","R","T","R","?","E","?","E","R","BOSS","M","M","?","$","?","E","R","M","T","?","E","M","E","M","R","BOSS","M","?","?","M","M","R","E","M","T","R","E","M","?","E","R","BOSS"],"build_version":"2019-01-23","purchased_purges":0,"victory":true,"max_hp_per_floor":[80,80,80,80,80,80,80,80,80,80,80,80,80,80,80,80,80,80,80,80,80,80,80,80,80,80,80,80,80,87,87,87,87,87,87,87,87,87,87,87,87,87,87,87,87,87,87,87,87,87],"card_choices":[{"not_picked":["Warcry","Twin Strike"],"picked":"Disarm","floor":1.0},{"not_picked":["Heavy Blade","Clash"],"picked":"Shrug It Off","floor":2.0},{"not_picked":["Disarm","Metallicize"],"picked":"Twin Strike","floor":3.0},{"not_picked":["Bloodletting","Body Slam"],"picked":"Clash","floor":4.0},{"not_picked":["Pommel Strike","Heavy Blade"],"picked":"Battle Trance","floor":5.0},{"not_picked":["Thunderclap","Corruption"],"picked":"Cleave","floor":6},{"not_picked":["Fire Breathing","Warcry"],"picked":"Rage","floor":7},{"not_picked":["Sword Boomerang","Pommel Strike"],"picked":"Rampage","floor":11},{"not_picked":["Rage","Sentinel"],"picked":"Limit Break","floor":12},{"not_picked":["Burning Pact","Hemokinesis","Wild Strike"],"picked":"SKIP","floor":14},{"not_picked":["Reaper","Barricade"],"picked":"Immolate","floor":16},{"not_picked":["Thunderclap","Rampage","Wild Strike"],"picked":"SKIP","floor":18},{"not_picked":["Flex","Sword Boomerang"],"picked":"Flame Barrier","floor":19},{"not_picked":["Clash","Ghostly Armor"],"picked":"Shrug It Off+1","floor":22},{"not_picked":["Havoc","Rage"],"picked":"Metallicize","floor":23},{"not_picked":["Havoc","Searing Blow"],"picked":"Anger","floor":25},{"not_picked":["Twin Strike+1","Sentinel"],"picked":"Clothesline+1","floor":28},{"not_picked":["Thunderclap","Pommel Strike"],"picked":"Shockwave","floor":29},{"not_picked":["Ghostly Armor","Pummel"],"picked":"Limit Break","floor":30},{"not_picked":["Twin Strike+1","Cleave"],"picked":"Disarm","floor":31},{"not_picked":["Berserk","Bludgeon"],"picked":"Impervious","floor":33},{"not_picked":["Cleave","Armaments+1"],"picked":"Spot Weakness","floor":35},{"not_picked":["Searing Blow","Pommel Strike","Body Slam"],"picked":"SKIP","floor":38},{"not_picked":["Cleave+1","Sword Boomerang","Iron Wave"],"picked":"SKIP","floor":39},{"not_picked":["Searing Blow+1","Combust+1"],"picked":"Impervious","floor":41},{"not_picked":["Rupture","Reckless Charge+1"],"picked":"Iron Wave+1","floor":42},{"not_picked":["Seeing Red","Warcry"],"picked":"Pummel","floor":45},{"not_picked":["Pommel Strike","Carnage"],"picked":"Headbutt","floor":46},{"not_picked":["Burning Pact+1","Iron Wave+1"],"picked":"Uppercut+1","floor":47},{"not_picked":["Anger+1","Thunderclap","Pommel Strike"],"picked":"SKIP","floor":48}],"player_experience":575325,"relics_obtained":[{"floor":6,"key":"Bottled Lightning"},{"floor":9,"key":"The Courier"},{"floor":12,"key":"Sundial"},{"floor":14,"key":"Bottled Flame"},{"floor":20,"key":"Enchiridion"},{"floor":22,"key":"Red Mask"},{"floor":23,"key":"PreservedInsect"},{"floor":26,"key":"Matryoshka"},{"floor":28,"key":"Darkstone Periapt"},{"floor":30,"key":"Strawberry"},{"floor":41,"key":"Omamori"},{"floor":43,"key":"Gremlin Horn"},{"floor":43,"key":"Lantern"},{"floor":45,"key":"Art of War"},{"floor":48,"key":"Blood Vial"}],"event_choices":[{"damage_healed":0,"gold_gain":0,"player_choice":"Entered Light","damage_taken":16,"max_hp_gain":0,"max_hp_loss":0,"event_name":"Shining Light","floor":13,"gold_loss":0,"cards_upgraded":["Strike_R","Strike_R"]},{"damage_healed":0,"gold_gain":0,"player_choice":"Obtained Book","damage_taken":16,"max_hp_gain":0,"max_hp_loss":0,"event_name":"Cursed Tome","floor":20,"gold_loss":0},{"damage_healed":0,"gold_gain":0,"player_choice":"Fought Bandits","damage_taken":0,"max_hp_gain":0,"max_hp_loss":0,"event_name":"Masked Bandits","floor":22,"gold_loss":0},{"damage_healed":0,"gold_gain":0,"player_choice":"Obtained Relic","damage_taken":0,"relics_obtained":["Blue Candle"],"max_hp_gain":0,"max_hp_loss":0,"event_name":"Addict","floor":27,"gold_loss":85},{"damage_healed":0,"gold_gain":222,"player_choice":"Wore Mask","damage_taken":0,"max_hp_gain":0,"max_hp_loss":0,"event_name":"Tomb of Lord Red Mask","floor":36,"gold_loss":0},{"damage_healed":0,"gold_gain":0,"cards_transformed":["Defend_R"],"player_choice":"Transformed","damage_taken":0,"max_hp_gain":0,"max_hp_loss":0,"event_name":"Transmorgrifier","floor":37,"gold_loss":0,"cards_obtained":["Inflame"]}],"is_beta":false,"boss_relics":[{"not_picked":["Calling Bell","Philosopher\u0027s Stone"],"picked":"Runic Dome"},{"not_picked":["Lizard Tail","Astrolabe"],"picked":"Mark of Pain"}],"items_purged_floors":[],"is_endless":false,"potions_floor_spawned":[2,3,7,14,16,19,23,28,29,38,45,46],"ascension_level":0}