{"gold_per_floor":[117,135,14,14,29,57,57,89,113,113,38,38,51,65,65,164,164,177,177,114,142,164,209,221,250,262,374,411,441,453,480,492,602,614,641,203,220,180,28,28,62,62,108,29,44,144,0,14,14,14,14,14,14,47,47],"floor_reached":55,"playtime":2377,"items_purged":["Strike_R","Strike_R"],"score":998,"play_id":"e6e74720-1da5-4787-ae41-2a2916a997f9","local_time":"20190319003448","is_ascension_mode":true,"campfire_choices":[{"floor":7.0,"key":"REST"},{"floor":10.0,"key":"REST"},{"data":"Rupture","floor":12.0,"key":"SMITH"},{"data":"Evolve","floor":15.0,"key":"SMITH"},{"floor":24.0,"key":"REST"},{"floor":30.0,"key":"REST"},{"data":"Corruption","floor":32.0,"key":"SMITH"},{"data":"Combust","floor":40.0,"key":"SMITH"},{"floor":42.0,"key":"REST"},{"floor":49.0,"key":"RECALL"},{"data":"Feel No Pain","floor":52.0,"key":"SMITH"}],"neow_cost":"NONE","seed_source_timestamp":20079189147800,"circlet_count":0,"master_deck":["Strike_R+1","Strike_R","Defend_R","Defend_R","Defend_R","Defend_R","Bash","Rupture+1","Headbutt","Uppercut","Anger","Combust+1","Evolve+1","Blood for Blood","Wild Strike+1","Offering","Shrug It Off","Rage+1","Battle Trance","Disarm+1","Corruption+1","Exhume","Rupture+1","Heavy Blade+1","Feel No Pain+1","Juggernaut"],"special_seed":0,"relics":["Burning Blood","NeowsBlessing","Art of War","Anchor","Bag of Marbles","Mark of Pain","MawBank","Potion Belt","Pear","Bird Faced Urn","Mercury Hourglass","Kunai","Sozu","Red Skull","DollysMirror","Oddly Smooth Stone","Bronze Scales","Pocketwatch","Red Mask","Bag of Preparation"],"potions_floor_usage":[],"damage_taken":[{"damage":0.0,"enemies":"Small Slimes","floor":1.0,"turns":1.0},{"damage":0.0,"enemies":"Cultist","floor":2.0,"turns":1.0},{"damage":0.0,"enemies":"2 Louse","floor":5.0,"turns":1.0},{"damage":48.0,"enemies":"Gremlin Nob","floor":6.0,"turns":5.0},{"damage":33.0,"enemies":"3 Sentries","floor":8.0,"turns":5.0},{"damage":6.0,"enemies":"Exordium Wildlife","floor":13.0,"turns":3.0},{"damage":6.0,"enemies":"3 Louse","floor":14.0,"turns":4.0},{"damage":26.0,"enemies":"Slime Boss","floor":16.0,"turns":6.0},{"damage":8.0,"enemies":"Spheric Guardian","floor":18.0,"turns":3.0},{"damage":22.0,"enemies":"2 Thieves","floor":21.0,"turns":4.0},{"damage":15.0,"enemies":"Snake Plant","floor":22.0,"turns":2.0},{"damage":25.0,"enemies":"Gremlin Leader","floor":23.0,"turns":5.0},{"damage":14.0,"enemies":"Shelled Parasite and Fungi","floor":25.0,"turns":4.0},{"damage":9.0,"enemies":"Colosseum Slavers","floor":27.0,"turns":3.0},{"damage":25.0,"enemies":"Colosseum Nobs","floor":27.0,"turns":3.0},{"damage":26.0,"enemies":"Book of Stabbing","floor":28.0,"turns":5.0},{"damage":9.0,"enemies":"3 Cultists","floor":29.0,"turns":4.0},{"damage":6.0,"enemies":"Centurion and Healer","floor":31.0,"turns":8.0},{"damage":83.0,"enemies":"Champ","floor":33.0,"turns":10.0},{"damage":17.0,"enemies":"3 Shapes","floor":35.0,"turns":6.0},{"damage":19.0,"enemies":"Orb Walker","floor":37.0,"turns":4.0},{"damage":46.0,"enemies":"Nemesis","floor":41.0,"turns":5.0},{"damage":10.0,"enemies":"Maw","floor":45.0,"turns":6.0},{"damage":6.0,"enemies":"Mind Bloom Boss Battle","floor":46.0,"turns":5.0},{"damage":26.0,"enemies":"3 Darklings","floor":48.0,"turns":6.0},{"damage":60.0,"enemies":"Donu and Deca","floor":50.0,"turns":7.0},{"damage":66,"enemies":"Shield and Spear","floor":54,"turns":7},{"damage":51,"enemies":"The Heart","floor":55,"turns":2}],"seed_played":"-2830501353695808492","potions_obtained":[{"floor":1.0,"key":"SkillPotion"},{"floor":2.0,"key":"SkillPotion"},{"floor":8.0,"key":"Explosive Potion"},{"floor":13.0,"key":"Weak Potion"},{"floor":21.0,"key":"SteroidPotion"},{"floor":23.0,"key":"Explosive Potion"},{"floor":29.0,"key":"Regen Potion"},{"floor":31.0,"key":"Regen Potion"}],"is_trial":false,"path_per_floor":["M","M","$","?","M","E","R","E","T","R","$","R","M","M","R","B",null,"M","?","?","M","M","E","R","M","T","?","E","M","R","M","R","B",null,"M","$","M","?","$","R","E","R","T","$","M","?","?","M","R","B",null,"R","$","E","B"],"character_chosen":"IRONCLAD","items_purchased":["Uppercut","Anger","Red Skull","DollysMirror","Oddly Smooth Stone","Feel No Pain"],"campfire_rested":5,"item_purchase_floors":[3,3,36,36,39,44],"current_hp_per_floor":[78,80,80,80,80,38,62,35,35,59,59,59,59,59,59,39,70,68,68,68,52,43,24,48,40,50,28,14,17,44,62,62,8,70,67,67,62,62,62,62,32,59,59,59,67,75,75,67,67,25,74,74,74,26,0],"gold":47,"neow_bonus":"THREE_ENEMY_KILL","is_prod":false,"is_daily":false,"chose_seed":false,"campfire_upgraded":5,"win_rate":0,"timestamp":1552970088,"path_taken":["M","M","$","?","?","E","R","E","T","R","$","R","M","?","R","BOSS","M","?","?","M","M","E","R","M","T","?","E","M","R","M","R","BOSS","M","$","M","?","$","R","E","R","T","?","M","?","?","M","R","BOSS","R","$","E","BOSS"],"build_version":"2019-01-23","purchased_purges":2,"victory":false,"max_hp_per_floor":[80,80,80,80,80,80,80,80,80,80,80,80,80,80,80,80,80,80,80,80,80,80,80,80,80,90,90,90,90,90,90,90,90,90,90,90,90,90,90,90,90,90,90,90,90,90,90,90,90,90,90,90,90,90,90],"card_choices":[{"not_picked":["Body Slam","Battle Trance"],"picked":"Rupture","floor":1.0},{"not_picked":["Corruption","Armaments"],"picked":"Headbutt","floor":2.0},{"not_picked":["Thunderclap","Reckless Charge","Havoc"],"picked":"SKIP","floor":5.0},{"not_picked":["Shrug It Off","Immolate"],"picked":"Combust","floor":6.0},{"not_picked":["Second Wind","True Grit"],"picked":"Evolve","floor":8.0},{"not_picked":["Infernal Blade","Thunderclap"],"picked":"Blood for Blood","floor":13.0},{"not_picked":["Feel No Pain","True Grit"],"picked":"Wild Strike","floor":14.0},{"not_picked":["Fiend Fire","Barricade"],"picked":"Offering","floor":16.0},{"not_picked":["Seeing Red","Flex"],"picked":"Shrug It Off","floor":18.0},{"not_picked":["Ghostly Armor+1","True Grit"],"picked":"Rage+1","floor":21.0},{"not_picked":["True Grit","Twin Strike+1","Searing Blow"],"picked":"SKIP","floor":22.0},{"not_picked":["Twin Strike","Combust"],"picked":"Battle Trance","floor":23.0},{"not_picked":["Wild Strike+1","Dual Wield+1","Havoc"],"picked":"SKIP","floor":25.0},{"not_picked":["Dual Wield","Evolve","Thunderclap"],"picked":"SKIP","floor":28.0},{"not_picked":["Flex+1","Rage"],"picked":"Disarm+1","floor":29.0},{"not_picked":["Pommel Strike","Cleave"],"picked":"Corruption","floor":31.0},{"not_picked":["Berserk","Feed"],"picked":"Exhume","floor":33.0},{"not_picked":["Havoc","Clothesline+1","Uppercut"],"picked":"SKIP","floor":35.0},{"not_picked":["Armaments","Rage+1"],"picked":"Heavy Blade+1","floor":37.0},{"not_picked":["Bloodletting","Twin Strike+1","Exhume"],"picked":"SKIP","floor":41.0},{"not_picked":["Spot Weakness","Iron Wave+1","Ghostly Armor+1"],"picked":"SKIP","floor":45.0},{"not_picked":["Twin Strike","Cleave+1","Anger+1"],"picked":"SKIP","floor":48.0},{"not_picked":["Spot Weakness","Intimidate+1"],"picked":"Juggernaut","floor":54}],"player_experience":545323,"relics_obtained":[{"floor":6.0,"key":"Art of War"},{"floor":8.0,"key":"Anchor"},{"floor":9.0,"key":"Bag of Marbles"},{"floor":23.0,"key":"Potion Belt"},{"floor":26.0,"key":"Pear"},{"floor":27.0,"key":"Bird Faced Urn"},{"floor":27.0,"key":"Mercury Hourglass"},{"floor":28.0,"key":"Kunai"},{"floor":41.0,"key":"Bronze Scales"},{"floor":46.0,"key":"Pocketwatch"},{"floor":54,"key":"Bag of Preparation"}],"event_choices":[{"cards_removed":["Strike_R"],"damage_healed":0.0,"max_hp_gain":0.0,"max_hp_loss":0.0,"gold_gain":0.0,"event_name":"Wheel of Change","player_choice":"Card Removal","floor":4.0,"gold_loss":0.0,"damage_taken":0.0},{"damage_healed":0.0,"max_hp_gain":0.0,"max_hp_loss":0.0,"gold_gain":0.0,"event_name":"Addict","player_choice":"Stole Relic","floor":19.0,"gold_loss":0.0,"damage_taken":0.0,"relics_obtained":["MawBank"],"cards_obtained":["Shame"]},{"cards_removed":["Shame"],"damage_healed":0.0,"max_hp_gain":0.0,"max_hp_loss":0.0,"gold_gain":0.0,"event_name":"Beggar","player_choice":"Gave Gold","floor":20.0,"gold_loss":75.0,"damage_taken":0.0},{"damage_healed":0.0,"max_hp_gain":0.0,"max_hp_loss":0.0,"gold_gain":0.0,"event_name":"Colosseum","player_choice":"Fight","floor":27.0,"gold_loss":0.0,"damage_taken":0.0},{"damage_healed":0.0,"max_hp_gain":0.0,"max_hp_loss":0.0,"gold_gain":0.0,"event_name":"Colosseum","player_choice":"Fought Nobs","floor":27.0,"gold_loss":0.0,"damage_taken":0.0},{"damage_healed":0.0,"max_hp_gain":0.0,"max_hp_loss":0.0,"gold_gain":0.0,"event_name":"Designer","player_choice":"Upgraded Two","floor":38.0,"gold_loss":40.0,"damage_taken":0.0,"cards_upgraded":["Strike_R","Wild Strike"]},{"damage_healed":0.0,"max_hp_gain":0.0,"max_hp_loss":0.0,"gold_gain":0.0,"event_name":"MindBloom","player_choice":"Fight","floor":46.0,"gold_loss":0.0,"damage_taken":0.0},{"damage_healed":0.0,"max_hp_gain":0.0,"max_hp_loss":0.0,"gold_gain":0.0,"event_name":"Tomb of Lord Red Mask","player_choice":"Paid","floor":47.0,"gold_loss":144.0,"damage_taken":0.0,"relics_obtained":["Red Mask"]}],"is_beta":false,"boss_relics":[{"not_picked":["Empty Cage","Eternal Feather"],"picked":"Mark of Pain"},{"not_picked":["Tiny House","Busted Crown"],"picked":"Sozu"}],"items_purged_floors":[11,36],"is_endless":false,"potions_floor_spawned":[1,2,8,13,14,21,23,29,31,41,45,46],"killed_by":"The Heart","ascension_level":8}