{"path_per_floor":["M","M","M","M","M","M","R","M","T","M","M","M","?","M","R","B",null,"M","$","M","M","?","R"],"character_chosen":"THE_SILENT","items_purchased":["Bronze Scales","Caltrops"],"gold_per_floor":[113,124,135,147,161,181,181,194,217,188,199,209,159,176,176,275,275,289,18,31,45,45,45],"floor_reached":24,"campfire_rested":1,"playtime":1545,"current_hp_per_floor":[69,69,68,56,31,23,44,44,44,39,38,38,38,38,38,37,70,51,51,41,31,54,54],"items_purged":["Strike_G"],"gold":45,"score":198,"play_id":"cc0e4843-7fbb-4225-b60e-8e7794766549","is_prod":false,"is_daily":false,"is_ascension_mode":false,"campfire_upgraded":2,"path_taken":["M","M","M","?","M","M","R","M","T","M","?","M","?","M","R","BOSS","M","$","M","M","?","R","E"],"build_version":"2018-02-15-PROD1","purchased_purges":1,"victory":false,"master_deck":["Defend_G","Defend_G","Defend_G","Defend_G","Defend_G","Strike_G","Strike_G+1","Strike_G+1","Survivor","Neutralize+1","Outmaneuver","Dodge and Roll","Blur","Backflip","Acrobatics","Underhanded Strike","Dash","Deflect","Slice","Noxious Fumes+1","Grand Finale","Flying Knee+1","Caltrops","Poisoned Stab","Noxious Fumes+1"],"max_hp_per_floor":[70,70,70,70,70,70,70,70,70,70,70,70,70,70,70,70,70,70,70,70,70,70,70],"relics":["Ring of the Snake","Whetstone","The Specimen","Bronze Scales"],"card_choices":[{"not_picked":["Endless Agony","Underhanded Strike"],"picked":"Outmaneuver"},{"not_picked":["Malaise","Underhanded Strike"],"picked":"Dodge and Roll"},{"not_picked":["Dash","Deflect"],"picked":"Blur"},{"not_picked":["Slice","Finisher"],"picked":"Backflip"},{"not_picked":["Backflip","Reflex"],"picked":"Acrobatics"},{"not_picked":["Acrobatics","Tools of the Trade"],"picked":"Underhanded Strike"},{"not_picked":["Underhanded Strike","Sucker Punch"],"picked":"Dash"},{"not_picked":["Dagger Spray","PiercingWail"],"picked":"Deflect"},{"not_picked":["Accuracy","Catalyst"],"picked":"Slice"},{"not_picked":["Calculated Gamble","Slice"],"picked":"Noxious Fumes"},{"not_picked":["Glass Knife","Venomology"],"picked":"Grand Finale"},{"not_picked":["Skewer","PiercingWail"],"picked":"Flying Knee"},{"not_picked":["Bane","Heel Hook"],"picked":"Poisoned Stab"},{"not_picked":["Underhanded Strike","PiercingWail"],"picked":"Noxious Fumes"}],"player_experience":136909,"potions_floor_usage":[16,18,20,21],"damage_taken":[{"damage":1,"enemies":"Cultist","floor":1,"turns":4},{"damage":0,"enemies":"Small Slimes","floor":2,"turns":5},{"damage":1,"enemies":"Jaw Worm","floor":3,"turns":5},{"damage":12,"enemies":"3 Louse","floor":4,"turns":7},{"damage":25,"enemies":"Exordium Thugs","floor":5,"turns":14},{"damage":8,"enemies":"Large Slime","floor":6,"turns":16},{"damage":0,"enemies":"Looter","floor":8,"turns":5},{"damage":5,"enemies":"Exordium Thugs","floor":10,"turns":5},{"damage":1,"enemies":"Exordium Wildlife","floor":11,"turns":6},{"damage":0,"enemies":"2 Fungi Beasts","floor":12,"turns":4},{"damage":0,"enemies":"Large Slime","floor":14,"turns":8},{"damage":1,"enemies":"The Guardian","floor":16,"turns":13},{"damage":19,"enemies":"3 Byrds","floor":18,"turns":4},{"damage":10,"enemies":"2 Thieves","floor":20,"turns":4},{"damage":25,"enemies":"Sentry and Sphere","floor":21,"turns":7},{"damage":55,"enemies":"Gremlin Leader","floor":24,"turns":4}],"event_choices":[{"event_name":"The Cleric","player_choice":"Card Removal","floor":13,"damage_taken":0},{"event_name":"The Library","player_choice":"Heal","floor":22,"damage_taken":0}],"boss_relics":[{"not_picked":["Question Card","Astrolabe"],"picked":"The Specimen"}],"potions_floor_spawned":[2,3,4,6,10,14,18,20],"seed_played":"-1367824868238255205","killed_by":"Gremlin Leader","ascension_level":0,"is_trial":false}