{"path_per_floor":["M","M","M","M","M","E","R","M","T","M","$","M","M","?","R","B",null,"M","M","$"],"character_chosen":"IRONCLAD","items_purchased":["Spot Weakness","Flex","Orichalcum"],"gold_per_floor":[115,135,147,166,185,249,249,263,263,281,181,200,213,213,213,316,316,326,301,151],"floor_reached":21,"campfire_rested":2,"playtime":769,"current_hp_per_floor":[66,66,65,51,57,19,43,23,23,26,26,32,33,33,57,13,80,32,7,7],"items_purged":[],"gold":151,"score":187,"play_id":"243c8f77-ba06-49ba-9fb1-ab832fdc843d","is_prod":false,"is_daily":false,"is_ascension_mode":false,"campfire_upgraded":0,"path_taken":["M","M","M","M","M","E","R","M","T","M","$","M","M","?","R","BOSS","M","M","$","M"],"build_version":"2018-02-15-PROD1","purchased_purges":1,"victory":false,"master_deck":["Strike_R","Strike_R","Strike_R","Strike_R","Strike_R","Defend_R","Defend_R","Defend_R","Defend_R","Bash","Heavy Blade","Headbutt","Cleave","Headbutt","Spot Weakness","Flex","Berserk","Demon Form"],"max_hp_per_floor":[80,80,80,80,80,80,80,80,80,80,80,80,80,80,80,80,80,80,80,80],"relics":["Burning Blood","Tiny Chest","Thread and Needle","Runic Pyramid","Orichalcum"],"card_choices":[{"not_picked":["Perfected Strike","Clothesline"],"picked":"Heavy Blade"},{"not_picked":["Havoc","Clash"],"picked":"Headbutt"},{"not_picked":["Sentinel","True Grit"],"picked":"Cleave"},{"not_picked":["Thunderclap","Armaments"],"picked":"Headbutt"},{"not_picked":["Perfected Strike","Corruption"],"picked":"Berserk"},{"not_picked":["Juggernaut","Reaper"],"picked":"Demon Form"}],"player_experience":115767,"potions_floor_usage":[2,6,10,16,16,16],"damage_taken":[{"damage":20,"enemies":"2 Louse","floor":1,"turns":3},{"damage":6,"enemies":"Cultist","floor":2,"turns":3},{"damage":7,"enemies":"Small Slimes","floor":3,"turns":3},{"damage":20,"enemies":"3 Louse","floor":4,"turns":3},{"damage":0,"enemies":"Large Slime","floor":5,"turns":4},{"damage":44,"enemies":"Lagavulin","floor":6,"turns":6},{"damage":26,"enemies":"Exordium Thugs","floor":8,"turns":4},{"damage":3,"enemies":"Gremlin Gang","floor":10,"turns":4},{"damage":0,"enemies":"2 Fungi Beasts","floor":12,"turns":2},{"damage":5,"enemies":"Blue Slaver","floor":13,"turns":3},{"damage":50,"enemies":"The Guardian","floor":16,"turns":11},{"damage":54,"enemies":"3 Byrds","floor":18,"turns":6},{"damage":31,"enemies":"2 Thieves","floor":19,"turns":5},{"damage":13,"enemies":"Sentry and Sphere","floor":21,"turns":3}],"event_choices":[{"event_name":"The Lab","player_choice":"Got Potions","floor":14,"damage_taken":0}],"boss_relics":[{"not_picked":["Question Card","Astrolabe"],"picked":"Runic Pyramid"}],"potions_floor_spawned":[6,8,10,13],"seed_played":"4638328279169550620","killed_by":"Sentry and Sphere","ascension_level":0,"is_trial":false}