{"path_per_floor":["M","?","$","?","$","E","R","M","T","M","M","R","M","?","R","B",null,"M","M","M","?","$"],"character_chosen":"IRONCLAD","items_purchased":["Whirlwind","Apotheosis","Blood for Blood"],"gold_per_floor":[115,115,35,135,135,167,167,185,209,219,237,237,252,252,252,347,347,359,373,389,389,129],"floor_reached":23,"campfire_rested":3,"playtime":1835,"current_hp_per_floor":[88,88,88,88,88,10,36,41,41,47,47,73,66,49,75,65,88,74,75,41,70,70],"items_purged":[],"gold":129,"play_id":"a6cb036d-b114-4905-bea3-c2350f4d386b","is_prod":false,"is_daily":false,"is_ascension_mode":false,"campfire_upgraded":0,"path_taken":["M","?","$","?","?","E","R","M","T","?","M","R","M","?","R","BOSS","M","M","M","?","$","E"],"build_version":"2018-01-25-PROD3","purchased_purges":0,"victory":false,"master_deck":["Strike_R","Strike_R","Strike_R","Strike_R","Strike_R","Defend_R+1","Defend_R+1","Defend_R","Defend_R","Bash","Metallicize","Whirlwind","Armaments","Armaments+1","Clash","Perfected Strike","Inflame","Double Tap","Iron Wave+1","Thunderclap+1","Warcry","Apotheosis","Blood for Blood"],"max_hp_per_floor":[88,88,88,88,88,88,88,88,88,88,88,88,88,88,88,88,88,88,88,88,88,88],"relics":["Burning Blood","Bag of Marbles","Toxic Egg","White Beast Statue"],"card_choices":[{"not_picked":["Dual Wield","Rupture"],"picked":"Metallicize"},{"not_picked":["Thunderclap","Corruption"],"picked":"Armaments"},{"not_picked":["Feel No Pain","Flex"],"picked":"Armaments"},{"not_picked":["Flex","Body Slam"],"picked":"Clash"},{"not_picked":["Flex","Combust"],"picked":"Perfected Strike"},{"not_picked":["Power Through","Iron Wave"],"picked":"Inflame"},{"not_picked":["Berserk","Reaper"],"picked":"Double Tap"},{"not_picked":["True Grit","Anger"],"picked":"Iron Wave"},{"not_picked":["Twin Strike","Impervious"],"picked":"Thunderclap"},{"not_picked":["Whirlwind","Corruption"],"picked":"Warcry"}],"player_experience":34471,"potions_floor_usage":[16,19,20,23,23,23],"damage_taken":[{"damage":0,"enemies":"Small Slimes","floor":1,"turns":4},{"damage":84,"enemies":"Lagavulin","floor":6,"turns":15},{"damage":1,"enemies":"Cultist","floor":8,"turns":4},{"damage":0,"enemies":"Blue Slaver","floor":10,"turns":5},{"damage":6,"enemies":"Exordium Wildlife","floor":11,"turns":5},{"damage":13,"enemies":"Red Slaver","floor":13,"turns":2},{"damage":16,"enemies":"Slime Boss","floor":16,"turns":9},{"damage":20,"enemies":"Shell Parasite","floor":18,"turns":6},{"damage":5,"enemies":"Spheric Guardian","floor":19,"turns":7},{"damage":55,"enemies":"Centurion and Healer","floor":20,"turns":7},{"damage":75,"enemies":"Book of Stabbing","floor":23,"turns":7}],"event_choices":[{"event_name":"Liars Game","player_choice":"disagreed","floor":2,"damage_taken":0},{"event_name":"Golden Shrine","player_choice":"Pray","floor":4,"damage_taken":0},{"event_name":"Shining Light","player_choice":"Entered Light","floor":14,"damage_taken":0},{"event_name":"The Library","player_choice":"Heal","floor":21,"damage_taken":0}],"boss_relics":[{"not_picked":["Snecko Eye","Black Blood"],"picked":"White Beast Statue"}],"potions_floor_spawned":[1,10,13,18,19,20],"seed_played":"5663771655960099971","killed_by":"Book of Stabbing","ascension_level":0,"is_trial":false}