{"gold_per_floor":[110,110,110,122,122,166,180,180,227,227,246,279,24,24],"floor_reached":14,"playtime":426,"items_purged":[],"score":246,"play_id":"b8351a08-e0a1-4fdc-a567-6daa01aa9d53","local_time":"20190414165532","is_ascension_mode":true,"campfire_choices":[{"data":"Fission","floor":8.0,"key":"SMITH"},{"data":"Zap","floor":10.0,"key":"SMITH"}],"neow_cost":"NONE","seed_source_timestamp":2320769341229,"circlet_count":0,"master_deck":["AscendersBane","Strike_B","Strike_B","Strike_B","Strike_B","Defend_B","Defend_B","Defend_B","Defend_B","Zap+1","Dualcast","Chaos+1","Conserve Battery","Go for the Eyes","Fission+1","White Noise","Loop","Self Repair","Core Surge"],"special_seed":0,"relics":["Cracked Core","NeowsBlessing","Blood Vial","Golden Idol","Potion Belt","Art of War","MawBank"],"potions_floor_usage":[],"damage_taken":[{"damage":0.0,"enemies":"Small Slimes","floor":1.0,"turns":1.0},{"damage":0.0,"enemies":"2 Louse","floor":4.0,"turns":1.0},{"damage":0.0,"enemies":"Lagavulin","floor":6.0,"turns":1.0},{"damage":2.0,"enemies":"Jaw Worm","floor":7.0,"turns":4.0},{"damage":0.0,"enemies":"Looter","floor":11.0,"turns":3.0},{"damage":39.0,"enemies":"Gremlin Nob","floor":12.0,"turns":4.0},{"damage":23,"enemies":"3 Sentries","floor":14,"turns":6}],"seed_played":"8622647507230652509","potions_obtained":[{"floor":4.0,"key":"Dexterity Potion"},{"floor":7.0,"key":"AttackPotion"}],"is_trial":false,"path_per_floor":["M","?","?","M","?","E","M","R","T","R","M","E","$","E"],"character_chosen":"DEFECT","items_purchased":["Self Repair","Core Surge"],"campfire_rested":0,"item_purchase_floors":[13,13],"current_hp_per_floor":[64,59,59,61,61,63,62,62,62,62,64,25,25,4],"gold":24,"neow_bonus":"THREE_ENEMY_KILL","is_prod":false,"is_daily":false,"chose_seed":false,"campfire_upgraded":2,"win_rate":0,"timestamp":1555253732,"path_taken":["M","?","?","M","?","E","M","R","T","R","M","E","?","E"],"build_version":"2019-04-04","purchased_purges":0,"victory":false,"max_hp_per_floor":[71,71,71,71,64,64,64,64,64,64,64,64,64,64],"card_choices":[{"not_picked":["Turbo","Redo"],"picked":"Chaos","floor":1.0},{"not_picked":["Ball Lightning","Steam"],"picked":"Conserve Battery","floor":4.0},{"not_picked":["Hologram","Go for the Eyes","Heatsinks"],"picked":"SKIP","floor":6.0},{"not_picked":["Hologram","Heatsinks"],"picked":"Go for the Eyes","floor":6.0},{"not_picked":["Blizzard","Coolheaded"],"picked":"Fission","floor":7.0},{"not_picked":["Steam Power","Gash"],"picked":"White Noise","floor":11.0},{"not_picked":["Coolheaded","Fusion"],"picked":"Loop","floor":12.0}],"player_experience":1129707,"relics_obtained":[{"floor":6.0,"key":"Potion Belt"},{"floor":9.0,"key":"Art of War"},{"floor":12.0,"key":"MawBank"}],"event_choices":[{"damage_healed":0.0,"max_hp_gain":0.0,"max_hp_loss":0.0,"gold_gain":0.0,"event_name":"Scrap Ooze","player_choice":"Success","floor":2.0,"gold_loss":0.0,"damage_taken":5.0,"relics_obtained":["Blood Vial"]},{"damage_healed":0.0,"max_hp_gain":0.0,"max_hp_loss":0.0,"gold_gain":0.0,"event_name":"Living Wall","player_choice":"Grow","floor":3.0,"gold_loss":0.0,"damage_taken":0.0,"cards_upgraded":["Chaos"]},{"damage_healed":0.0,"max_hp_gain":0.0,"max_hp_loss":7.0,"gold_gain":0.0,"event_name":"Golden Idol","player_choice":"Lose Max HP","floor":5.0,"gold_loss":0.0,"damage_taken":0.0,"relics_obtained":["Golden Idol"]}],"is_beta":true,"boss_relics":[],"items_purged_floors":[],"is_endless":false,"potions_floor_spawned":[4,7],"killed_by":"3 Sentries","ascension_level":20}