{"gold_per_floor":[117,130,144,144,144,144,179,191,215,215,13,36,67,78,78,373,373,383,391,391,401,417,417,442,442,442,31,44,44,71,83,83,176,176,190,190,115,116,122,122,137,0,0,27,28,28,49,149,149,149,149,149,49,77,77],"floor_reached":56,"playtime":5021,"items_purged":["Strike_G","Strike_G"],"score":1567,"play_id":"22ed242f-e474-418b-b145-548c538c1a17","local_time":"20190412182354","is_ascension_mode":true,"campfire_choices":[{"data":"Sucker Punch","floor":6.0,"key":"SMITH"},{"data":"Predator","floor":10.0,"key":"SMITH"},{"data":"Leg Sweep","floor":15.0,"key":"SMITH"},{"floor":23.0,"key":"REST"},{"data":"Envenom","floor":25.0,"key":"SMITH"},{"data":"Malaise","floor":29.0,"key":"SMITH"},{"data":"After Image","floor":32.0,"key":"SMITH"},{"data":"After Image","floor":40.0,"key":"SMITH"},{"data":"Caltrops","floor":46.0,"key":"SMITH"},{"floor":49.0,"key":"RECALL"},{"data":"Blur","floor":52.0,"key":"SMITH"}],"neow_cost":"NONE","seed_source_timestamp":2127416407399303,"circlet_count":0,"master_deck":["Defend_G+1","Defend_G","Defend_G","Defend_G","Defend_G","Strike_G","Strike_G","Strike_G+1","Survivor","Neutralize","Adrenaline","Sucker Punch+1","PiercingWail","Cloak And Dagger+1","Predator+1","Unload+1","Flechettes","Leg Sweep+1","Flash of Steel","Finesse","Envenom+1","Predator+1","Malaise+1","Blur+1","Infinite Blades","conspire:DoublingDagger+1","After Image+1","vexMod:ComboTrick","After Image+1","Caltrops+1","Backflip","Heel Hook+1","PiercingWail+1"],"special_seed":0,"relics":["Ring of the Snake","vexMod:RedPlottingStone","vexMod:DeviousBotling","Orichalcum","War Paint","vexMod:Cooldron","Boot","Whetstone","Pen Nib","PreservedInsect","Anchor","conspire:TopHat","vexMod:FallenStar","Blood Vial","White Beast Statue","Red Mask","Lantern","Ancient Tea Set","construct:BoolHorns","Paper Crane"],"potions_floor_usage":[55,55,55,55],"damage_taken":[{"damage":0.0,"enemies":"conspire:RoseBush","floor":1.0,"turns":4.0},{"damage":1.0,"enemies":"Jaw Worm","floor":2.0,"turns":4.0},{"damage":0.0,"enemies":"2 Louse","floor":3.0,"turns":4.0},{"damage":22.0,"enemies":"Lagavulin","floor":7.0,"turns":8.0},{"damage":2.0,"enemies":"Looter","floor":8.0,"turns":3.0},{"damage":1.0,"enemies":"3 Sentries","floor":13.0,"turns":8.0},{"damage":0.0,"enemies":"Red Slaver","floor":14.0,"turns":2.0},{"damage":15.0,"enemies":"The Guardian","floor":16.0,"turns":12.0},{"damage":0.0,"enemies":"Chosen","floor":18.0,"turns":3.0},{"damage":2.0,"enemies":"Shell Parasite","floor":19.0,"turns":4.0},{"damage":19.0,"enemies":"Cultist and Chosen","floor":21.0,"turns":6.0},{"damage":14.0,"enemies":"conspire:HollyBat","floor":22.0,"turns":7.0},{"damage":1.0,"enemies":"conspire:Head Lice","floor":24.0,"turns":6.0},{"damage":0.0,"enemies":"Chosen and Byrds","floor":28.0,"turns":3.0},{"damage":5.0,"enemies":"Gremlin Leader","floor":30.0,"turns":4.0},{"damage":11.0,"enemies":"Snake Plant","floor":31.0,"turns":3.0},{"damage":22.0,"enemies":"Automaton","floor":33.0,"turns":10.0},{"damage":0.0,"enemies":"Orb Walker","floor":35.0,"turns":2.0},{"damage":0.0,"enemies":"3 Darklings","floor":38.0,"turns":11.0},{"damage":4.0,"enemies":"Sphere and 2 Shapes","floor":39.0,"turns":7.0},{"damage":14.0,"enemies":"Transient","floor":41.0,"turns":5.0},{"damage":5.0,"enemies":"Nemesis","floor":44.0,"turns":5.0},{"damage":0.0,"enemies":"Jaw Worm Horde","floor":45.0,"turns":4.0},{"damage":12.0,"enemies":"Reptomancer","floor":47.0,"turns":5.0},{"damage":0.0,"enemies":"Mind Bloom Boss Battle","floor":48.0,"turns":4.0},{"damage":11.0,"enemies":"Awakened One","floor":50.0,"turns":17.0},{"damage":0.0,"enemies":"Shield and Spear","floor":54.0,"turns":4.0},{"damage":43,"enemies":"The Heart","floor":55,"turns":10}],"seed_played":"-7135629851911199838","potions_obtained":[{"floor":3.0,"key":"Block Potion"},{"floor":7.0,"key":"Weak Potion"},{"floor":8.0,"key":"Ancient Potion"},{"floor":14.0,"key":"EntropicBrew"},{"floor":19.0,"key":"EntropicBrew"},{"floor":22.0,"key":"EntropicBrew"},{"floor":30.0,"key":"EntropicBrew"},{"floor":35.0,"key":"EntropicBrew"},{"floor":38.0,"key":"EntropicBrew"},{"floor":39.0,"key":"EntropicBrew"},{"floor":41.0,"key":"EntropicBrew"},{"floor":44.0,"key":"EntropicBrew"},{"floor":45.0,"key":"EntropicBrew"},{"floor":47.0,"key":"EntropicBrew"},{"floor":48.0,"key":"EntropicBrew"},{"floor":54.0,"key":"EntropicBrew"}],"is_trial":false,"path_per_floor":["M","M","M","?","?","R","E","M","T","R","$","T","E","M","R","B",null,"M","M","?","M","M","R","E","R","T","$","M","R","E","M","R","B",null,"M","?","$","M","M","R","M","?","T","E","M","R","E","?","R","B",null,"R","$","E","B",null],"character_chosen":"THE_SILENT","items_purchased":["vexMod:Cooldron","Blur","Infinite Blades","vexMod:FallenStar"],"campfire_rested":1,"item_purchase_floors":[11,27,27,27],"current_hp_per_floor":[63,62,62,54,54,54,32,30,30,30,30,30,29,29,29,29,60,60,58,58,39,25,46,45,45,45,45,47,47,56,48,48,30,60,63,63,63,67,67,67,57,57,57,70,70,70,59,63,63,56,67,67,67,70,28],"gold":77,"neow_bonus":"ONE_RANDOM_RARE_CARD","is_prod":false,"is_daily":false,"chose_seed":false,"campfire_upgraded":9,"win_rate":0,"timestamp":1555118634,"path_taken":["M","M","M","?","?","R","E","M","T","R","?","?","E","M","R","BOSS","M","M","?","?","M","R","E","R","T","$","M","R","E","M","R","BOSS","M","?","$","M","M","R","M","?","T","E","M","R","E","?","R","BOSS","R","$","E","BOSS"],"build_version":"2019-01-23","purchased_purges":2,"victory":true,"max_hp_per_floor":[70,70,70,70,65,65,65,65,65,65,65,65,65,65,65,70,70,70,70,70,70,70,70,70,70,70,70,70,70,70,70,70,70,70,70,70,70,70,70,70,70,70,70,70,70,70,70,70,70,70,70,70,70,70,70],"card_choices":[{"not_picked":["Dodge and Roll","Deflect"],"picked":"Sucker Punch","floor":1.0},{"not_picked":["Expertise","Underhanded Strike"],"picked":"PiercingWail","floor":2.0},{"not_picked":["conspire:DoublingDagger","Flying Knee"],"picked":"Cloak And Dagger","floor":3.0},{"not_picked":["Deadly Poison","Dagger Throw"],"picked":"Predator","floor":7.0},{"not_picked":["vexMod:ShadowStrike","Sucker Punch"],"picked":"Unload","floor":8.0},{"not_picked":["Deadly Poison","Concentrate"],"picked":"Flechettes","floor":13.0},{"not_picked":["Quick Slash","Dagger Spray"],"picked":"Leg Sweep","floor":14.0},{"not_picked":["Die Die Die","Doppelganger"],"picked":"Envenom","floor":16.0},{"not_picked":["Poisoned Stab","Catalyst","Blade Dance"],"picked":"SKIP","floor":18.0},{"not_picked":["Poisoned Stab","Catalyst"],"picked":"Slice+1","floor":19.0},{"not_picked":["vexMod:PinpointKick"],"picked":"Predator+1","floor":21.0},{"not_picked":["Deadly Poison","Flying Knee"],"picked":"SKIP","floor":22.0},{"not_picked":["Dodge and Roll+1","Distraction"],"picked":"Malaise","floor":24.0},{"not_picked":["Deadly Poison","Bouncing Flask"],"picked":"conspire:DoublingDagger+1","floor":28.0},{"not_picked":["Quick Slash","Poisoned Stab"],"picked":"After Image","floor":30.0},{"not_picked":["Choke+1","Expertise"],"picked":"vexMod:ComboTrick","floor":31.0},{"not_picked":["Wraith Form v2"],"picked":"After Image","floor":33.0},{"not_picked":["Slice+1","vexMod:BandageWhip+1"],"picked":"Caltrops","floor":35.0},{"not_picked":["Dagger Throw","Deflect"],"picked":"Backflip","floor":38.0},{"not_picked":["Dagger Throw","Acrobatics"],"picked":"SKIP","floor":39.0},{"not_picked":["Underhanded Strike+1","Poisoned Stab+1"],"picked":"Heel Hook+1","floor":41.0},{"not_picked":["Bane","vexMod:EvasiveThoughts"],"picked":"SKIP","floor":44.0},{"not_picked":["Deflect+1","vexMod:VenomSigh+1"],"picked":"SKIP","floor":45.0},{"not_picked":["vexMod:PinpointKick","Underhanded Strike+1","Glass Knife"],"picked":"SKIP","floor":47.0},{"not_picked":["vexMod:ComboTrick+1","Acrobatics"],"picked":"PiercingWail+1","floor":48.0},{"not_picked":["Deflect+1","Noxious Fumes","Dagger Spray+1"],"picked":"SKIP","floor":54.0}],"player_experience":235488,"relics_obtained":[{"floor":4.0,"key":"vexMod:RedPlottingStone"},{"floor":7.0,"key":"Orichalcum"},{"floor":9.0,"key":"War Paint"},{"floor":12.0,"key":"Boot"},{"floor":13.0,"key":"Whetstone"},{"floor":24.0,"key":"Anchor"},{"floor":26.0,"key":"conspire:TopHat"},{"floor":30.0,"key":"Blood Vial"},{"floor":44.0,"key":"Lantern"},{"floor":47.0,"key":"Ancient Tea Set"},{"floor":48.0,"key":"construct:BoolHorns"},{"floor":54.0,"key":"Paper Crane"}],"event_choices":[{"cards_removed":["Slice"],"damage_healed":0.0,"max_hp_gain":0.0,"max_hp_loss":0.0,"gold_gain":0.0,"event_name":"Falling","player_choice":"Removed Attack","floor":36.0,"gold_loss":0.0,"damage_taken":0.0},{"damage_healed":0.0,"max_hp_gain":0.0,"max_hp_loss":0.0,"gold_gain":0.0,"event_name":"Tomb of Lord Red Mask","player_choice":"Paid","floor":42.0,"gold_loss":137.0,"damage_taken":0.0,"relics_obtained":["Red Mask"]},{"damage_healed":0.0,"max_hp_gain":0.0,"max_hp_loss":0.0,"gold_gain":0.0,"event_name":"MindBloom","player_choice":"Fight","floor":48.0,"gold_loss":0.0,"damage_taken":0.0}],"is_beta":false,"boss_relics":[{"not_picked":["Sozu","Empty Cage"],"picked":"vexMod:DeviousBotling"},{"not_picked":["Runic Dome","conspire:SeveredTorchhead"],"picked":"White Beast Statue"}],"items_purged_floors":[37,53],"is_endless":false,"potions_floor_spawned":[3,7,8,14,19,22,30,35,38,39,41,44,45,47,48,54],"ascension_level":7}