{"gold_per_floor":[109,109,109,74,91,119,134,152,179,179,179,146,146,164,164,237,237,255,255,273,6,6],"floor_reached":22,"playtime":794,"items_purged":[],"score":359,"play_id":"d0e6e9e6-ca23-4de3-a08a-60511994f393","local_time":"20190423000012","is_ascension_mode":true,"campfire_choices":[{"data":"Zap","floor":11.0,"key":"SMITH"},{"floor":15.0,"key":"REST"}],"neow_cost":"NONE","seed_source_timestamp":20537898134300,"circlet_count":0,"master_deck":["AscendersBane","Strike_B","Strike_B","Strike_B","Strike_B","Defend_B+1","Defend_B","Defend_B","Defend_B","Zap+1","Dualcast","Loop","Steam+1","Scrape","Capacitor","White Noise","Consume","Streamline","Reboot","Self Repair","Force Field+1","Capacitor"],"special_seed":0,"relics":["Cracked Core","NeowsBlessing","GremlinMask","Pen Nib","War Paint","Snecko Eye","Medical Kit"],"potions_floor_usage":[],"damage_taken":[{"damage":0.0,"enemies":"Jaw Worm","floor":1.0,"turns":1.0},{"damage":0.0,"enemies":"2 Louse","floor":5.0,"turns":1.0},{"damage":0.0,"enemies":"3 Sentries","floor":6.0,"turns":1.0},{"damage":0.0,"enemies":"Cultist","floor":7.0,"turns":3.0},{"damage":19.0,"enemies":"3 Louse","floor":8.0,"turns":5.0},{"damage":22.0,"enemies":"Exordium Thugs","floor":12.0,"turns":5.0},{"damage":0.0,"enemies":"Lots of Slimes","floor":14.0,"turns":1.0},{"damage":10.0,"enemies":"Slime Boss","floor":16.0,"turns":9.0},{"damage":29,"enemies":"Chosen","floor":18,"turns":5},{"damage":36,"enemies":"Shell Parasite","floor":20,"turns":7},{"damage":10,"enemies":"Sentry and Sphere","floor":22,"turns":2}],"seed_played":"9171952852044496889","potions_obtained":[{"floor":1.0,"key":"SmokeBomb"},{"floor":6.0,"key":"Swift Potion"},{"floor":8.0,"key":"LiquidBronze"},{"floor":10.0,"key":"PowerPotion"},{"floor":14.0,"key":"SkillPotion"},{"floor":20,"key":"FearPotion"}],"is_trial":false,"path_per_floor":["M","?","?","$","M","E","M","M","T","?","R","M","$","M","R","B",null,"M","?","M","$","M"],"character_chosen":"DEFECT","items_purchased":["Loop","Medical Kit","Capacitor"],"campfire_rested":1,"item_purchase_floors":[4,21,21],"current_hp_per_floor":[64,69,69,69,69,69,69,50,50,50,50,28,28,28,50,40,67,38,38,9,9,0],"gold":6,"neow_bonus":"THREE_ENEMY_KILL","is_prod":false,"is_daily":false,"chose_seed":false,"campfire_upgraded":1,"win_rate":0,"timestamp":1555992012,"path_taken":["M","?","?","$","M","E","?","M","T","?","R","M","$","M","R","BOSS","M","?","?","$","M"],"build_version":"2019-01-23","purchased_purges":0,"victory":false,"max_hp_per_floor":[71,76,76,76,76,76,76,76,76,76,76,76,76,76,76,76,76,76,76,76,76,76],"card_choices":[{"not_picked":["Auto Shields","Reinforced Body"],"picked":"Gash","floor":1.0},{"not_picked":["Steam Power","Aggregate"],"picked":"Steam","floor":5.0},{"not_picked":["BootSequence","Stack"],"picked":"Scrape","floor":6.0},{"not_picked":["Hello World","Reinforced Body"],"picked":"Capacitor","floor":7.0},{"not_picked":["Rebound","Hello World"],"picked":"White Noise","floor":8.0},{"not_picked":["Turbo","Rebound"],"picked":"Consume","floor":12.0},{"not_picked":["Leap","Skim"],"picked":"Streamline","floor":14.0},{"not_picked":["Meteor Strike","Multi-Cast"],"picked":"Reboot","floor":16.0},{"not_picked":["Sweeping Beam","FTL","Blizzard"],"picked":"SKIP","floor":18},{"not_picked":["Scrape","Self Repair"],"picked":"Force Field+1","floor":20}],"player_experience":617254,"relics_obtained":[{"floor":6.0,"key":"Pen Nib"},{"floor":9.0,"key":"War Paint"}],"event_choices":[{"damage_healed":0.0,"max_hp_gain":5.0,"max_hp_loss":0.0,"gold_gain":0.0,"event_name":"Big Fish","player_choice":"Donut","floor":2.0,"gold_loss":0.0,"damage_taken":0.0},{"damage_healed":0.0,"max_hp_gain":0.0,"max_hp_loss":0.0,"gold_gain":0.0,"event_name":"FaceTrader","player_choice":"Trade","floor":3.0,"gold_loss":0.0,"damage_taken":0.0,"relics_obtained":["GremlinMask"]},{"damage_healed":0.0,"max_hp_gain":0.0,"max_hp_loss":0.0,"gold_gain":0.0,"event_name":"Lab","player_choice":"Got Potions","floor":10.0,"gold_loss":0.0,"damage_taken":0.0},{"damage_healed":0,"gold_gain":0,"cards_transformed":["Gash"],"player_choice":"Transformed","damage_taken":0,"max_hp_gain":0,"max_hp_loss":0,"event_name":"Transmorgrifier","floor":19,"gold_loss":0,"cards_obtained":["Self Repair"]}],"is_beta":false,"boss_relics":[{"not_picked":["Runic Dome","Fusion Hammer"],"picked":"Snecko Eye"}],"items_purged_floors":[],"is_endless":false,"potions_floor_spawned":[1,6,8,14,20],"killed_by":"Sentry and Sphere","ascension_level":14}