{"gold_per_floor":[112,112,37,37,56,56,81,81,163,182,207,219,86,117,117,190,190,190,190,25,25,25,25,25,25,25,25,25,25,25,25,25,25,25,25,25,25,25,25,25,25,25,25,25,25,25,25,25,25,25,25,25,25,25,25,25],"floor_reached":56,"playtime":3344,"items_purged":["Strike_B"],"score":2226,"play_id":"37264911-2fcb-455e-93b1-14203bbf0d2e","local_time":"20190416140224","is_ascension_mode":true,"campfire_choices":[{"data":"Zap","floor":6.0,"key":"SMITH"},{"data":"White Noise","floor":8.0,"key":"SMITH"},{"data":"Defend_B","floor":15.0,"key":"SMITH"},{"floor":23.0,"key":"RECALL"},{"data":"Creative AI","floor":25.0,"key":"SMITH"},{"floor":30.0,"key":"REST"},{"data":"Skim","floor":32.0,"key":"SMITH"},{"floor":40.0,"key":"REST"},{"data":"Capacitor","floor":42.0,"key":"SMITH"},{"floor":49.0,"key":"REST"},{"floor":53.0,"key":"REST"}],"neow_cost":"PERCENT_DAMAGE","seed_source_timestamp":9947861271272,"circlet_count":0,"master_deck":["AscendersBane","Defend_B+1","Defend_B","Defend_B+1","Defend_B","Zap+1","Dualcast+1","Sweeping Beam+1","Ball Lightning","White Noise+1","All For One+1","Barrage+1","Beam Cell+1","Go for the Eyes+1","Glacier+1","Echo Form","Cold Snap+1","Creative AI+1","Skim+1","Sweeping Beam+1","Echo Form","Core Surge+1","Electrodynamics","Heatsinks+1","Conserve Battery+1","Fusion+1","Capacitor+1","Sunder+1","Meteor Strike+1","Biased Cognition","Reprogram+1","Glacier+1","Compile Driver+1"],"special_seed":0,"relics":["Cracked Core","Incense Burner","Molten Egg 2","Cables","Centennial Puzzle","Matryoshka","Ectoplasm","Ancient Tea Set","MutagenicStrength","Bronze Scales","Mercury Hourglass","Kunai","War Paint","Blood Vial","Astrolabe","StoneCalendar","Turnip","Art of War","MawBank","Sundial","Ornamental Fan","Pantograph"],"potions_floor_usage":[],"damage_taken":[{"damage":0.0,"enemies":"2 Louse","floor":1.0,"turns":2.0},{"damage":0.0,"enemies":"Small Slimes","floor":5.0,"turns":2.0},{"damage":10.0,"enemies":"Lagavulin","floor":7.0,"turns":5.0},{"damage":1.0,"enemies":"Cultist","floor":10.0,"turns":3.0},{"damage":15.0,"enemies":"3 Sentries","floor":11.0,"turns":3.0},{"damage":10.0,"enemies":"Red Slaver","floor":12.0,"turns":2.0},{"damage":15.0,"enemies":"Lagavulin","floor":14.0,"turns":4.0},{"damage":0.0,"enemies":"Slime Boss","floor":16.0,"turns":4.0},{"damage":0.0,"enemies":"3 Byrds","floor":18.0,"turns":4.0},{"damage":3.0,"enemies":"Shell Parasite","floor":19.0,"turns":3.0},{"damage":0.0,"enemies":"Cultist and Chosen","floor":21.0,"turns":5.0},{"damage":7.0,"enemies":"Slavers","floor":24.0,"turns":5.0},{"damage":0.0,"enemies":"Snake Plant","floor":27.0,"turns":2.0},{"damage":4.0,"enemies":"Snecko","floor":28.0,"turns":5.0},{"damage":0.0,"enemies":"Gremlin Leader","floor":29.0,"turns":5.0},{"damage":14.0,"enemies":"Book of Stabbing","floor":31.0,"turns":5.0},{"damage":10.0,"enemies":"Champ","floor":33.0,"turns":10.0},{"damage":0.0,"enemies":"Orb Walker","floor":35.0,"turns":2.0},{"damage":14.0,"enemies":"3 Darklings","floor":36.0,"turns":3.0},{"damage":25.0,"enemies":"2 Orb Walkers","floor":37.0,"turns":4.0},{"damage":10.0,"enemies":"4 Shapes","floor":38.0,"turns":4.0},{"damage":0.0,"enemies":"Mind Bloom Boss Battle","floor":39.0,"turns":3.0},{"damage":13.0,"enemies":"Giant Head","floor":41.0,"turns":5.0},{"damage":5.0,"enemies":"Nemesis","floor":44.0,"turns":5.0},{"damage":22.0,"enemies":"Spire Growth","floor":45.0,"turns":4.0},{"damage":13.0,"enemies":"Reptomancer","floor":46.0,"turns":7.0},{"damage":1.0,"enemies":"Writhing Mass","floor":48.0,"turns":7.0},{"damage":0.0,"enemies":"Donu and Deca","floor":50.0,"turns":7.0},{"damage":53.0,"enemies":"Awakened One","floor":51.0,"turns":14.0},{"damage":54.0,"enemies":"Shield and Spear","floor":55.0,"turns":4.0},{"damage":8,"enemies":"The Heart","floor":56,"turns":2}],"seed_played":"-4010158603714057446","potions_obtained":[{"floor":7.0,"key":"GamblersBrew"},{"floor":11.0,"key":"Weak Potion"},{"floor":16.0,"key":"Ancient Potion"},{"floor":21.0,"key":"SkillPotion"},{"floor":24.0,"key":"GamblersBrew"},{"floor":29.0,"key":"Regen Potion"},{"floor":33.0,"key":"AttackPotion"},{"floor":36.0,"key":"Regen Potion"},{"floor":41.0,"key":"SkillPotion"},{"floor":46.0,"key":"PowerPotion"},{"floor":48.0,"key":"FearPotion"}],"is_trial":false,"path_per_floor":["M","?","$","?","M","R","E","R","T","M","E","M","$","E","R","B",null,"M","M","$","M","?","R","E","R","T","M","M","E","R","E","R","B",null,"M","M","?","M","?","R","E","R","T","E","M","E","$","M","R","B","B",null,"R","$","E","B"],"character_chosen":"DEFECT","items_purchased":["Rainbow","Go for the Eyes+1","Ancient Tea Set"],"campfire_rested":4,"item_purchase_floors":[3,13,20],"current_hp_per_floor":[46,25,25,81,81,81,71,71,71,70,55,45,45,30,30,30,68,68,65,65,65,65,65,58,58,58,58,54,54,78,64,64,56,75,77,65,54,46,48,72,61,61,61,58,38,42,42,43,67,69,18,65,81,81,27,46],"gold":25,"neow_bonus":"ONE_RARE_RELIC","is_prod":false,"is_daily":false,"chose_seed":false,"campfire_upgraded":6,"win_rate":0,"timestamp":1555416144,"path_taken":["M","?","$","?","M","R","E","R","T","?","E","M","?","E","R","BOSS","M","M","$","M","?","R","E","R","T","M","M","E","R","E","R","BOSS","M","M","?","M","?","R","E","R","T","E","M","E","?","?","R","BOSS","BOSS","R","$","E","BOSS"],"build_version":"2019-04-04","purchased_purges":1,"victory":false,"max_hp_per_floor":[71,71,71,81,81,81,81,81,81,81,81,81,81,81,81,81,81,81,81,81,81,81,81,81,81,81,81,81,81,81,81,81,81,81,81,81,81,81,81,81,81,81,81,81,81,81,81,81,81,81,81,81,81,81,81,81],"card_choices":[{"not_picked":["Compile Driver","Hologram"],"picked":"Sweeping Beam","floor":1.0},{"not_picked":["Barrage","Redo"],"picked":"Ball Lightning","floor":5.0},{"not_picked":["Tempest","Compile Driver"],"picked":"White Noise","floor":7.0},{"not_picked":["Double Energy","Ball Lightning+1"],"picked":"All For One+1","floor":10.0},{"not_picked":["Consume","Recycle"],"picked":"Barrage+1","floor":11.0},{"not_picked":["Ball Lightning+1","Storm"],"picked":"Beam Cell+1","floor":12.0},{"not_picked":["Compile Driver+1","Defragment"],"picked":"Glacier","floor":14.0},{"not_picked":["Fission","Multi-Cast"],"picked":"Echo Form","floor":16.0},{"not_picked":["Aggregate","Turbo","Conserve Battery"],"picked":"SKIP","floor":18.0},{"not_picked":["Melter+1","Ball Lightning+1","Aggregate"],"picked":"SKIP","floor":19.0},{"not_picked":["Lockon+1","Rebound+1"],"picked":"Cold Snap+1","floor":21.0},{"not_picked":["Barrage+1","Beam Cell+1"],"picked":"Creative AI","floor":24.0},{"not_picked":["Auto Shields","Go for the Eyes+1"],"picked":"Skim","floor":27.0},{"not_picked":["Barrage+1","Sweeping Beam+1","Recycle"],"picked":"SKIP","floor":28.0},{"not_picked":["Barrage+1","Recycle"],"picked":"Sweeping Beam+1","floor":28.0},{"not_picked":["Loop","Sweeping Beam+1"],"picked":"Echo Form","floor":29.0},{"not_picked":["Genetic Algorithm","Sweeping Beam+1"],"picked":"Core Surge+1","floor":31.0},{"not_picked":["Fission","Machine Learning"],"picked":"Electrodynamics","floor":33.0},{"not_picked":["Turbo","Barrage+1"],"picked":"Capacitor","floor":35.0},{"not_picked":["Force Field","Barrage+1","Sweeping Beam+1"],"picked":"SKIP","floor":36.0},{"not_picked":["Sweeping Beam+1","Cold Snap+1"],"picked":"Sunder+1","floor":37.0},{"not_picked":["Force Field+1","Steam"],"picked":"Meteor Strike+1","floor":38.0},{"not_picked":["Tempest","Reboot"],"picked":"Biased Cognition","floor":41.0},{"not_picked":["Ball Lightning+1","Leap"],"picked":"Reprogram+1","floor":44.0},{"not_picked":["Skim","Stack"],"picked":"Glacier+1","floor":45.0},{"not_picked":["Chaos","Aggregate","Lockon+1"],"picked":"SKIP","floor":46.0},{"not_picked":["Leap","Storm","Rebound+1"],"picked":"SKIP","floor":48.0},{"not_picked":["Turbo","Hologram"],"picked":"Compile Driver+1","floor":55.0}],"player_experience":1143301,"relics_obtained":[{"floor":7.0,"key":"Molten Egg 2"},{"floor":9.0,"key":"Cables"},{"floor":11.0,"key":"Centennial Puzzle"},{"floor":14.0,"key":"Matryoshka"},{"floor":24.0,"key":"Bronze Scales"},{"floor":26.0,"key":"Mercury Hourglass"},{"floor":26.0,"key":"Kunai"},{"floor":29.0,"key":"War Paint"},{"floor":31.0,"key":"Blood Vial"},{"floor":37.0,"key":"StoneCalendar"},{"floor":39.0,"key":"Turnip"},{"floor":41.0,"key":"Art of War"},{"floor":43.0,"key":"MawBank"},{"floor":44.0,"key":"Sundial"},{"floor":46.0,"key":"Ornamental Fan"},{"floor":55.0,"key":"Pantograph"}],"event_choices":[{"damage_healed":0.0,"max_hp_gain":0.0,"max_hp_loss":0.0,"gold_gain":0.0,"event_name":"Shining Light","player_choice":"Entered Light","floor":2.0,"gold_loss":0.0,"damage_taken":21.0,"cards_upgraded":["Dualcast","Sweeping Beam"]},{"cards_removed":["Rainbow"],"damage_healed":46.0,"max_hp_gain":10.0,"max_hp_loss":0.0,"gold_gain":0.0,"event_name":"Bonfire Elementals","player_choice":"Offered Rare","floor":4.0,"gold_loss":0.0,"damage_taken":0.0},{"damage_healed":0.0,"max_hp_gain":0.0,"max_hp_loss":0.0,"gold_gain":0.0,"event_name":"Drug Dealer","player_choice":"Inject Mutagens","floor":22.0,"gold_loss":0.0,"damage_taken":0.0,"relics_obtained":["MutagenicStrength"]},{"damage_healed":0.0,"max_hp_gain":0.0,"max_hp_loss":0.0,"gold_gain":0.0,"event_name":"Mysterious Sphere","player_choice":"Fight","floor":37.0,"gold_loss":0.0,"damage_taken":0.0},{"damage_healed":0.0,"max_hp_gain":0.0,"max_hp_loss":0.0,"gold_gain":0.0,"event_name":"MindBloom","player_choice":"Fight","floor":39.0,"gold_loss":0.0,"damage_taken":0.0}],"is_beta":true,"boss_relics":[{"not_picked":["Empty Cage","FrozenCore"],"picked":"Ectoplasm"},{"not_picked":["Black Star","Coffee Dripper"],"picked":"Astrolabe"}],"items_purged_floors":[13],"is_endless":false,"potions_floor_spawned":[7,11,16,21,24,29,33,35,36,41,46,48],"killed_by":"The Heart","ascension_level":20}