{"gold_per_floor":[116,116,116,90,109,139,139,171,171,191,206,206,232,152,152,247,247,264,187,204,204],"floor_reached":21,"playtime":861,"items_purged":[],"score":272,"play_id":"0965a7fa-83d0-4854-bc6c-6a0ba42e8abb","local_time":"20181110004338","is_ascension_mode":true,"campfire_choices":[{"data":"Streamline","floor":7,"key":"SMITH"},{"data":"Gash","floor":12,"key":"SMITH"},{"data":"Buffer","floor":15,"key":"SMITH"}],"neow_cost":"NONE","seed_source_timestamp":200919715329800,"circlet_count":0,"master_deck":["Strike_B","Strike_B","Strike_B","Strike_B","Defend_B","Defend_B","Defend_B","Defend_B","Zap","Dualcast","BootSequence","Streamline","Leap","Streamline+1","Gash+1","Conserve Battery","Defragment","Buffer+1","Electrodynamics","Hologram","Defragment","Storm"],"relics":["Cracked Core","NeowsBlessing","Blue Candle","Dead Branch","Sundial","Molten Egg 2","Black Star"],"potions_floor_usage":[13,16,16,21],"damage_taken":[{"damage":0,"enemies":"Small Slimes","floor":1,"turns":1},{"damage":0,"enemies":"2 Louse","floor":5,"turns":1},{"damage":0,"enemies":"Gremlin Nob","floor":6,"turns":1},{"damage":30,"enemies":"3 Sentries","floor":8,"turns":8},{"damage":0,"enemies":"Jaw Worm","floor":10,"turns":3},{"damage":1,"enemies":"Looter","floor":11,"turns":2},{"damage":0,"enemies":"Gremlin Nob","floor":13,"turns":3},{"damage":21,"enemies":"Hexaghost","floor":16,"turns":12},{"damage":49,"enemies":"Shell Parasite","floor":18,"turns":8},{"damage":23,"enemies":"2 Thieves","floor":20,"turns":5},{"damage":8,"enemies":"Shelled Parasite and Fungi","floor":21,"turns":2}],"seed_played":"-7121812321218872429","potions_obtained":[{"floor":1,"key":"Block Potion"},{"floor":6,"key":"Block Potion"},{"floor":11,"key":"AttackPotion"},{"floor":20,"key":"EssenceOfSteel"}],"is_trial":false,"path_per_floor":["M","?","?","$","M","E","R","E","T","M","M","R","E","$","R","B",null,"M","$","M","M"],"character_chosen":"DEFECT","items_purchased":["Streamline","Buffer","Defragment"],"campfire_rested":0,"item_purchase_floors":[4,14,19],"current_hp_per_floor":[75,75,75,75,75,75,75,45,45,45,44,44,44,44,44,23,75,26,26,3,0],"gold":204,"neow_bonus":"THREE_ENEMY_KILL","is_prod":false,"is_daily":false,"chose_seed":false,"campfire_upgraded":3,"win_rate":0,"timestamp":1541828618,"path_taken":["M","?","?","$","M","E","R","E","T","M","M","R","E","$","R","BOSS","M","$","M","M"],"build_version":"2018-11-08","purchased_purges":0,"victory":false,"max_hp_per_floor":[75,75,75,75,75,75,75,75,75,75,75,75,75,75,75,75,75,75,75,75,75],"card_choices":[{"not_picked":["Capacitor","Redo"],"picked":"BootSequence","floor":1},{"not_picked":["Redo","Go for the Eyes"],"picked":"Leap","floor":5},{"not_picked":["Compile Driver","Cold Snap"],"picked":"Streamline","floor":6},{"not_picked":["Compile Driver","Cold Snap"],"picked":"Gash","floor":8},{"not_picked":["Reprogram","Cold Snap","Compile Driver"],"picked":"SKIP","floor":10},{"not_picked":["Go for the Eyes","Loop"],"picked":"Conserve Battery","floor":11},{"not_picked":["Stack","Genetic Algorithm"],"picked":"Defragment","floor":13},{"not_picked":["Amplify","Fission"],"picked":"Electrodynamics","floor":16},{"not_picked":["Doom and Gloom+1","Rip and Tear+1"],"picked":"Hologram","floor":18},{"not_picked":["Lockon+1","Coolheaded"],"picked":"Storm","floor":20}],"player_experience":278782,"relics_obtained":[{"floor":6,"key":"Blue Candle"},{"floor":8,"key":"Dead Branch"},{"floor":9,"key":"Sundial"},{"floor":13,"key":"Molten Egg 2"}],"event_choices":[{"damage_healed":0,"gold_gain":0,"player_choice":"Ignored","damage_taken":0,"max_hp_gain":0,"max_hp_loss":0,"event_name":"Golden Wing","floor":2,"gold_loss":0},{"damage_healed":0,"gold_gain":0,"player_choice":"Leave","damage_taken":0,"max_hp_gain":0,"max_hp_loss":0,"event_name":"The Cleric","floor":3,"gold_loss":0}],"is_beta":true,"boss_relics":[{"not_picked":["Velvet Choker","Inserter"],"picked":"Black Star"}],"items_purged_floors":[],"is_endless":false,"potions_floor_spawned":[1,6,11,20],"killed_by":"Shelled Parasite and Fungi","ascension_level":2}