{"path_per_floor":["M","?","M","M","?","R","M","M","T","M","M","M","?","M","R"],"character_chosen":"THE_SILENT","items_purchased":[],"gold_per_floor":[116,116,132,144,144,144,160,177,204,216,229,248,248,266,266],"floor_reached":16,"campfire_rested":1,"playtime":714,"current_hp_per_floor":[60,70,68,68,68,68,65,60,60,49,49,39,39,35,56],"items_purged":[],"gold":266,"score":98,"play_id":"967db1c5-5b4b-40ae-bdce-5d6e8d10ba37","is_prod":false,"is_daily":false,"is_ascension_mode":false,"campfire_upgraded":1,"path_taken":["M","?","M","?","?","R","?","M","T","M","?","M","?","M","R","BOSS"],"build_version":"2018-02-12-PROD1","purchased_purges":0,"victory":false,"master_deck":["Defend_G","Defend_G","Defend_G","Defend_G","Defend_G","Strike_G","Strike_G","Strike_G","Strike_G","Strike_G","Survivor","Neutralize","Deadly Poison+1","Deadly Poison+1","Prepared","Deadly Poison","Outmaneuver","Outmaneuver"],"max_hp_per_floor":[70,70,70,70,70,70,70,70,70,70,70,70,70,70,70],"relics":["White Beast Statue","Bag of Preparation"],"card_choices":[{"not_picked":["Quick Slash","Finisher"],"picked":"Deadly Poison"},{"not_picked":["Backflip","Outmaneuver"],"picked":"Deadly Poison"},{"not_picked":["Distraction","Leg Sweep"],"picked":"Prepared"},{"not_picked":["Flying Knee","Escape Plan"],"picked":"Deadly Poison"},{"not_picked":["Flying Knee","Heel Hook"],"picked":"Outmaneuver"},{"not_picked":["Riddle With Holes","Underhanded Strike"],"picked":"Outmaneuver"}],"player_experience":88585,"potions_floor_usage":[10,12,12,14,16,16],"damage_taken":[{"damage":10,"enemies":"Cultist","floor":1,"turns":6},{"damage":2,"enemies":"Blue Slaver","floor":3,"turns":9},{"damage":0,"enemies":"Small Slimes","floor":4,"turns":5},{"damage":3,"enemies":"Exordium Wildlife","floor":7,"turns":5},{"damage":5,"enemies":"2 Fungi Beasts","floor":8,"turns":4},{"damage":11,"enemies":"Lots of Slimes","floor":10,"turns":4},{"damage":0,"enemies":"Exordium Wildlife","floor":11,"turns":4},{"damage":16,"enemies":"Exordium Thugs","floor":12,"turns":3},{"damage":4,"enemies":"Red Slaver","floor":14,"turns":2},{"damage":64,"enemies":"Slime Boss","floor":16,"turns":11}],"event_choices":[{"event_name":"Wheel of Change","player_choice":"Full Heal","floor":2,"damage_taken":0},{"event_name":"Living Wall","player_choice":"Grow","floor":5,"damage_taken":0},{"event_name":"Liars Game","player_choice":"disagreed","floor":13,"damage_taken":0}],"boss_relics":[],"potions_floor_spawned":[1,3,4,7,8,10,11,12,14],"seed_played":"-2030683939481109554","killed_by":"Slime Boss","ascension_level":0,"is_trial":false}