{"gold_per_floor":[109,109,74,74,92,92,46,73,73,73,108,123,123,136,136,237,237,218,218,87,87,107,107,107],"floor_reached":24,"playtime":722,"items_purged":[],"score":303,"play_id":"cb258306-3dfd-4662-80a6-e360210594dd","local_time":"20190309114556","is_ascension_mode":true,"campfire_choices":[{"data":"Ball Lightning","floor":6,"key":"SMITH"},{"data":"Multi-Cast","floor":10,"key":"SMITH"},{"floor":13,"key":"REST"},{"floor":15,"key":"REST"},{"floor":23,"key":"REST"}],"neow_cost":"NONE","seed_source_timestamp":79277834817400,"circlet_count":0,"master_deck":["AscendersBane","Strike_B","Strike_B","Strike_B","Strike_B","Defend_B","Defend_B","Defend_B","Defend_B","Zap+1","Dualcast","Multi-Cast+1","Ball Lightning+1","Leap","Sweeping Beam","Gash","Conserve Battery","Capacitor","Defragment","Gash","Coolheaded","All For One","Gash","Chill","J.A.X.","Leap"],"relics":["Cracked Core","Orichalcum","Bottled Lightning","Dream Catcher","Black Star"],"potions_floor_usage":[22,22],"damage_taken":[{"damage":0,"enemies":"Small Slimes","floor":1,"turns":3},{"damage":12,"enemies":"Jaw Worm","floor":5,"turns":2},{"damage":21,"enemies":"Lagavulin","floor":8,"turns":6},{"damage":24,"enemies":"3 Sentries","floor":11,"turns":5},{"damage":0,"enemies":"2 Louse","floor":12,"turns":1},{"damage":21,"enemies":"Exordium Thugs","floor":14,"turns":4},{"damage":16,"enemies":"Hexaghost","floor":16,"turns":10},{"damage":28,"enemies":"2 Thieves","floor":18,"turns":4},{"damage":8,"enemies":"3 Byrds","floor":22,"turns":4},{"damage":49,"enemies":"Gremlin Leader","floor":24,"turns":3}],"seed_played":"8936508401448008187","potions_obtained":[{"floor":5,"key":"Ancient Potion"},{"floor":11,"key":"Block Potion"},{"floor":12,"key":"Energy Potion"}],"is_trial":false,"path_per_floor":["M","$","?","?","M","R","$","E","T","R","E","M","R","M","R","B",null,"M","?","$","?","M","R","E"],"character_chosen":"DEFECT","items_purchased":["Sweeping Beam","Gash","Chill"],"campfire_rested":3,"item_purchase_floors":[7,20,20],"current_hp_per_floor":[68,68,75,75,63,63,63,42,42,42,18,18,40,19,41,25,63,35,35,35,35,27,49,0],"gold":107,"neow_bonus":"ONE_RANDOM_RARE_CARD","is_prod":false,"is_daily":false,"chose_seed":false,"campfire_upgraded":2,"win_rate":0,"timestamp":1552149956,"path_taken":["M","$","?","?","M","R","$","E","T","R","E","M","R","?","R","BOSS","M","?","$","?","M","R","E"],"build_version":"2019-01-23","purchased_purges":0,"victory":false,"max_hp_per_floor":[75,75,75,75,75,75,75,75,75,75,75,75,75,75,75,75,75,75,75,75,75,75,75,75],"card_choices":[{"not_picked":["Rebound","Heatsinks"],"picked":"Ball Lightning","floor":1},{"not_picked":["Ball Lightning","Redo"],"picked":"Leap","floor":5},{"not_picked":["Reinforced Body","Force Field"],"picked":"Gash","floor":8},{"not_picked":["Scrape","Compile Driver"],"picked":"Conserve Battery","floor":11},{"not_picked":["Stack","Ball Lightning"],"picked":"Capacitor","floor":12},{"not_picked":["FTL","Beam Cell"],"picked":"Defragment","floor":13},{"not_picked":["Ball Lightning","Seek"],"picked":"Gash","floor":14},{"not_picked":["Beam Cell","Redo"],"picked":"Coolheaded","floor":15},{"not_picked":["Reboot","Rainbow"],"picked":"All For One","floor":16},{"not_picked":["Static Discharge","Turbo","Steam"],"picked":"SKIP","floor":18},{"not_picked":["Sweeping Beam","Go for the Eyes"],"picked":"Leap","floor":22}],"player_experience":533605,"relics_obtained":[{"floor":8,"key":"Orichalcum"},{"floor":9,"key":"Bottled Lightning"},{"floor":11,"key":"Dream Catcher"}],"event_choices":[{"damage_healed":18,"gold_gain":0,"player_choice":"Healed","damage_taken":0,"max_hp_gain":0,"max_hp_loss":0,"event_name":"The Cleric","floor":3,"gold_loss":35},{"damage_healed":0,"gold_gain":0,"player_choice":"Grow","damage_taken":0,"max_hp_gain":0,"max_hp_loss":0,"event_name":"Living Wall","floor":4,"gold_loss":0,"cards_upgraded":["Zap"]},{"damage_healed":0,"gold_gain":0,"player_choice":"Ignored","damage_taken":0,"max_hp_gain":0,"max_hp_loss":0,"event_name":"Vampires","floor":19,"gold_loss":0},{"damage_healed":0,"gold_gain":0,"player_choice":"Obtain J.A.X.","damage_taken":0,"max_hp_gain":0,"max_hp_loss":0,"event_name":"Drug Dealer","floor":21,"gold_loss":0,"cards_obtained":["J.A.X."]}],"is_beta":false,"boss_relics":[{"not_picked":["Calling Bell","Runic Dome"],"picked":"Black Star"}],"items_purged_floors":[],"is_endless":false,"potions_floor_spawned":[5,11,12,16,18],"killed_by":"Gremlin Leader","ascension_level":10}