{"gold_per_floor":[115,115,135,147,157,183,183,40,64,15,44,64,64,95,95,191,191,211,226,226,82,82,82,108,108,108,108,165,178,194,265,265,265],"floor_reached":33,"playtime":3026,"items_purged":["Strike_G"],"score":512,"play_id":"2b02947d-18d2-4ca7-8da4-e8ea36c8a957","local_time":"20190418175758","is_ascension_mode":true,"campfire_choices":[{"data":"Choke","floor":7,"key":"SMITH"},{"data":"Riddle With Holes","floor":13,"key":"SMITH"},{"data":"Caltrops","floor":15,"key":"SMITH"},{"data":"Dash","floor":23,"key":"SMITH"},{"floor":25,"key":"REST"},{"data":"Footwork","floor":32,"key":"SMITH"}],"neow_cost":"NONE","seed_source_timestamp":128861858827663,"circlet_count":0,"master_deck":["Defend_G","Defend_G","Defend_G","Defend_G","Defend_G","Strike_G","Strike_G","Strike_G","Survivor","Neutralize+1","Cloak And Dagger","Well Laid Plans","Choke+1","Deflect","Flechettes+1","Backflip","Blade Dance","Caltrops+1","Riddle With Holes+1","Cloak And Dagger","Die Die Die","Endless Agony","Heel Hook+1","Dash+1","Decay","Outmaneuver","Malaise","Footwork+1"],"special_seed":0,"relics":["Ring of the Snake","Bag of Marbles","PreservedInsect","Blood Vial","Whetstone","Sundial","Black Star","Gambling Chip","Pear","Thread and Needle","MutagenicStrength","Gremlin Horn","Tiny Chest","Bottled Flame"],"potions_floor_usage":[24,33,33,33],"damage_taken":[{"damage":1.0,"enemies":"Small Slimes","floor":1.0,"turns":4.0},{"damage":0.0,"enemies":"Cultist","floor":3.0,"turns":4.0},{"damage":0.0,"enemies":"Jaw Worm","floor":4.0,"turns":3.0},{"damage":0,"enemies":"2 Fungi Beasts","floor":5,"turns":4},{"damage":19,"enemies":"3 Sentries","floor":6,"turns":10},{"damage":17,"enemies":"Lagavulin","floor":11,"turns":5},{"damage":1,"enemies":"Large Slime","floor":12,"turns":7},{"damage":0,"enemies":"Gremlin Nob","floor":14,"turns":1},{"damage":12,"enemies":"Hexaghost","floor":16,"turns":8},{"damage":15,"enemies":"Spheric Guardian","floor":18,"turns":4},{"damage":17,"enemies":"2 Thieves","floor":19,"turns":4},{"damage":14,"enemies":"Book of Stabbing","floor":24,"turns":4},{"damage":0,"enemies":"Gremlin Leader","floor":28,"turns":4},{"damage":22,"enemies":"Sentry and Sphere","floor":29,"turns":5},{"damage":0,"enemies":"Snake Plant","floor":30,"turns":2},{"damage":60,"enemies":"Champ","floor":33,"turns":19}],"seed_played":"4294119945545174504","potions_obtained":[{"floor":4.0,"key":"PowerPotion"},{"floor":11,"key":"GhostInAJar"},{"floor":16,"key":"Ancient Potion"},{"floor":30,"key":"GhostInAJar"}],"is_trial":false,"path_per_floor":["M","?","M","M","M","E","R","$","T","$","E","M","R","E","R","B",null,"M","M","?","$","?","R","E","R","T","?","E","M","M","T","R","B"],"character_chosen":"THE_SILENT","items_purchased":["PreservedInsect","Blade Dance","Dash"],"campfire_rested":1,"item_purchase_floors":[8,10,21],"current_hp_per_floor":[62,62,62,62,62,43,43,43,43,43,28,29,29,31,31,21,58,45,30,30,30,30,30,28,52,52,52,54,34,36,36,36,0],"gold":265,"neow_bonus":"THREE_CARDS","is_prod":false,"is_daily":false,"chose_seed":false,"campfire_upgraded":5,"win_rate":0,"timestamp":1555635478,"path_taken":["M","?","M","M","M","E","R","?","T","$","E","M","R","E","R","BOSS","M","M","?","$","?","R","E","R","T","?","E","M","M","?","R","BOSS"],"build_version":"2019-01-23","purchased_purges":1,"victory":false,"max_hp_per_floor":[70,70,70,70,70,70,70,70,70,70,70,70,70,70,70,70,70,70,70,70,70,70,70,80,80,80,80,80,80,80,80,80,80],"card_choices":[{"not_picked":["Quick Slash","Sucker Punch"],"picked":"Cloak And Dagger","floor":0.0},{"not_picked":["Blade Dance","Prepared"],"picked":"Well Laid Plans","floor":1.0},{"not_picked":["Cloak And Dagger","Blade Dance"],"picked":"Choke","floor":3.0},{"not_picked":["Blade Dance","Dagger Spray"],"picked":"Deflect","floor":4.0},{"not_picked":["Underhanded Strike","Deadly Poison"],"picked":"Flechettes","floor":5},{"not_picked":["Bane","Flying Knee"],"picked":"Backflip","floor":6},{"not_picked":["Dagger Throw","Escape Plan"],"picked":"Caltrops","floor":11},{"not_picked":["Expertise","Distraction"],"picked":"Riddle With Holes","floor":12},{"not_picked":["Grand Finale","Deflect"],"picked":"Cloak And Dagger","floor":14},{"not_picked":["Malaise","Venomology"],"picked":"Die Die Die","floor":16},{"not_picked":["Quick Slash","Choke"],"picked":"Endless Agony","floor":18},{"not_picked":["Backflip","Finisher+1"],"picked":"Heel Hook+1","floor":19},{"not_picked":["Prepared","Cloak And Dagger","Dodge and Roll"],"picked":"SKIP","floor":24},{"not_picked":["Dodge and Roll","Endless Agony+1"],"picked":"Outmaneuver","floor":28},{"not_picked":["Flying Knee","Dodge and Roll"],"picked":"Malaise","floor":29},{"not_picked":["Outmaneuver","Reflex"],"picked":"Footwork","floor":30}],"player_experience":202478,"relics_obtained":[{"floor":6,"key":"Bag of Marbles"},{"floor":9,"key":"Blood Vial"},{"floor":11,"key":"Whetstone"},{"floor":14,"key":"Sundial"},{"floor":24,"key":"Gambling Chip"},{"floor":24,"key":"Pear"},{"floor":26,"key":"Thread and Needle"},{"floor":28,"key":"Gremlin Horn"},{"floor":28,"key":"Tiny Chest"},{"floor":31,"key":"Bottled Flame"}],"event_choices":[{"cards_removed":["Strike_G"],"damage_healed":0.0,"max_hp_gain":0.0,"max_hp_loss":0.0,"gold_gain":0.0,"event_name":"Bonfire Elementals","player_choice":"Offered Basic","floor":2.0,"gold_loss":0.0,"damage_taken":0.0},{"damage_healed":0,"gold_gain":0,"player_choice":"Ignored","damage_taken":0,"max_hp_gain":0,"max_hp_loss":0,"event_name":"Ghosts","floor":20,"gold_loss":0},{"damage_healed":0,"gold_gain":0,"player_choice":"Smashed Altar","damage_taken":0,"max_hp_gain":0,"max_hp_loss":0,"event_name":"Forgotten Altar","floor":22,"gold_loss":0,"cards_obtained":["Decay"]},{"damage_healed":0,"gold_gain":0,"player_choice":"Inject Mutagens","damage_taken":0,"relics_obtained":["MutagenicStrength"],"max_hp_gain":0,"max_hp_loss":0,"event_name":"Drug Dealer","floor":27,"gold_loss":0}],"is_beta":false,"boss_relics":[{"not_picked":["Velvet Choker","Tiny House"],"picked":"Black Star"}],"items_purged_floors":[21],"is_endless":false,"potions_floor_spawned":[4,11,16,30],"killed_by":"Champ","ascension_level":9}