{"gold_per_floor":[114,114,126,126,42,68,68,98,147,166,182,182,182,210,210,210],"floor_reached":16,"playtime":704,"items_purged":[],"score":286,"play_id":"68939d30-7aa6-4d2b-82b4-4eee5bc527f5","local_time":"20190414221421","is_ascension_mode":true,"campfire_choices":[{"data":"Dualcast","floor":7.0,"key":"SMITH"},{"floor":12.0,"key":"RECALL"},{"floor":15.0,"key":"REST"}],"neow_cost":"NONE","seed_source_timestamp":21075069716746,"circlet_count":0,"master_deck":["AscendersBane","Strike_B","Strike_B","Strike_B","Defend_B","Defend_B","Defend_B","Defend_B","Zap+1","Dualcast+1","Cold Snap","Skim","Glacier","Undo","Compile Driver","BootSequence"],"special_seed":0,"relics":["Cracked Core","NeowsBlessing","Ancient Tea Set","DataDisk","Strawberry"],"potions_floor_usage":[16,16],"damage_taken":[{"damage":0.0,"enemies":"2 Louse","floor":1.0,"turns":1.0},{"damage":0.0,"enemies":"Small Slimes","floor":3.0,"turns":1.0},{"damage":0.0,"enemies":"Lagavulin","floor":6.0,"turns":1.0},{"damage":21.0,"enemies":"3 Sentries","floor":8.0,"turns":13.0},{"damage":0.0,"enemies":"Cultist","floor":10.0,"turns":3.0},{"damage":0.0,"enemies":"Large Slime","floor":11.0,"turns":6.0},{"damage":33.0,"enemies":"Gremlin Nob","floor":14.0,"turns":7.0},{"damage":57,"enemies":"Slime Boss","floor":16,"turns":16}],"seed_played":"-4676513596909311051","potions_obtained":[{"floor":3.0,"key":"LiquidBronze"},{"floor":8.0,"key":"Regen Potion"},{"floor":11.0,"key":"Dexterity Potion"}],"is_trial":false,"path_per_floor":["M","?","M","?","$","E","R","E","T","M","M","R","?","E","R","B"],"character_chosen":"DEFECT","items_purchased":["Glacier"],"campfire_rested":1,"item_purchase_floors":[5],"current_hp_per_floor":[64,69,69,69,69,69,69,48,48,48,48,48,41,15,39,0],"gold":210,"neow_bonus":"THREE_ENEMY_KILL","is_prod":false,"is_daily":false,"chose_seed":false,"campfire_upgraded":1,"win_rate":0,"timestamp":1555272861,"path_taken":["M","?","M","?","$","E","R","E","T","?","M","R","?","E","R","BOSS"],"build_version":"2019-04-04","purchased_purges":0,"victory":false,"max_hp_per_floor":[71,76,76,76,76,76,76,76,76,76,76,76,76,83,83,83],"card_choices":[{"not_picked":["Leap","Hologram"],"picked":"Cold Snap","floor":1.0},{"not_picked":["Sweeping Beam","Steam"],"picked":"Skim","floor":3.0},{"not_picked":["Multi-Cast","Turbo"],"picked":"Undo","floor":6.0},{"not_picked":["Turbo","Melter"],"picked":"Compile Driver","floor":8.0},{"not_picked":["Go for the Eyes","Hello World","Redo"],"picked":"SKIP","floor":10.0},{"not_picked":["Steam","Sweeping Beam","Double Energy"],"picked":"SKIP","floor":11.0},{"not_picked":["FTL","Storm"],"picked":"BootSequence","floor":14.0}],"player_experience":1132814,"relics_obtained":[{"floor":6.0,"key":"Ancient Tea Set"},{"floor":8.0,"key":"DataDisk"},{"floor":14.0,"key":"Strawberry"}],"event_choices":[{"damage_healed":0.0,"max_hp_gain":5.0,"max_hp_loss":0.0,"gold_gain":0.0,"event_name":"Big Fish","player_choice":"Donut","floor":2.0,"gold_loss":0.0,"damage_taken":0.0},{"damage_healed":0.0,"max_hp_gain":0.0,"max_hp_loss":0.0,"gold_gain":0.0,"event_name":"Upgrade Shrine","player_choice":"Upgraded","floor":4.0,"gold_loss":0.0,"damage_taken":0.0,"cards_upgraded":["Zap"]},{"cards_removed":["Strike_B"],"damage_healed":0.0,"max_hp_gain":0.0,"max_hp_loss":0.0,"gold_gain":0.0,"event_name":"Golden Wing","player_choice":"Card Removal","floor":13.0,"gold_loss":0.0,"damage_taken":7.0}],"is_beta":true,"boss_relics":[],"items_purged_floors":[],"is_endless":false,"potions_floor_spawned":[3,8,11],"killed_by":"Slime Boss","ascension_level":20}