{"gold_per_floor":[16,32,32,32,107,133,133,153,179,149,166,231,231,8,8,84,84,84,84],"floor_reached":19,"playtime":526,"items_purged":["Strike_B"],"score":350,"play_id":"1ccec3b0-2fb0-4d8d-8a42-fdde7a57947e","local_time":"20190424042822","is_ascension_mode":true,"campfire_choices":[{"floor":7.0,"key":"REST"},{"data":"White Noise","floor":13.0,"key":"SMITH"},{"data":"Zap","floor":15.0,"key":"SMITH"}],"neow_cost":"NO_GOLD","seed_source_timestamp":49464477993859,"circlet_count":0,"master_deck":["AscendersBane","Strike_B","Strike_B","Strike_B","Defend_B","Defend_B","Defend_B","Defend_B","Zap+1","Dualcast","Electrodynamics","White Noise+1","Conserve Battery","Cold Snap","Conserve Battery","BootSequence","Leap","Gash","Flash of Steel","Echo Form","BootSequence","Compile Driver","Consume","Go for the Eyes","Gash"],"special_seed":0,"relics":["Cracked Core","Boot","Art of War","Tiny Chest","Orrery"],"potions_floor_usage":[18],"damage_taken":[{"damage":2.0,"enemies":"2 Louse","floor":1.0,"turns":3.0},{"damage":15.0,"enemies":"Small Slimes","floor":2.0,"turns":3.0},{"damage":10.0,"enemies":"3 Sentries","floor":6.0,"turns":3.0},{"damage":0.0,"enemies":"Cultist","floor":8.0,"turns":3.0},{"damage":4.0,"enemies":"Looter","floor":11.0,"turns":3.0},{"damage":8.0,"enemies":"Lagavulin","floor":12.0,"turns":5.0},{"damage":30.0,"enemies":"Slime Boss","floor":16.0,"turns":9.0},{"damage":0,"enemies":"Spheric Guardian","floor":18,"turns":1},{"damage":0,"enemies":"3 Byrds","floor":19,"turns":2}],"seed_played":"-2489616202777398194","potions_obtained":[{"floor":2.0,"key":"PowerPotion"},{"floor":10.0,"key":"Swift Potion"},{"floor":10.0,"key":"FearPotion"},{"floor":11.0,"key":"SmokeBomb"}],"is_trial":false,"path_per_floor":["M","M","?","$","?","E","R","M","T","?","M","E","R","$","R","B",null,"M","M"],"character_chosen":"DEFECT","items_purchased":["Gash","Flash of Steel"],"campfire_rested":1,"item_purchase_floors":[14,14],"current_hp_per_floor":[62,47,47,47,36,26,47,47,47,47,43,35,35,35,35,5,55,55,55],"gold":84,"neow_bonus":"THREE_RARE_CARDS","is_prod":false,"is_daily":false,"chose_seed":false,"campfire_upgraded":2,"win_rate":0,"timestamp":1556072902,"path_taken":["M","M","?","$","?","E","R","M","T","?","?","E","R","$","R","BOSS","M","M"],"build_version":"2019-04-23","purchased_purges":1,"victory":false,"max_hp_per_floor":[71,71,71,71,71,71,71,71,71,71,71,71,71,71,71,71,71,71,71],"card_choices":[{"not_picked":["Seek","Reboot"],"picked":"Electrodynamics","floor":0.0},{"not_picked":["Stack","Scrape"],"picked":"White Noise","floor":1.0},{"not_picked":["Undo","Force Field"],"picked":"Conserve Battery","floor":2.0},{"not_picked":["Loop","FTL"],"picked":"Cold Snap","floor":6.0},{"not_picked":["Hologram","Compile Driver"],"picked":"Conserve Battery","floor":8.0},{"not_picked":["Compile Driver","Heatsinks"],"picked":"BootSequence","floor":11.0},{"not_picked":["Undo","Redo"],"picked":"Leap","floor":12.0},{"not_picked":["Amplify","Creative AI"],"picked":"Echo Form","floor":16.0},{"not_picked":["Auto Shields","Stack"],"picked":"BootSequence","floor":17.0},{"not_picked":["Ball Lightning","Cold Snap"],"picked":"Compile Driver","floor":17.0},{"not_picked":["BootSequence","Hologram"],"picked":"Consume","floor":17.0},{"not_picked":["Tempest","Heatsinks"],"picked":"Go for the Eyes","floor":17.0},{"not_picked":["Chaos","Rebound"],"picked":"Gash","floor":17.0}],"player_experience":1205491,"relics_obtained":[{"floor":6.0,"key":"Boot"},{"floor":9.0,"key":"Art of War"},{"floor":12.0,"key":"Tiny Chest"}],"event_choices":[{"damage_healed":0.0,"max_hp_gain":0.0,"max_hp_loss":0.0,"gold_gain":0.0,"event_name":"Shining Light","player_choice":"Ignored","floor":3.0,"gold_loss":0.0,"damage_taken":0.0},{"damage_healed":0.0,"max_hp_gain":0.0,"max_hp_loss":0.0,"gold_gain":75.0,"event_name":"World of Goop","player_choice":"Gather Gold","floor":5.0,"gold_loss":0.0,"damage_taken":11.0},{"damage_healed":0.0,"max_hp_gain":0.0,"max_hp_loss":0.0,"gold_gain":0.0,"event_name":"The Woman in Blue","player_choice":"Bought 2 Potions","floor":10.0,"gold_loss":0.0,"damage_taken":0.0}],"is_beta":true,"boss_relics":[{"not_picked":["Black Star","Lizard Tail"],"picked":"Orrery"}],"items_purged_floors":[14],"is_endless":false,"potions_floor_spawned":[2,11],"killed_by":"3 Byrds","ascension_level":20}