{"gold_per_floor":[109,109,109,124,134,134,154,154,154,154,169,185,185,201,201,274,274,284,135,135,100,115,115],"floor_reached":23,"playtime":1701,"items_purged":["Pain"],"score":311,"play_id":"2dd4b6d2-8318-4ec5-a0b0-ccf7389b5cea","local_time":"20190424185535","is_ascension_mode":true,"campfire_choices":[{"data":"Zap","floor":6,"key":"SMITH"},{"data":"Steam","floor":8,"key":"SMITH"},{"data":"Streamline","floor":10,"key":"SMITH"},{"data":"1","floor":15,"key":"LIFT"}],"neow_cost":"NONE","seed_source_timestamp":92672114055900,"circlet_count":0,"master_deck":["AscendersBane","Strike_B","Strike_B","Strike_B","Strike_B","Defend_B","Defend_B","Defend_B","Defend_B","Zap+1","Dualcast","Compile Driver","Streamline+1","Steam+1","Conserve Battery","Stack","Ball Lightning","Electrodynamics","Capacitor","Darkness"],"relics":["Cracked Core","Girya","WarpedTongs","Sozu"],"potions_floor_usage":[16],"damage_taken":[{"damage":2,"enemies":"Jaw Worm","floor":1,"turns":3},{"damage":6,"enemies":"Cultist","floor":4,"turns":3},{"damage":0,"enemies":"Small Slimes","floor":5,"turns":3},{"damage":11,"enemies":"Looter","floor":7,"turns":3},{"damage":0,"enemies":"Large Slime","floor":11,"turns":4},{"damage":11,"enemies":"Exordium Thugs","floor":12,"turns":4},{"damage":9,"enemies":"3 Louse","floor":14,"turns":3},{"damage":32,"enemies":"Hexaghost","floor":16,"turns":10},{"damage":3,"enemies":"Spheric Guardian","floor":18,"turns":3},{"damage":30,"enemies":"3 Byrds","floor":22,"turns":4},{"damage":35,"enemies":"Gremlin Leader","floor":23,"turns":4}],"seed_played":"-8139000034915992162","potions_obtained":[{"floor":5,"key":"SpeedPotion"},{"floor":7,"key":"Ancient Potion"},{"floor":11,"key":"Energy Potion"},{"floor":16,"key":"FearPotion"}],"is_trial":false,"path_per_floor":["M","?","$","M","M","R","M","R","T","R","M","M","?","M","R","B",null,"M","$","?","$","M","E"],"character_chosen":"DEFECT","items_purchased":["Capacitor","Darkness"],"campfire_rested":0,"item_purchase_floors":[19,21],"current_hp_per_floor":[62,81,81,75,75,75,64,64,64,64,64,53,53,44,44,12,64,61,61,61,61,31,0],"gold":115,"neow_bonus":"ONE_RANDOM_RARE_CARD","is_prod":false,"is_daily":false,"chose_seed":false,"campfire_upgraded":3,"win_rate":0,"timestamp":1556146535,"path_taken":["M","?","?","M","M","R","M","R","T","R","M","?","?","?","R","BOSS","M","$","?","$","M","E"],"build_version":"2019-01-23","purchased_purges":1,"victory":false,"max_hp_per_floor":[71,81,81,81,81,81,81,81,81,81,81,81,81,81,81,81,81,81,81,81,81,81,81],"card_choices":[{"not_picked":["Static Discharge","Gash"],"picked":"Compile Driver","floor":1},{"not_picked":["Leap","Hologram"],"picked":"Streamline","floor":4},{"not_picked":["Redo","Recycle"],"picked":"Steam","floor":5},{"not_picked":["Lockon","Barrage","Hello World"],"picked":"SKIP","floor":7},{"not_picked":["Thunder Strike","Hologram"],"picked":"Conserve Battery","floor":11},{"not_picked":["Force Field","Streamline"],"picked":"Stack","floor":12},{"not_picked":["Go for the Eyes","Leap"],"picked":"Ball Lightning","floor":14},{"not_picked":["Amplify","Fission"],"picked":"Electrodynamics","floor":16},{"not_picked":["Consume","Compile Driver","Hologram+1"],"picked":"SKIP","floor":18},{"not_picked":["Beam Cell","Rebound+1","Streamline"],"picked":"SKIP","floor":22}],"player_experience":621320,"relics_obtained":[{"floor":9,"key":"Girya"}],"event_choices":[{"cards_removed":["Multi-Cast"],"damage_healed":9,"gold_gain":0,"player_choice":"Offered Rare","damage_taken":0,"max_hp_gain":10,"max_hp_loss":0,"event_name":"Bonfire Elementals","floor":2,"gold_loss":0},{"damage_healed":0,"gold_gain":0,"player_choice":"Rummage","damage_taken":0,"relics_obtained":["WarpedTongs"],"max_hp_gain":0,"max_hp_loss":0,"event_name":"Accursed Blacksmith","floor":13,"gold_loss":0,"cards_obtained":["Pain"]},{"damage_healed":0,"gold_gain":0,"player_choice":"Bought 0 Potions","damage_taken":0,"max_hp_gain":0,"max_hp_loss":0,"event_name":"The Woman in Blue","floor":20,"gold_loss":0}],"is_beta":false,"boss_relics":[{"not_picked":["Busted Crown","Calling Bell"],"picked":"Sozu"}],"items_purged_floors":[19],"is_endless":false,"potions_floor_spawned":[5,7,11,16,18],"killed_by":"Gremlin Leader","ascension_level":14}