{"gold_per_floor":[116,135,145,155,173,173,188,217,241,241,241,191,211,229,229,334,334,349,13,13,26,46,46],"floor_reached":23,"playtime":1120,"items_purged":["Doubt"],"score":217,"play_id":"26bab4ad-e336-48e2-9202-2b830ba8357d","local_time":"20181220143020","is_ascension_mode":true,"campfire_choices":[{"floor":6.0,"key":"REST"},{"data":"Glass Knife","floor":10.0,"key":"SMITH"},{"floor":15.0,"key":"REST"}],"neow_cost":"CURSE","seed_source_timestamp":278778058500,"circlet_count":0,"master_deck":["Defend_G","Defend_G","Defend_G","Defend_G","Defend_G","Strike_G","Strike_G","Strike_G","Strike_G","Strike_G","Survivor","Neutralize","Dagger Spray","Flying Knee","Masterful Stab","Noxious Fumes","Flying Knee","Dodge and Roll","PiercingWail","Dagger Throw","Dash","Prepared","Leg Sweep","Glass Knife+1","Escape Plan","Flechettes","Calculated Gamble","Underhanded Strike","Glass Knife","Distraction","Well Laid Plans","Eviscerate+1","Backflip"],"special_seed":0,"relics":["Ring of the Snake","Prayer Wheel","Mango","Ancient Tea Set","Mercury Hourglass","HoveringKite","Matryoshka","Nilry\u0027s Codex"],"potions_floor_usage":[23],"damage_taken":[{"damage":1.0,"enemies":"2 Louse","floor":1.0,"turns":5.0},{"damage":1.0,"enemies":"Jaw Worm","floor":2.0,"turns":5.0},{"damage":0.0,"enemies":"Small Slimes","floor":3.0,"turns":3.0},{"damage":44.0,"enemies":"Exordium Thugs","floor":4.0,"turns":6.0},{"damage":7.0,"enemies":"Large Slime","floor":5.0,"turns":6.0},{"damage":7.0,"enemies":"3 Louse","floor":7.0,"turns":3.0},{"damage":14.0,"enemies":"Gremlin Nob","floor":8.0,"turns":5.0},{"damage":0.0,"enemies":"Exordium Wildlife","floor":13.0,"turns":2.0},{"damage":7.0,"enemies":"2 Fungi Beasts","floor":14.0,"turns":3.0},{"damage":27.0,"enemies":"Slime Boss","floor":16.0,"turns":6.0},{"damage":23.0,"enemies":"Spheric Guardian","floor":18.0,"turns":4.0},{"damage":11.0,"enemies":"2 Thieves","floor":21.0,"turns":3.0},{"damage":29,"enemies":"Sentry and Sphere","floor":22,"turns":4},{"damage":7,"enemies":"Book of Stabbing","floor":23,"turns":3}],"seed_played":"-5632140765945438243","potions_obtained":[{"floor":2.0,"key":"Regen Potion"},{"floor":5.0,"key":"SkillPotion"},{"floor":7.0,"key":"LiquidBronze"},{"floor":13.0,"key":"LiquidBronze"},{"floor":16.0,"key":"Explosive Potion"},{"floor":21.0,"key":"Ancient Potion"},{"floor":22,"key":"Explosive Potion"}],"is_trial":false,"path_per_floor":["M","M","M","M","M","R","M","E","T","R","?","?","M","M","R","B",null,"M","$","?","M","M","E"],"character_chosen":"THE_SILENT","items_purchased":["Matryoshka"],"campfire_rested":2,"item_purchase_floors":[19],"current_hp_per_floor":[69,68,68,24,17,38,31,31,31,31,31,31,31,24,49,22,84,61,61,45,34,5,0],"gold":46,"neow_bonus":"ONE_RARE_RELIC","is_prod":false,"is_daily":false,"chose_seed":false,"campfire_upgraded":1,"win_rate":0,"timestamp":1545334220,"path_taken":["M","M","M","M","M","R","M","E","T","R","?","?","M","M","R","BOSS","M","$","?","M","M","E"],"build_version":"2018-12-13","purchased_purges":1,"victory":false,"max_hp_per_floor":[70,70,70,70,70,70,70,84,84,84,84,84,84,84,84,84,84,84,84,84,84,84,84],"card_choices":[{"not_picked":["Poisoned Stab","Deflect"],"picked":"Dagger Spray","floor":1.0},{"not_picked":["Blade Dance","Flying Knee","Prepared"],"picked":"SKIP","floor":1.0},{"not_picked":["Blade Dance","Prepared"],"picked":"Flying Knee","floor":1.0},{"not_picked":["Dodge and Roll","Deflect"],"picked":"Masterful Stab","floor":2.0},{"not_picked":["Deadly Poison","Leg Sweep"],"picked":"Noxious Fumes","floor":2.0},{"not_picked":["Caltrops","Dodge and Roll"],"picked":"Flying Knee","floor":3.0},{"not_picked":["Blade Dance","Venomology"],"picked":"Dodge and Roll","floor":3.0},{"not_picked":["All Out Attack","Dodge and Roll"],"picked":"PiercingWail","floor":4.0},{"not_picked":["Dagger Throw","Quick Slash","Cloak And Dagger"],"picked":"SKIP","floor":4.0},{"not_picked":["Quick Slash","Cloak And Dagger"],"picked":"Dagger Throw","floor":4.0},{"not_picked":["Sucker Punch","Burst"],"picked":"Dash","floor":5.0},{"not_picked":["Poisoned Stab","Riddle With Holes","Bane"],"picked":"SKIP","floor":5.0},{"not_picked":["Poisoned Stab","Expertise"],"picked":"Prepared","floor":7.0},{"not_picked":["Outmaneuver","Slice","Leg Sweep"],"picked":"SKIP","floor":7.0},{"not_picked":["Outmaneuver","Slice"],"picked":"Leg Sweep","floor":7.0},{"not_picked":["All Out Attack","Infinite Blades"],"picked":"Glass Knife","floor":8.0},{"not_picked":["PiercingWail","Deflect"],"picked":"Escape Plan","floor":13.0},{"not_picked":["Deadly Poison","Escape Plan"],"picked":"Flechettes","floor":13.0},{"not_picked":["Leg Sweep","PiercingWail"],"picked":"Calculated Gamble","floor":14.0},{"not_picked":["Poisoned Stab","Envenom"],"picked":"Underhanded Strike","floor":14.0},{"not_picked":["Venomology","Storm of Steel"],"picked":"Glass Knife","floor":16.0},{"not_picked":["Leg Sweep","Calculated Gamble"],"picked":"Distraction","floor":18.0},{"not_picked":["Flying Knee","PiercingWail"],"picked":"Well Laid Plans","floor":18.0},{"not_picked":["PiercingWail","Endless Agony"],"picked":"Eviscerate+1","floor":21.0},{"not_picked":["Leg Sweep+1","Well Laid Plans"],"picked":"Backflip","floor":21.0},{"not_picked":["Deflect","Acrobatics+1","Blade Dance"],"picked":"SKIP","floor":22},{"not_picked":["Dagger Throw+1","Bane","Dodge and Roll"],"picked":"SKIP","floor":22}],"player_experience":301769,"relics_obtained":[{"floor":8.0,"key":"Mango"},{"floor":9.0,"key":"Ancient Tea Set"},{"floor":20.0,"key":"Nilry\u0027s Codex"}],"event_choices":[{"damage_healed":0.0,"max_hp_gain":0.0,"max_hp_loss":0.0,"gold_gain":0.0,"event_name":"Big Fish","player_choice":"Box","floor":11.0,"gold_loss":0.0,"damage_taken":0.0,"relics_obtained":["Mercury Hourglass"],"cards_obtained":["Regret"]},{"cards_removed":["Regret"],"damage_healed":0.0,"max_hp_gain":0.0,"max_hp_loss":0.0,"gold_gain":0.0,"event_name":"The Cleric","player_choice":"Card Removal","floor":12.0,"gold_loss":50.0,"damage_taken":0.0},{"damage_healed":0.0,"max_hp_gain":0.0,"max_hp_loss":0.0,"gold_gain":0.0,"event_name":"Cursed Tome","player_choice":"Obtained Book","floor":20.0,"gold_loss":0.0,"damage_taken":16.0}],"is_beta":false,"boss_relics":[{"not_picked":["Cursed Key","Eternal Feather"],"picked":"HoveringKite"}],"items_purged_floors":[19],"is_endless":false,"potions_floor_spawned":[2,5,7,13,16,21,22],"killed_by":"Book of Stabbing","ascension_level":2}