{"gold_per_floor":[112,125,136,146,146,176,196,214,238,238],"floor_reached":10,"playtime":3361,"items_purged":[],"score":104,"play_id":"5d282669-dd62-45ab-aca4-7514e887059b","local_time":"20190325210502","is_ascension_mode":true,"campfire_choices":[],"neow_cost":"NONE","seed_source_timestamp":583915423835834,"circlet_count":0,"master_deck":["Strike_R","Strike_R","Strike_R","Strike_R","Strike_R","Defend_R","Defend_R","Defend_R","Defend_R","Bash","Ghostly Armor","Shrug It Off","Body Slam","True Grit","Evolve","Ghostly Armor","Juggernaut","Pommel Strike","Armaments"],"special_seed":0,"relics":["Burning Blood","Calipers","Prayer Wheel","Lantern"],"potions_floor_usage":[],"damage_taken":[{"damage":0.0,"enemies":"Small Slimes","floor":1.0,"turns":4.0},{"damage":3.0,"enemies":"Cultist","floor":2.0,"turns":4.0},{"damage":0.0,"enemies":"Jaw Worm","floor":3.0,"turns":3.0},{"damage":43,"enemies":"Large Slime","floor":4,"turns":16},{"damage":24,"enemies":"3 Sentries","floor":6,"turns":13},{"damage":5,"enemies":"Exordium Wildlife","floor":7,"turns":5},{"damage":24,"enemies":"Gremlin Gang","floor":8,"turns":11}],"seed_played":"5014314746716777214","potions_obtained":[{"floor":2.0,"key":"Ancient Potion"},{"floor":4,"key":"BloodPotion"},{"floor":7,"key":"Weak Potion"}],"is_trial":false,"path_per_floor":["?","M","?"],"character_chosen":"IRONCLAD","items_purchased":[],"campfire_rested":0,"item_purchase_floors":[],"current_hp_per_floor":[78,80,80,43,43,25,26,8,8,0],"gold":238,"neow_bonus":"THREE_CARDS","is_prod":false,"is_daily":false,"chose_seed":false,"campfire_upgraded":0,"win_rate":0,"timestamp":1553573102,"path_taken":["M","M","M","M","?","E","M","?","T","?"],"build_version":"2019-01-23","purchased_purges":0,"victory":false,"max_hp_per_floor":[80,80,80,80,80,80,80,80,80,80],"card_choices":[{"not_picked":["Shockwave","Body Slam"],"picked":"Ghostly Armor","floor":0.0},{"not_picked":["Clash","Twin Strike"],"picked":"Shrug It Off","floor":1.0},{"not_picked":["Sever Soul","Pommel Strike"],"picked":"Body Slam","floor":2.0},{"not_picked":["Body Slam","Feel No Pain"],"picked":"True Grit","floor":3.0},{"not_picked":["Flex","Heavy Blade"],"picked":"Evolve","floor":4},{"not_picked":["Twin Strike","Shrug It Off"],"picked":"Ghostly Armor","floor":6},{"not_picked":["Dropkick","Thunderclap"],"picked":"Juggernaut","floor":7},{"not_picked":["Blood for Blood","Combust","Havoc"],"picked":"SKIP","floor":7},{"not_picked":["Heavy Blade","Sword Boomerang"],"picked":"Pommel Strike","floor":8},{"not_picked":["Perfected Strike","Warcry"],"picked":"Armaments","floor":8}],"player_experience":116722,"relics_obtained":[{"floor":6,"key":"Prayer Wheel"},{"floor":9,"key":"Lantern"}],"event_choices":[{"damage_healed":0,"gold_gain":0,"player_choice":"Gave Potion","damage_taken":0,"relics_obtained":["Calipers"],"max_hp_gain":0,"max_hp_loss":0,"event_name":"WeMeetAgain","floor":5,"gold_loss":0}],"is_beta":false,"boss_relics":[],"items_purged_floors":[],"is_endless":false,"potions_floor_spawned":[2,4,7],"ascension_level":9}