{"gold_per_floor":[111,128,44,44,61,93,104,104,104,104,121,121,141,176,176,252,252,272,286,336,203,220,220],"floor_reached":23,"playtime":3177,"items_purged":["Decay"],"score":406,"play_id":"89e9cd34-a0d7-46a1-93f2-5cd04faae354","local_time":"20190425140513","is_ascension_mode":true,"campfire_choices":[{"data":"Predator","floor":8,"key":"SMITH"},{"data":"A Thousand Cuts","floor":12,"key":"SMITH"},{"data":"Noxious Fumes","floor":15,"key":"SMITH"}],"neow_cost":"NONE","seed_source_timestamp":611226789288408,"circlet_count":0,"master_deck":["AscendersBane","Defend_G","Defend_G","Defend_G","Defend_G","Defend_G","Strike_G","Strike_G","Strike_G","Strike_G","Strike_G","Survivor","Neutralize","Cloak And Dagger","Backstab","Dagger Throw","Dodge and Roll","Predator+1","A Thousand Cuts+1","Noxious Fumes+1","PiercingWail","Leg Sweep","Backflip","Leg Sweep"],"relics":["Ring of the Snake","Dead Branch","Tough Bandages","Mercury Hourglass","Velvet Choker"],"potions_floor_usage":[6,6,16],"damage_taken":[{"damage":3,"enemies":"Small Slimes","floor":1,"turns":4},{"damage":0,"enemies":"2 Louse","floor":2,"turns":4},{"damage":0,"enemies":"Cultist","floor":5,"turns":3},{"damage":6,"enemies":"Gremlin Nob","floor":6,"turns":4},{"damage":0,"enemies":"Lots of Slimes","floor":7,"turns":8},{"damage":4,"enemies":"Exordium Thugs","floor":11,"turns":6},{"damage":6,"enemies":"3 Louse","floor":13,"turns":4},{"damage":24,"enemies":"Lagavulin","floor":14,"turns":7},{"damage":9,"enemies":"Slime Boss","floor":16,"turns":6},{"damage":5,"enemies":"3 Byrds","floor":18,"turns":3},{"damage":16,"enemies":"Shell Parasite","floor":19,"turns":5},{"damage":4,"enemies":"Centurion and Healer","floor":22,"turns":7},{"damage":33,"enemies":"Book of Stabbing","floor":23,"turns":5}],"seed_played":"-2851421182425531698","potions_obtained":[{"floor":0,"key":"Poison Potion"},{"floor":0,"key":"GhostInAJar"},{"floor":6,"key":"Block Potion"},{"floor":13,"key":"PowerPotion"},{"floor":16,"key":"AttackPotion"}],"is_trial":false,"path_per_floor":["?","?","M","M","?"],"character_chosen":"THE_SILENT","items_purchased":["Backstab","Backflip"],"campfire_rested":0,"item_purchase_floors":[3,21],"current_hp_per_floor":[56,56,56,61,61,55,55,55,55,55,51,51,45,21,21,12,56,51,35,35,35,31,0],"gold":220,"neow_bonus":"THREE_SMALL_POTIONS","is_prod":false,"is_daily":false,"chose_seed":false,"campfire_upgraded":3,"win_rate":0,"timestamp":1556190313,"path_taken":["M","M","$","?","M","E","M","R","T","?","?","R","M","E","R","BOSS","M","?","?","$","M","E"],"build_version":"2019-01-23","purchased_purges":1,"victory":false,"max_hp_per_floor":[66,66,66,71,71,71,71,71,71,71,71,71,71,71,71,71,71,71,71,71,71,71,71],"card_choices":[{"not_picked":["Dodge and Roll","Slice","Calculated Gamble"],"picked":"SKIP","floor":1},{"not_picked":["Outmaneuver","Accuracy"],"picked":"Cloak And Dagger","floor":2},{"not_picked":["PiercingWail","Slice"],"picked":"Dagger Throw","floor":5},{"not_picked":["Eviscerate","Escape Plan"],"picked":"Dodge and Roll","floor":6},{"not_picked":["Prepared","Leg Sweep"],"picked":"Predator","floor":7},{"not_picked":["Footwork","Poisoned Stab"],"picked":"A Thousand Cuts","floor":11},{"not_picked":["Finisher","Blade Dance"],"picked":"Noxious Fumes","floor":13},{"not_picked":["Finisher","All Out Attack"],"picked":"PiercingWail","floor":14},{"not_picked":["Endless Agony","Finisher"],"picked":"Leg Sweep","floor":18},{"not_picked":["Concentrate","Bane","Dagger Throw+1"],"picked":"SKIP","floor":19},{"not_picked":["Deflect+1","Blade Dance"],"picked":"Leg Sweep","floor":22}],"player_experience":1870066,"relics_obtained":[{"floor":6,"key":"Dead Branch"},{"floor":9,"key":"Tough Bandages"},{"floor":14,"key":"Mercury Hourglass"}],"event_choices":[{"damage_healed":0,"gold_gain":0,"player_choice":"Donut","damage_taken":0,"max_hp_gain":5,"max_hp_loss":0,"event_name":"Big Fish","floor":4,"gold_loss":0},{"damage_healed":0,"gold_gain":0,"player_choice":"Cursed","damage_taken":0,"max_hp_gain":0,"max_hp_loss":0,"event_name":"Wheel of Change","floor":10,"gold_loss":0,"cards_obtained":["Decay"]},{"damage_healed":0,"gold_gain":50,"player_choice":"Stole From Cult","damage_taken":0,"max_hp_gain":0,"max_hp_loss":0,"event_name":"Nest","floor":20,"gold_loss":0}],"is_beta":false,"boss_relics":[{"not_picked":["Astrolabe","Eternal Feather"],"picked":"Velvet Choker"}],"items_purged_floors":[21],"is_endless":false,"potions_floor_spawned":[1,6,13,14,16,19,22],"killed_by":"Book of Stabbing","ascension_level":20}