{"path_per_floor":["M","M","M","M","M","R","M","M","T","M","?","$","R","M","R","B",null,"M","M","?","$","M","R","E"],"character_chosen":"IRONCLAD","items_purchased":["Rampage","Body Slam","Oddly Smooth Stone"],"gold_per_floor":[13,25,40,57,68,68,86,104,128,138,138,39,39,56,56,154,154,141,157,157,1,13,13,46],"floor_reached":25,"campfire_rested":0,"playtime":1780,"current_hp_per_floor":[80,76,80,77,71,71,77,80,80,80,73,73,73,76,76,51,80,64,40,40,40,43,43,31],"items_purged":[],"gold":46,"score":219,"play_id":"80475e8d-0a6e-4095-98e3-1bf04c31434d","is_prod":false,"is_daily":false,"is_ascension_mode":false,"campfire_upgraded":4,"path_taken":["M","M","M","M","M","R","M","M","T","M","?","$","R","M","R","BOSS","M","M","?","$","M","R","E","M"],"build_version":"2018-02-22-PROD2","purchased_purges":0,"victory":false,"master_deck":["Strike_R","Strike_R","Strike_R","Strike_R","Defend_R","Defend_R","Defend_R","Defend_R","Bash","Pommel Strike","Iron Wave","Metallicize","Flame Barrier+1","Flex","Spot Weakness+1","Rage","Shrug It Off","Rampage+1","Body Slam","Limit Break+1","Rampage","Headbutt","Ghostly Armor+1"],"max_hp_per_floor":[80,80,80,80,80,80,80,80,80,80,80,80,80,80,80,80,80,80,80,80,80,80,80,80],"relics":["Burning Blood","Bird Faced Urn","Regal Pillow","Lizard Tail","Oddly Smooth Stone","Art of War"],"card_choices":[{"not_picked":["Corruption","Clothesline"],"picked":"Pommel Strike"},{"not_picked":["Uppercut","Wild Strike"],"picked":"Iron Wave"},{"not_picked":["Heavy Blade","Flex"],"picked":"Metallicize"},{"not_picked":["Pummel","Body Slam"],"picked":"Flame Barrier"},{"not_picked":["Carnage","Armaments"],"picked":"Flex"},{"not_picked":["Iron Wave","Pommel Strike"],"picked":"Spot Weakness"},{"not_picked":["Sword Boomerang","Perfected Strike"],"picked":"Rage"},{"not_picked":["True Grit","Hemokinesis"],"picked":"Shrug It Off"},{"not_picked":["Juggernaut","Immolate"],"picked":"Limit Break"},{"not_picked":["Perfected Strike","Wild Strike"],"picked":"Rampage"},{"not_picked":["Cleave","Metallicize"],"picked":"Headbutt"},{"not_picked":["Wild Strike","Immolate"],"picked":"Ghostly Armor"}],"player_experience":141138,"potions_floor_usage":[16,16,24,24,25],"damage_taken":[{"damage":5,"enemies":"Small Slimes","floor":1,"turns":4},{"damage":10,"enemies":"Jaw Worm","floor":2,"turns":4},{"damage":0,"enemies":"Cultist","floor":3,"turns":3},{"damage":9,"enemies":"Gremlin Gang","floor":4,"turns":5},{"damage":12,"enemies":"Exordium Thugs","floor":5,"turns":6},{"damage":2,"enemies":"Blue Slaver","floor":7,"turns":4},{"damage":5,"enemies":"3 Louse","floor":8,"turns":3},{"damage":0,"enemies":"2 Fungi Beasts","floor":10,"turns":5},{"damage":5,"enemies":"Red Slaver","floor":14,"turns":6},{"damage":33,"enemies":"Hexaghost","floor":16,"turns":11},{"damage":22,"enemies":"2 Thieves","floor":18,"turns":4},{"damage":32,"enemies":"Spheric Guardian","floor":19,"turns":6},{"damage":5,"enemies":"Centurion and Healer","floor":22,"turns":11},{"damage":80,"enemies":"Gremlin Leader","floor":24,"turns":11},{"damage":47,"enemies":"Cultist and Chosen","floor":25,"turns":5}],"event_choices":[{"event_name":"Golden Wing","player_choice":"Card Removal","floor":11,"damage_taken":0},{"event_name":"The Lab","player_choice":"Got Potions","floor":20,"damage_taken":0}],"boss_relics":[{"not_picked":["Orrery","Tiny House"],"picked":"Lizard Tail"}],"potions_floor_spawned":[1,5,10,14],"seed_played":"5991349928532478757","killed_by":"Cultist and Chosen","ascension_level":0,"is_trial":false}