{"gold_per_floor":[110,124,137,148,68,68,86,86,86,86,106,116,132,132,132,132],"floor_reached":16,"playtime":477,"items_purged":[],"score":106,"play_id":"2ec45cd4-f620-4df3-80d8-75333c1df98c","local_time":"20181111011248","is_ascension_mode":true,"campfire_choices":[{"data":"Searing Blow","floor":6,"key":"SMITH"},{"floor":8,"key":"REST"},{"data":"Fiend Fire","floor":10,"key":"SMITH"},{"data":"Searing Blow+1","floor":15,"key":"SMITH"}],"neow_cost":"NONE","seed_source_timestamp":289457516531800,"circlet_count":0,"master_deck":["Strike_R","Strike_R","Strike_R","Strike_R","Strike_R","Defend_R","Defend_R","Defend_R","Defend_R","Bash","Double Tap","Whirlwind","Rampage","Cleave","Seeing Red","Searing Blow+2","Fiend Fire+1","Battle Trance","Flex","Injury"],"relics":["Burning Blood","Sundial","Golden Idol"],"potions_floor_usage":[7,13],"damage_taken":[{"damage":14,"enemies":"2 Louse","floor":1,"turns":3},{"damage":0,"enemies":"Small Slimes","floor":2,"turns":3},{"damage":7,"enemies":"Jaw Worm","floor":3,"turns":3},{"damage":0,"enemies":"Large Slime","floor":4,"turns":6},{"damage":58,"enemies":"Exordium Wildlife","floor":7,"turns":7},{"damage":0,"enemies":"Lots of Slimes","floor":11,"turns":1},{"damage":10,"enemies":"3 Louse","floor":12,"turns":2},{"damage":11,"enemies":"Looter","floor":13,"turns":2},{"damage":50,"enemies":"Slime Boss","floor":16,"turns":8}],"seed_played":"-1740430384781739891","potions_obtained":[{"floor":1,"key":"SteroidPotion"},{"floor":2,"key":"Weak Potion"},{"floor":4,"key":"SneckoOil"},{"floor":13,"key":"Ancient Potion"}],"is_trial":false,"path_per_floor":["M","M","M","M","$","R","M","R","T","R","M","M","M","?","R","B"],"character_chosen":"IRONCLAD","items_purchased":["Searing Blow"],"campfire_rested":1,"item_purchase_floors":[5],"current_hp_per_floor":[72,78,77,80,80,80,28,52,52,52,58,54,49,49,49,0],"gold":132,"neow_bonus":"ONE_RANDOM_RARE_CARD","is_prod":false,"is_daily":false,"chose_seed":false,"campfire_upgraded":3,"win_rate":0,"timestamp":1541916768,"path_taken":["M","M","M","M","$","R","M","R","T","R","M","M","M","?","R","BOSS"],"build_version":"2018-11-08","purchased_purges":0,"victory":false,"max_hp_per_floor":[80,80,80,80,80,80,80,80,80,80,80,80,80,80,80,80],"card_choices":[{"not_picked":["Sentinel","Shrug It Off"],"picked":"Whirlwind","floor":1},{"not_picked":["Entrench","Flex"],"picked":"Rampage","floor":2},{"not_picked":["Body Slam","Sentinel"],"picked":"Cleave","floor":3},{"not_picked":["Wild Strike","Cleave"],"picked":"Seeing Red","floor":4},{"not_picked":["Havoc","Clothesline"],"picked":"Fiend Fire","floor":7},{"not_picked":["Rampage","Anger"],"picked":"Battle Trance","floor":11},{"not_picked":["Heavy Blade","Sword Boomerang"],"picked":"Flex","floor":12},{"not_picked":["Sword Boomerang","Hemokinesis","Body Slam"],"picked":"SKIP","floor":13}],"player_experience":293129,"relics_obtained":[{"floor":9,"key":"Sundial"}],"event_choices":[{"damage_healed":0,"gold_gain":0,"player_choice":"Take Wound","damage_taken":0,"relics_obtained":["Golden Idol"],"max_hp_gain":0,"max_hp_loss":0,"event_name":"Golden Idol","floor":14,"gold_loss":0,"cards_obtained":["Injury"]}],"is_beta":true,"boss_relics":[],"items_purged_floors":[],"is_endless":false,"potions_floor_spawned":[1,2,4,13],"killed_by":"Slime Boss","ascension_level":2}