{"gold_per_floor":[119,219,237,256,276,311,322,356,383,393,420,446,3,14,14,110,110,127,146,146,163,63,63,63,63,63,80,90,90,90,90,90,193,193,210,210,210,210],"floor_reached":38,"playtime":1171,"items_purged":["Strike_R","Regret"],"score":463,"play_id":"981cbc4c-43a5-45ab-81a6-55bb6f06ea88","local_time":"20181110235751","is_ascension_mode":true,"campfire_choices":[{"floor":15.0,"key":"REST"},{"data":"Shame","floor":23.0,"key":"PURGE"},{"data":"Shame","floor":25.0,"key":"PURGE"},{"data":"Heavy Blade","floor":32.0,"key":"SMITH"}],"neow_cost":"NONE","seed_source_timestamp":0,"circlet_count":0,"master_deck":["Defend_R","Defend_R","Defend_R","Bash","Spot Weakness","Perfected Strike","Twin Strike","Twin Strike","Pummel","Ghostly Armor","Whirlwind","Wild Strike","Inflame","Feed","Normality","Flame Barrier","Sword Boomerang+1","Heavy Blade+1","Bite","Bite","Bite","Bite","Bite","Reaper+1"],"special_seed":0,"relics":["Burning Blood","Happy Flower","Pocketwatch","Bag of Preparation","MawBank","Oddly Smooth Stone","Red Skull","Calling Bell","Centennial Puzzle","Letter Opener","Peace Pipe","Vajra","Mercury Hourglass","Blue Candle","Runic Cube"],"potions_floor_usage":[],"damage_taken":[{"damage":7.0,"enemies":"2 Louse","floor":1.0,"turns":4.0},{"damage":1.0,"enemies":"Cultist","floor":3.0,"turns":3.0},{"damage":7.0,"enemies":"Jaw Worm","floor":4.0,"turns":2.0},{"damage":1.0,"enemies":"Exordium Wildlife","floor":5.0,"turns":2.0},{"damage":31.0,"enemies":"Lagavulin","floor":6.0,"turns":4.0},{"damage":0.0,"enemies":"Blue Slaver","floor":7.0,"turns":1.0},{"damage":30.0,"enemies":"Gremlin Nob","floor":8.0,"turns":4.0},{"damage":0.0,"enemies":"3 Louse","floor":10.0,"turns":1.0},{"damage":18.0,"enemies":"3 Sentries","floor":11.0,"turns":4.0},{"damage":1.0,"enemies":"Looter","floor":12.0,"turns":2.0},{"damage":21.0,"enemies":"Exordium Thugs","floor":14.0,"turns":2.0},{"damage":18.0,"enemies":"Hexaghost","floor":16.0,"turns":6.0},{"damage":42.0,"enemies":"Shell Parasite","floor":18.0,"turns":4.0},{"damage":5.0,"enemies":"Chosen","floor":19.0,"turns":3.0},{"damage":19.0,"enemies":"Centurion and Healer","floor":21.0,"turns":3.0},{"damage":0.0,"enemies":"Sentry and Sphere","floor":27.0,"turns":2.0},{"damage":12.0,"enemies":"Snecko","floor":28.0,"turns":3.0},{"damage":34.0,"enemies":"Collector","floor":33.0,"turns":8.0},{"damage":44.0,"enemies":"3 Shapes","floor":35.0,"turns":5.0},{"damage":60,"enemies":"3 Darklings","floor":38,"turns":3}],"seed_played":"7527516474644020561","potions_obtained":[{"floor":1.0,"key":"Fire Potion"},{"floor":6.0,"key":"SteroidPotion"},{"floor":10.0,"key":"SpeedPotion"},{"floor":14.0,"key":"Block Potion"},{"floor":21.0,"key":"AttackPotion"},{"floor":27.0,"key":"Explosive Potion"}],"is_trial":false,"path_per_floor":["M","?","M","M","M","E","M","E","T","M","E","M","$","M","R","B",null,"M","M","?","M","$","R","?","R","T","M","M","T","?","$","R","B",null,"M","?","?","M"],"character_chosen":"IRONCLAD","items_purchased":["Oddly Smooth Stone","Inflame","Red Skull"],"campfire_rested":1,"item_purchase_floors":[13,13,13],"current_hp_per_floor":[79,79,80,79,80,55,61,37,37,45,35,42,42,29,53,43,80,44,47,47,36,36,36,36,36,36,44,40,40,40,40,40,20,80,57,57,57,0],"gold":210,"neow_bonus":"RANDOM_COMMON_RELIC","is_prod":false,"is_daily":false,"chose_seed":false,"campfire_upgraded":1,"win_rate":0,"timestamp":1541912271,"path_taken":["M","?","M","M","M","E","M","E","T","M","E","M","$","?","R","BOSS","M","?","?","M","$","R","?","R","T","M","M","?","?","?","R","BOSS","M","?","?","?"],"build_version":"2018-11-08","purchased_purges":2,"victory":false,"max_hp_per_floor":[80,80,80,80,80,80,80,80,80,80,80,80,80,80,80,80,80,80,80,80,80,80,80,80,80,80,80,80,80,80,80,80,80,80,83,83,83,83],"card_choices":[{"not_picked":["Cleave","Sword Boomerang"],"picked":"Spot Weakness","floor":1.0},{"not_picked":["Havoc","Shrug It Off"],"picked":"Perfected Strike","floor":3.0},{"not_picked":["Havoc","Rampage"],"picked":"Twin Strike","floor":4.0},{"not_picked":["Cleave","Whirlwind"],"picked":"Twin Strike","floor":5.0},{"not_picked":["Cleave","Power Through"],"picked":"Pummel","floor":6.0},{"not_picked":["Entrench","Thunderclap"],"picked":"Ghostly Armor","floor":7.0},{"not_picked":["Burning Pact","Entrench"],"picked":"Whirlwind","floor":8.0},{"not_picked":["Fiend Fire","Cleave"],"picked":"Wild Strike","floor":10.0},{"not_picked":["Warcry","Clash","Fire Breathing"],"picked":"SKIP","floor":11.0},{"not_picked":["Pommel Strike","Thunderclap","Anger"],"picked":"SKIP","floor":12.0},{"not_picked":["Havoc","Cleave","Entrench"],"picked":"SKIP","floor":14.0},{"not_picked":["Barricade","Offering"],"picked":"Feed","floor":16.0},{"not_picked":["Spot Weakness","Iron Wave+1"],"picked":"Flame Barrier","floor":18.0},{"not_picked":["Sever Soul+1","Thunderclap"],"picked":"Sword Boomerang+1","floor":19.0},{"not_picked":["Uppercut","Perfected Strike"],"picked":"Heavy Blade","floor":21.0},{"not_picked":["Wild Strike","Rage","Cleave"],"picked":"SKIP","floor":27.0},{"not_picked":["Hemokinesis","Cleave+1","Burning Pact"],"picked":"SKIP","floor":28.0},{"not_picked":["Immolate","Fiend Fire"],"picked":"Reaper","floor":33.0},{"not_picked":["Iron Wave+1","Headbutt+1","Twin Strike+1"],"picked":"SKIP","floor":35.0}],"player_experience":290767,"relics_obtained":[{"floor":6.0,"key":"Pocketwatch"},{"floor":8.0,"key":"Blood Vial"},{"floor":9.0,"key":"Bag of Preparation"},{"floor":11.0,"key":"MawBank"},{"floor":17.0,"key":"Centennial Puzzle"},{"floor":17.0,"key":"Letter Opener"},{"floor":17.0,"key":"Peace Pipe"},{"floor":26.0,"key":"Mercury Hourglass"},{"floor":29.0,"key":"Blue Candle"}],"event_choices":[{"damage_healed":0.0,"max_hp_gain":0.0,"max_hp_loss":0.0,"gold_gain":100.0,"event_name":"Golden Shrine","player_choice":"Pray","floor":2.0,"gold_loss":0.0,"damage_taken":0.0},{"damage_healed":0.0,"max_hp_gain":0.0,"max_hp_loss":0.0,"gold_gain":0.0,"event_name":"Ghosts","player_choice":"Ignored","floor":20.0,"gold_loss":0.0,"damage_taken":0.0},{"damage_healed":0.0,"max_hp_gain":0.0,"max_hp_loss":0.0,"gold_gain":0.0,"event_name":"Addict","player_choice":"Stole Relic","floor":24.0,"gold_loss":0.0,"damage_taken":0.0,"relics_obtained":["Vajra"],"cards_obtained":["Shame"]},{"damage_healed":0.0,"max_hp_gain":0.0,"max_hp_loss":0.0,"gold_gain":0.0,"event_name":"Vampires","player_choice":"Became a vampire (Vial)","floor":30.0,"relics_lost":["Blood Vial"],"gold_loss":0.0,"damage_taken":0.0,"cards_obtained":["Bite","Bite","Bite","Bite","Bite"]},{"cards_removed":["Defend_R"],"damage_healed":0.0,"max_hp_gain":0.0,"max_hp_loss":0.0,"gold_gain":0.0,"event_name":"Falling","player_choice":"Removed Skill","floor":36.0,"gold_loss":0.0,"damage_taken":0.0},{"damage_healed":0.0,"max_hp_gain":0.0,"max_hp_loss":0.0,"gold_gain":0.0,"event_name":"Accursed Blacksmith","player_choice":"Forge","floor":37.0,"gold_loss":0.0,"damage_taken":0.0,"cards_upgraded":["Reaper"]}],"is_beta":true,"boss_relics":[{"not_picked":["Ectoplasm","Mark of Pain"],"picked":"Calling Bell"},{"not_picked":["Philosopher\u0027s Stone","Astrolabe"],"picked":"Runic Cube"}],"items_purged_floors":[13,22],"is_endless":false,"potions_floor_spawned":[1,6,10,14,21,27],"killed_by":"3 Darklings","ascension_level":2}