{"path_per_floor":["M","M","M","M","M","R","M","M","T","R","?","M","?","M","R","B",null,"M","M","M"],"character_chosen":"THE_SILENT","items_purchased":[],"gold_per_floor":[116,130,140,158,172,172,182,197,197,197,197,214,179,195,195,297,297,309,323,343],"floor_reached":21,"campfire_rested":1,"playtime":934,"current_hp_per_floor":[67,67,67,51,47,47,29,29,29,50,50,46,63,58,58,13,70,40,17,12],"items_purged":[],"gold":343,"score":179,"play_id":"a4a73436-8dca-4fae-9c9d-0e51dbf3aa26","local_time":"20180306232239","is_prod":false,"is_daily":false,"is_ascension_mode":false,"campfire_upgraded":2,"timestamp":1520396559,"path_taken":["M","M","M","M","M","R","M","M","T","R","?","M","?","?","R","BOSS","M","M","M","?"],"build_version":"2018-03-01-PROD1","purchased_purges":0,"victory":false,"master_deck":["Survivor","Neutralize","All Out Attack+1","Outmaneuver","Infinite Blades","Footwork","Accuracy+1","Dagger Throw","Infinite Blades","Deflect","Acrobatics","Deflect","Riddle With Holes","Quick Slash","Slice","Deadly Poison","Sucker Punch","Sucker Punch","Dodge and Roll","Outmaneuver+1","Infinite Blades"],"max_hp_per_floor":[70,70,70,70,70,70,70,70,70,70,70,70,70,70,70,70,70,70,70,70],"relics":["Ring of the Snake","Prayer Wheel","Oddly Smooth Stone","Pandora\u0027s Box"],"card_choices":[{"not_picked":["Underhanded Strike","Leg Sweep"],"picked":"All Out Attack"},{"not_picked":["Terror","Endless Agony"],"picked":"Outmaneuver"},{"not_picked":["Dodge and Roll","PiercingWail"],"picked":"Infinite Blades"},{"not_picked":["Backflip","Terror"],"picked":"Footwork"},{"not_picked":["Dagger Spray","Underhanded Strike"],"picked":"Accuracy"},{"not_picked":["Envenom","Flechettes"],"picked":"Dagger Throw"},{"not_picked":["Cloak And Dagger","Outmaneuver"],"picked":"Infinite Blades"},{"not_picked":["Flying Knee","Slice"],"picked":"Outmaneuver"},{"not_picked":["Prepared","Slice"],"picked":"Infinite Blades"}],"player_experience":144397,"potions_floor_usage":[14,16,16,20,20],"damage_taken":[{"damage":3,"enemies":"Cultist","floor":1,"turns":6},{"damage":0,"enemies":"2 Louse","floor":2,"turns":3},{"damage":0,"enemies":"Small Slimes","floor":3,"turns":3},{"damage":16,"enemies":"Blue Slaver","floor":4,"turns":5},{"damage":4,"enemies":"Red Slaver","floor":5,"turns":6},{"damage":18,"enemies":"Exordium Thugs","floor":7,"turns":7},{"damage":0,"enemies":"Gremlin Gang","floor":8,"turns":3},{"damage":4,"enemies":"Blue Slaver","floor":12,"turns":6},{"damage":5,"enemies":"Lots of Slimes","floor":14,"turns":3},{"damage":45,"enemies":"Hexaghost","floor":16,"turns":10},{"damage":30,"enemies":"2 Thieves","floor":18,"turns":5},{"damage":23,"enemies":"Spheric Guardian","floor":19,"turns":4},{"damage":14,"enemies":"Cultist and Chosen","floor":20,"turns":5},{"damage":23,"enemies":"Snecko","floor":21,"turns":5}],"event_choices":[{"event_name":"Dead Adventurer","player_choice":"Searched \u00271\u0027 times","floor":11,"damage_taken":0},{"event_name":"The Cleric","player_choice":"Healed","floor":13,"damage_taken":0}],"boss_relics":[{"not_picked":["Snecko Eye","Eternal Feather"],"picked":"Pandora\u0027s Box"}],"potions_floor_spawned":[1,5,7,12,16,18,20],"seed_played":"-2762518974815057897","killed_by":"Snecko","ascension_level":0,"is_trial":false}