{"gold_per_floor":[109,109,33,33,53,88,103,138,164,203,224,16,51,64,64,193,193,212,196,48,73,93,93,111,111,138,138,138,161,161,176,176,299,299,323,323,39,39,59,92,106,28,80,111,111,111,111,124,124,124],"floor_reached":51,"playtime":6154,"items_purged":["Strike_G","Strike_G+1"],"score":995,"play_id":"44f49591-a55e-4bf5-bdd1-8b02d8f3bb30","local_time":"20190323032512","is_ascension_mode":true,"campfire_choices":[{"floor":15,"key":"REST"},{"data":"Noxious Fumes","floor":23,"key":"SMITH"},{"data":"Noxious Fumes","floor":25,"key":"SMITH"},{"data":"Leg Sweep","floor":28,"key":"SMITH"},{"data":"Neutralize","floor":30,"key":"SMITH"},{"data":"Caltrops","floor":32,"key":"SMITH"},{"floor":45,"key":"REST"},{"floor":49,"key":"REST"}],"neow_cost":"NONE","seed_source_timestamp":246207548375774,"circlet_count":0,"master_deck":["Defend_G+1","Defend_G+1","Defend_G+1","Defend_G+1","Defend_G+1","Strike_G+1","Strike_G+1","Survivor","Neutralize+1","Dagger Throw+1","Leg Sweep+1","Wraith Form v2","Dagger Spray","Noxious Fumes+1","Crippling Poison","Predator+1","Backflip+1","Caltrops+1","Dash","Noxious Fumes+1","Doppelganger+1","Predator","Corpse Explosion","Backflip","PiercingWail","Dash","Dodge and Roll+1","PiercingWail+1","Footwork+1","Blur+1"],"relics":["Ring of the Snake","NeowsBlessing","Golden Idol","Blood Vial","Boot","Anchor","Potion Belt","Whetstone","Snecko Eye","Orichalcum","White Beast Statue","PreservedInsect","Paper Crane","War Paint","Juzu Bracelet"],"potions_floor_usage":[10,13,13,13,16,16,22,24,35,41,44,44,48,50,50,50],"damage_taken":[{"damage":0,"enemies":"Small Slimes","floor":1,"turns":1},{"damage":0,"enemies":"2 Louse","floor":5,"turns":1},{"damage":0,"enemies":"Gremlin Nob","floor":6,"turns":1},{"damage":1,"enemies":"Cultist","floor":7,"turns":6},{"damage":14,"enemies":"3 Sentries","floor":8,"turns":7},{"damage":23,"enemies":"Gremlin Nob","floor":10,"turns":5},{"damage":0,"enemies":"Looter","floor":11,"turns":4},{"damage":4,"enemies":"Lagavulin","floor":13,"turns":7},{"damage":0,"enemies":"Exordium Wildlife","floor":14,"turns":3},{"damage":4,"enemies":"Hexaghost","floor":16,"turns":9},{"damage":9,"enemies":"Spheric Guardian","floor":18,"turns":5},{"damage":0,"enemies":"2 Thieves","floor":19,"turns":4},{"damage":2,"enemies":"Snecko","floor":21,"turns":5},{"damage":20,"enemies":"3 Cultists","floor":22,"turns":5},{"damage":7,"enemies":"Snake Plant","floor":24,"turns":5},{"damage":0,"enemies":"Centurion and Healer","floor":29,"turns":4},{"damage":1,"enemies":"Cultist and Chosen","floor":31,"turns":5},{"damage":25,"enemies":"Automaton","floor":33,"turns":9},{"damage":0,"enemies":"3 Darklings","floor":35,"turns":4},{"damage":0,"enemies":"Orb Walker","floor":39,"turns":4},{"damage":13,"enemies":"Nemesis","floor":40,"turns":7},{"damage":4,"enemies":"Spire Growth","floor":41,"turns":7},{"damage":20,"enemies":"Reptomancer","floor":44,"turns":9},{"damage":11,"enemies":"Sphere and 2 Shapes","floor":48,"turns":5},{"damage":14,"enemies":"Donu and Deca","floor":50,"turns":9}],"seed_played":"-67672408569026922","potions_obtained":[{"floor":6,"key":"FearPotion"},{"floor":8,"key":"Dexterity Potion"},{"floor":10,"key":"Poison Potion"},{"floor":14,"key":"Energy Potion"},{"floor":18,"key":"Regen Potion"},{"floor":24,"key":"Swift Potion"},{"floor":33,"key":"GhostInAJar"},{"floor":35,"key":"SpeedPotion"},{"floor":39,"key":"Energy Potion"},{"floor":40,"key":"Explosive Potion"},{"floor":41,"key":"Explosive Potion"},{"floor":44,"key":"Dexterity Potion"},{"floor":48,"key":"Weak Potion"}],"is_trial":false,"path_per_floor":["?","?","M","?","?","?","?","?"],"character_chosen":"THE_SILENT","items_purchased":["Leg Sweep","Regen Potion","Caltrops","Block Potion","EssenceOfSteel","PreservedInsect","Dash","GamblersBrew"],"campfire_rested":3,"item_purchase_floors":[3,12,12,12,20,37,37,42],"current_hp_per_floor":[63,46,46,46,46,46,47,35,35,14,16,16,29,31,52,50,65,58,60,60,60,42,42,52,52,52,52,52,54,54,55,55,32,61,63,63,63,63,65,54,52,52,52,34,55,55,55,46,65,52],"gold":124,"neow_bonus":"THREE_ENEMY_KILL","is_prod":false,"is_daily":false,"chose_seed":false,"campfire_upgraded":5,"win_rate":0,"timestamp":1553311512,"path_taken":["M","?","$","?","M","E","M","E","T","E","M","$","E","M","R","BOSS","M","?","$","M","M","R","M","R","T","?","R","M","R","M","R","BOSS","M","?","$","?","M","E","M","$","T","E","R","?","?","M","R","BOSS"],"build_version":"2019-01-23","purchased_purges":2,"victory":true,"max_hp_per_floor":[70,70,70,70,70,70,70,70,70,70,70,70,70,70,70,70,70,70,70,70,70,70,70,70,70,70,70,70,70,70,70,70,70,70,70,70,70,70,70,70,70,70,70,70,70,66,66,66,66,66],"card_choices":[{"not_picked":["Deadly Poison","Concentrate"],"picked":"Dagger Throw","floor":1},{"not_picked":["Blade Dance","Prepared"],"picked":"Dagger Spray","floor":5},{"not_picked":["Prepared","Bouncing Flask"],"picked":"Noxious Fumes","floor":6},{"not_picked":["After Image","Backflip"],"picked":"Crippling Poison","floor":7},{"not_picked":["Prepared","Doppelganger","Dagger Spray"],"picked":"SKIP","floor":8},{"not_picked":["Dodge and Roll","Prepared"],"picked":"Predator","floor":10},{"not_picked":["Sucker Punch","Grand Finale"],"picked":"Backflip","floor":11},{"not_picked":["Blade Dance","Backflip"],"picked":"Dash","floor":13},{"not_picked":["Distraction","Sucker Punch"],"picked":"Noxious Fumes","floor":14},{"not_picked":["Phantasmal Killer","Wraith Form v2"],"picked":"Doppelganger","floor":16},{"not_picked":["Bane","Slice"],"picked":"Dodge and Roll","floor":18},{"not_picked":["Bane+1","Deflect","Slice"],"picked":"SKIP","floor":19},{"not_picked":["Dagger Throw","Quick Slash"],"picked":"Predator","floor":21},{"not_picked":["Bouncing Flask","All Out Attack","Slice"],"picked":"SKIP","floor":22},{"not_picked":["Bouncing Flask","All Out Attack","Slice"],"picked":"SKIP","floor":22},{"not_picked":["Underhanded Strike","Deflect"],"picked":"Corpse Explosion","floor":24},{"not_picked":["Expertise","Deadly Poison+1","All Out Attack"],"picked":"SKIP","floor":29},{"not_picked":["Distraction","Flying Knee"],"picked":"Backflip","floor":31},{"not_picked":["Bouncing Flask","Poisoned Stab+1"],"picked":"PiercingWail","floor":35},{"not_picked":["Underhanded Strike","Deadly Poison+1","Backflip"],"picked":"SKIP","floor":39},{"not_picked":["Distraction+1","Venomology"],"picked":"Dodge and Roll+1","floor":40},{"not_picked":["Dagger Spray+1","Deflect+1"],"picked":"PiercingWail+1","floor":41},{"not_picked":["PiercingWail","Leg Sweep"],"picked":"Footwork+1","floor":44},{"not_picked":["Bouncing Flask+1","Calculated Gamble+1"],"picked":"Blur+1","floor":48}],"player_experience":305791,"relics_obtained":[{"floor":6,"key":"Blood Vial"},{"floor":8,"key":"Boot"},{"floor":9,"key":"Anchor"},{"floor":10,"key":"Potion Belt"},{"floor":13,"key":"Whetstone"},{"floor":26,"key":"Orichalcum"},{"floor":40,"key":"Paper Crane"},{"floor":43,"key":"War Paint"},{"floor":44,"key":"Juzu Bracelet"}],"event_choices":[{"damage_healed":0,"gold_gain":0,"player_choice":"Take Damage","damage_taken":17,"relics_obtained":["Golden Idol"],"max_hp_gain":0,"max_hp_loss":0,"event_name":"Golden Idol","floor":2,"gold_loss":0},{"damage_healed":0,"gold_gain":0,"cards_transformed":["Strike_G"],"player_choice":"Transformed","damage_taken":0,"max_hp_gain":0,"max_hp_loss":0,"event_name":"Transmorgrifier","floor":4,"gold_loss":0,"cards_obtained":["Wraith Form v2"]},{"damage_healed":0,"gold_gain":0,"player_choice":"Simplicity","damage_taken":0,"max_hp_gain":0,"max_hp_loss":0,"event_name":"Back to Basics","floor":27,"gold_loss":0,"cards_upgraded":["Defend_G","Defend_G","Defend_G","Defend_G","Defend_G","Strike_G","Strike_G","Strike_G"]},{"damage_healed":0,"gold_gain":0,"player_choice":"Ignored","damage_taken":0,"max_hp_gain":0,"max_hp_loss":0,"event_name":"Tomb of Lord Red Mask","floor":36,"gold_loss":0},{"cards_removed":["Dodge and Roll"],"damage_healed":0,"gold_gain":0,"player_choice":"Removed Skill","damage_taken":0,"max_hp_gain":0,"max_hp_loss":0,"event_name":"Falling","floor":38,"gold_loss":0},{"damage_healed":0,"gold_gain":0,"player_choice":"Max HP","damage_taken":0,"max_hp_gain":0,"max_hp_loss":4,"event_name":"Winding Halls","floor":46,"gold_loss":0},{"damage_healed":0,"gold_gain":0,"player_choice":"Memory 1","damage_taken":0,"max_hp_gain":0,"max_hp_loss":0,"event_name":"SensoryStone","floor":47,"gold_loss":0}],"is_beta":false,"boss_relics":[{"not_picked":["Cursed Key","Fusion Hammer"],"picked":"Snecko Eye"},{"not_picked":["Pandora\u0027s Box","WristBlade"],"picked":"White Beast Statue"}],"items_purged_floors":[20,37],"is_endless":false,"potions_floor_spawned":[6,8,10,14,18,24,33,35,39,40,41,44,48],"ascension_level":7}