{"gold_per_floor":[113,113,43,57,5,5,5,33,33,33,33,43,43,62,62,62],"floor_reached":16,"playtime":429,"items_purged":[],"score":142,"play_id":"b52dde29-a48b-4990-983d-66761f887438","local_time":"20190302000514","is_ascension_mode":true,"campfire_choices":[{"data":"Zap","floor":6,"key":"SMITH"},{"floor":13,"key":"REST"},{"data":"Beam Cell","floor":15,"key":"SMITH"}],"neow_cost":"CURSE","seed_source_timestamp":642404402534100,"circlet_count":0,"master_deck":["Strike_B","Strike_B","Strike_B","Strike_B","Defend_B","Defend_B","Defend_B","Defend_B","Zap+1","Dualcast","Shame","Conserve Battery","All For One","Gash","Beam Cell+1","Gash","Self Repair","Chill","Rebound","Sweeping Beam"],"relics":["Cracked Core","Prayer Wheel","FaceOfCleric","Omamori","Art of War","Frozen Egg 2","Matryoshka"],"potions_floor_usage":[16],"damage_taken":[{"damage":0,"enemies":"2 Louse","floor":1,"turns":2},{"damage":1,"enemies":"Cultist","floor":4,"turns":3},{"damage":32,"enemies":"3 Sentries","floor":8,"turns":8},{"damage":12,"enemies":"Jaw Worm","floor":12,"turns":2},{"damage":4,"enemies":"3 Louse","floor":14,"turns":4},{"damage":44,"enemies":"The Guardian","floor":16,"turns":4}],"seed_played":"6221728626247708062","potions_obtained":[{"floor":14,"key":"LiquidBronze"}],"is_trial":false,"path_per_floor":["M","?","$","M","$","R","?","E","T","?","T","M","R","M","R","B"],"character_chosen":"DEFECT","items_purchased":["All For One","Gash"],"campfire_rested":1,"item_purchase_floors":[3,5],"current_hp_per_floor":[68,68,68,68,68,68,68,37,37,25,25,21,44,41,41,0],"gold":62,"neow_bonus":"ONE_RARE_RELIC","is_prod":false,"is_daily":false,"chose_seed":false,"campfire_upgraded":2,"win_rate":0,"timestamp":1551503114,"path_taken":["M","?","?","M","$","R","?","E","T","?","?","M","R","M","R","BOSS"],"build_version":"2019-01-23","purchased_purges":0,"victory":false,"max_hp_per_floor":[75,75,75,76,76,76,76,77,77,77,77,78,78,79,79,79],"card_choices":[{"not_picked":["Turbo","Leap"],"picked":"Conserve Battery","floor":1},{"not_picked":["Compile Driver","Stack","Storm"],"picked":"SKIP","floor":1},{"not_picked":["BootSequence","Tempest"],"picked":"Gash","floor":4},{"not_picked":["Hyperbeam","Stack"],"picked":"Beam Cell","floor":4},{"not_picked":["Redo","Rainbow"],"picked":"Self Repair","floor":8},{"not_picked":["Hologram","Force Field"],"picked":"Chill","floor":12},{"not_picked":["Doom and Gloom","Rip and Tear"],"picked":"Rebound","floor":12},{"not_picked":["Leap","Rip and Tear"],"picked":"Sweeping Beam","floor":14},{"not_picked":["Darkness","Hologram","Beam Cell"],"picked":"SKIP","floor":14}],"player_experience":503991,"relics_obtained":[{"floor":8,"key":"Omamori"},{"floor":9,"key":"Art of War"},{"floor":11,"key":"Matryoshka"}],"event_choices":[{"damage_healed":0,"gold_gain":0,"player_choice":"Trade","damage_taken":0,"relics_obtained":["FaceOfCleric"],"max_hp_gain":0,"max_hp_loss":0,"event_name":"FaceTrader","floor":2,"gold_loss":0},{"damage_healed":0,"gold_gain":0,"player_choice":"Leave","damage_taken":0,"max_hp_gain":0,"max_hp_loss":0,"event_name":"The Cleric","floor":7,"gold_loss":0},{"damage_healed":0,"gold_gain":0,"player_choice":"Success","damage_taken":12,"relics_obtained":["Frozen Egg 2"],"max_hp_gain":0,"max_hp_loss":0,"event_name":"Scrap Ooze","floor":10,"gold_loss":0}],"is_beta":false,"boss_relics":[],"items_purged_floors":[],"is_endless":false,"potions_floor_spawned":[14],"killed_by":"The Guardian","ascension_level":9}