{"gold_per_floor":[19,38,58,133,148,175,175,350,373,373,373,407,425,425],"floor_reached":14,"playtime":458,"items_purged":[],"score":120,"play_id":"e7833712-92ef-48fc-8a30-84028de217f0","local_time":"20190206005201","is_ascension_mode":true,"campfire_choices":[{"data":"Rampage","floor":7,"key":"SMITH"}],"neow_cost":"NO_GOLD","seed_source_timestamp":25501692712900,"circlet_count":0,"master_deck":["Strike_R","Strike_R","Strike_R","Strike_R","Strike_R","Defend_R","Defend_R","Defend_R","Defend_R","Bash","Armaments","Pummel","Battle Trance","Rampage+1","Flex","Doubt","Parasite","Flex"],"relics":["Burning Blood","Incense Burner","Centennial Puzzle","Blood Vial","Happy Flower","Darkstone Periapt"],"potions_floor_usage":[6,6,13],"damage_taken":[{"damage":6,"enemies":"Cultist","floor":1,"turns":3},{"damage":8,"enemies":"Small Slimes","floor":2,"turns":4},{"damage":15,"enemies":"2 Louse","floor":3,"turns":3},{"damage":2,"enemies":"Looter","floor":5,"turns":3},{"damage":30,"enemies":"3 Sentries","floor":6,"turns":7},{"damage":23,"enemies":"Gremlin Nob","floor":12,"turns":4},{"damage":14,"enemies":"2 Fungi Beasts","floor":13,"turns":3},{"damage":35,"enemies":"3 Sentries","floor":14,"turns":5}],"seed_played":"7494170883253178038","potions_obtained":[{"floor":3,"key":"SkillPotion"},{"floor":5,"key":"AttackPotion"},{"floor":12,"key":"FearPotion"}],"is_trial":false,"path_per_floor":["M","M","M","?","M","E","R","?","T","?","?","E","M","E"],"character_chosen":"IRONCLAD","items_purchased":[],"campfire_rested":0,"item_purchase_floors":[],"current_hp_per_floor":[80,78,69,58,62,38,38,38,38,31,51,36,30,0],"gold":425,"neow_bonus":"ONE_RARE_RELIC","is_prod":false,"is_daily":false,"chose_seed":false,"campfire_upgraded":1,"win_rate":0,"timestamp":1549432321,"path_taken":["M","?","M","?","M","E","R","?","T","?","?","E","?","E"],"build_version":"2019-01-23","purchased_purges":0,"victory":false,"max_hp_per_floor":[80,80,80,80,80,80,80,80,80,80,80,80,80,80],"card_choices":[{"not_picked":["Anger","Dropkick"],"picked":"Armaments","floor":1},{"not_picked":["Seeing Red","Reckless Charge"],"picked":"Pummel","floor":2},{"not_picked":["Clothesline","Havoc"],"picked":"Battle Trance","floor":3},{"not_picked":["Sever Soul","Feel No Pain"],"picked":"Rampage","floor":5},{"not_picked":["Bloodletting","Clothesline"],"picked":"Flex","floor":6},{"not_picked":["Sword Boomerang","Havoc"],"picked":"Flex","floor":12},{"not_picked":["Warcry","Intimidate","Bloodletting"],"picked":"SKIP","floor":13}],"player_experience":379623,"relics_obtained":[{"floor":6,"key":"Centennial Puzzle"},{"floor":9,"key":"Blood Vial"},{"floor":12,"key":"Darkstone Periapt"}],"event_choices":[{"damage_healed":0,"gold_gain":75,"player_choice":"Gather Gold","damage_taken":11,"max_hp_gain":0,"max_hp_loss":0,"event_name":"World of Goop","floor":4,"gold_loss":0},{"damage_healed":0,"gold_gain":175,"player_choice":"AGREE","damage_taken":0,"max_hp_gain":0,"max_hp_loss":0,"event_name":"Liars Game","floor":8,"gold_loss":0,"cards_obtained":["Doubt"]},{"damage_healed":0,"gold_gain":0,"player_choice":"Success","damage_taken":7,"relics_obtained":["Happy Flower"],"max_hp_gain":0,"max_hp_loss":0,"event_name":"Scrap Ooze","floor":10,"gold_loss":0},{"damage_healed":20,"gold_gain":0,"player_choice":"Healed and dodged fight","damage_taken":0,"max_hp_gain":0,"max_hp_loss":0,"event_name":"Mushrooms","floor":11,"gold_loss":0,"cards_obtained":["Parasite"]}],"is_beta":false,"boss_relics":[],"items_purged_floors":[],"is_endless":false,"potions_floor_spawned":[3,5,12],"killed_by":"3 Sentries","ascension_level":4}