{"gold_per_floor":[115,65,65,80,93,93,120,120,144,178,189,189,203,223,223,326,326,326,251,251,251,262,262,293,51,51,66,66,66],"floor_reached":29,"playtime":845,"items_purged":[],"score":380,"play_id":"6270b784-d440-4a74-94b4-7ce6a39b40e7","local_time":"20190329132813","is_ascension_mode":true,"campfire_choices":[{"data":"Dualcast","floor":6,"key":"SMITH"},{"floor":8,"key":"REST"},{"floor":12,"key":"REST"},{"data":"Scrape","floor":15,"key":"SMITH"},{"data":"Echo Form","floor":23,"key":"SMITH"}],"neow_cost":"NONE","seed_source_timestamp":16980451926500,"circlet_count":0,"master_deck":["AscendersBane","Strike_B","Strike_B","Strike_B","Defend_B","Defend_B","Defend_B","Defend_B","Zap+1","Dualcast+1","Scrape+1","Sweeping Beam","Go for the Eyes","Gash","Go for the Eyes","Core Surge","Conserve Battery","Compile Driver","Echo Form+1","J.A.X.","Glacier"],"relics":["Cracked Core","Boot","Bronze Scales","Blood Vial","Nuclear Battery","Singing Bowl","FossilizedHelix","Pantograph","Darkstone Periapt"],"potions_floor_usage":[14,16,18,29],"damage_taken":[{"damage":0,"enemies":"Cultist","floor":1,"turns":3},{"damage":3,"enemies":"Small Slimes","floor":4,"turns":3},{"damage":0,"enemies":"2 Louse","floor":5,"turns":2},{"damage":29,"enemies":"Lagavulin","floor":7,"turns":6},{"damage":20,"enemies":"3 Sentries","floor":10,"turns":6},{"damage":1,"enemies":"Blue Slaver","floor":11,"turns":2},{"damage":11,"enemies":"Red Slaver","floor":13,"turns":2},{"damage":5,"enemies":"Gremlin Gang","floor":14,"turns":4},{"damage":46,"enemies":"Hexaghost","floor":16,"turns":9},{"damage":0,"enemies":"3 Byrds","floor":18,"turns":1},{"damage":5,"enemies":"Chosen","floor":22,"turns":3},{"damage":51,"enemies":"Book of Stabbing","floor":24,"turns":6},{"damage":0,"enemies":"Snecko","floor":27,"turns":4},{"damage":21,"enemies":"Slavers","floor":29,"turns":1}],"seed_played":"-2927095819725328541","potions_obtained":[{"floor":1,"key":"SkillPotion"},{"floor":5,"key":"Strength Potion"},{"floor":13,"key":"SmokeBomb"},{"floor":27,"key":"Regen Potion"}],"is_trial":false,"path_per_floor":["M","?","?","M","M","R","E","R","T","E","M","R","M","M","R","B",null,"M","?","?","?","M","R","E","$","T","M","$","E"],"character_chosen":"DEFECT","items_purchased":["Pantograph"],"campfire_rested":2,"item_purchase_floors":[25],"current_hp_per_floor":[68,68,68,65,65,65,36,58,58,38,39,61,52,49,49,5,58,60,60,60,60,59,59,12,12,12,14,14,0],"gold":66,"neow_bonus":"UPGRADE_CARD","is_prod":false,"is_daily":false,"chose_seed":false,"campfire_upgraded":3,"win_rate":0,"timestamp":1553880493,"path_taken":["M","?","?","?","M","R","E","R","T","E","M","R","M","M","R","BOSS","M","?","?","?","M","R","E","$","T","?","?","E"],"build_version":"2019-01-23","purchased_purges":0,"victory":false,"max_hp_per_floor":[75,75,75,75,75,75,75,75,75,75,75,75,75,75,75,75,75,75,75,75,75,77,77,79,79,79,79,79,79],"card_choices":[{"not_picked":["Steam","Glacier"],"picked":"Scrape","floor":1},{"not_picked":["Turbo","Coolheaded"],"picked":"Sweeping Beam","floor":4},{"not_picked":["Stack","Hello World"],"picked":"Go for the Eyes","floor":5},{"not_picked":["Coolheaded","Streamline"],"picked":"Gash","floor":7},{"not_picked":["Stack","Compile Driver"],"picked":"Go for the Eyes","floor":10},{"not_picked":["Undo","Reinforced Body"],"picked":"Core Surge","floor":11},{"not_picked":["Rebound","Cold Snap"],"picked":"Conserve Battery","floor":13},{"not_picked":["Cold Snap","Undo"],"picked":"Compile Driver","floor":14},{"not_picked":["Electrodynamics","Machine Learning"],"picked":"Echo Form","floor":16},{"not_picked":["Stack","Streamline","Reprogram+1"],"picked":"Singing Bowl","floor":22},{"not_picked":["FTL","Sweeping Beam","Hologram"],"picked":"Singing Bowl","floor":24},{"not_picked":["Force Field","Skim"],"picked":"Glacier","floor":27}],"player_experience":560573,"relics_obtained":[{"floor":7,"key":"Boot"},{"floor":9,"key":"Bronze Scales"},{"floor":10,"key":"Blood Vial"},{"floor":24,"key":"FossilizedHelix"},{"floor":26,"key":"Darkstone Periapt"}],"event_choices":[{"cards_removed":["Strike_B"],"damage_healed":0,"gold_gain":0,"player_choice":"Card Removal","damage_taken":0,"max_hp_gain":0,"max_hp_loss":0,"event_name":"The Cleric","floor":2,"gold_loss":50},{"damage_healed":0,"gold_gain":0,"player_choice":"Cursed","damage_taken":0,"max_hp_gain":0,"max_hp_loss":0,"event_name":"Wheel of Change","floor":3,"gold_loss":0,"cards_obtained":["Decay"]},{"cards_removed":["Decay"],"damage_healed":0,"gold_gain":0,"player_choice":"Gave Gold","damage_taken":0,"max_hp_gain":0,"max_hp_loss":0,"event_name":"Beggar","floor":19,"gold_loss":75},{"damage_healed":0,"gold_gain":0,"player_choice":"Obtain J.A.X.","damage_taken":0,"max_hp_gain":0,"max_hp_loss":0,"event_name":"Drug Dealer","floor":20,"gold_loss":0,"cards_obtained":["J.A.X."]},{"damage_healed":0,"gold_gain":0,"player_choice":"Opened","damage_taken":0,"relics_obtained":["Singing Bowl"],"max_hp_gain":0,"max_hp_loss":0,"event_name":"The Mausoleum","floor":21,"gold_loss":0}],"is_beta":false,"boss_relics":[{"not_picked":["White Beast Statue","Pandora\u0027s Box"],"picked":"Nuclear Battery"}],"items_purged_floors":[],"is_endless":false,"potions_floor_spawned":[1,5,13,18,27],"killed_by":"Slavers","ascension_level":10}