{"gold_per_floor":[368,156,206,222,239,265,265,277,328,328,3,28,3,28,28,102,102,117,207,3,16,29,29,57,57,82,182,182,216,228,248,248,324,324,335,335,349,25,25],"floor_reached":39,"playtime":2862,"items_purged":["Strike_G","Outmaneuver"],"score":1049,"play_id":"8d5eb118-0925-494e-b0fd-e90d9928e659","local_time":"20190424111534","is_ascension_mode":true,"campfire_choices":[{"floor":7,"key":"REST"},{"floor":10,"key":"REST"},{"data":"Footwork","floor":15,"key":"SMITH"},{"data":"Noxious Fumes","floor":23,"key":"SMITH"},{"floor":28,"key":"REST"},{"floor":32,"key":"REST"}],"neow_cost":"TEN_PERCENT_HP_LOSS","seed_source_timestamp":514954322683189,"circlet_count":0,"master_deck":["AscendersBane","Survivor","Neutralize","Leg Sweep","Well Laid Plans","Backstab","Bouncing Flask","Footwork+1","Backstab","Footwork","PiercingWail","Backflip","Poisoned Stab","Deflect","Malaise","Noxious Fumes+1","Backflip","PiercingWail","Deflect+1","Leg Sweep","Noxious Fumes+1","Escape Plan","Die Die Die","Predator","Night Terror","Sucker Punch","Footwork","Malaise","Storm of Steel","Leg Sweep","Noxious Fumes","Venomology"],"relics":["Ring of the Snake","Letter Opener","Smiling Mask","Potion Belt","Juzu Bracelet","Pantograph","Philosopher\u0027s Stone","Bottled Lightning","Ancient Tea Set","The Specimen","Bottled Tornado","Happy Flower","Pandora\u0027s Box","Mummified Hand"],"potions_floor_usage":[14,16,27,27,30,31,37,39,39],"damage_taken":[{"damage":2,"enemies":"Small Slimes","floor":1,"turns":3},{"damage":0,"enemies":"Cultist","floor":4,"turns":4},{"damage":0,"enemies":"Jaw Worm","floor":5,"turns":5},{"damage":46,"enemies":"Gremlin Nob","floor":6,"turns":5},{"damage":8,"enemies":"3 Louse","floor":8,"turns":4},{"damage":18,"enemies":"3 Sentries","floor":12,"turns":13},{"damage":0,"enemies":"Lagavulin","floor":14,"turns":9},{"damage":0,"enemies":"The Guardian","floor":16,"turns":9},{"damage":8,"enemies":"Spheric Guardian","floor":18,"turns":6},{"damage":0,"enemies":"Chosen","floor":21,"turns":9},{"damage":0,"enemies":"Snake Plant","floor":22,"turns":6},{"damage":14,"enemies":"Slavers","floor":24,"turns":7},{"damage":5,"enemies":"Colosseum Slavers","floor":27,"turns":5},{"damage":5,"enemies":"Colosseum Nobs","floor":27,"turns":7},{"damage":8,"enemies":"Gremlin Leader","floor":29,"turns":6},{"damage":8,"enemies":"Cultist and Chosen","floor":30,"turns":6},{"damage":6,"enemies":"Chosen and Byrds","floor":31,"turns":8},{"damage":2,"enemies":"Champ","floor":33,"turns":15},{"damage":37,"enemies":"3 Darklings","floor":35,"turns":8},{"damage":3,"enemies":"3 Shapes","floor":37,"turns":4},{"damage":31,"enemies":"Spire Growth","floor":39,"turns":4}],"seed_played":"167727366221963395","potions_obtained":[{"floor":1,"key":"Dexterity Potion"},{"floor":6,"key":"PowerPotion"},{"floor":12,"key":"LiquidBronze"},{"floor":14,"key":"PowerPotion"},{"floor":16,"key":"SneckoOil"},{"floor":18,"key":"GhostInAJar"},{"floor":27,"key":"SteroidPotion"},{"floor":31,"key":"GhostInAJar"},{"floor":37,"key":"SkillPotion"}],"is_trial":false,"path_per_floor":["?","$","?","?","?","?"],"character_chosen":"THE_SILENT","items_purchased":["Well Laid Plans","Backstab","Bouncing Flask","Potion Belt","Footwork","PiercingWail","Poison Potion","Poisoned Stab","Noxious Fumes","Backflip","PiercingWail","Mummified Hand"],"campfire_rested":4,"item_purchase_floors":[2,2,2,11,11,11,11,13,20,20,20,38],"current_hp_per_floor":[57,57,51,51,51,5,23,15,15,33,33,15,15,15,15,40,55,47,35,35,35,35,35,21,21,21,11,29,21,13,7,25,48,57,20,20,17,17,0],"gold":25,"neow_bonus":"TWO_FIFTY_GOLD","is_prod":false,"is_daily":false,"chose_seed":false,"campfire_upgraded":2,"win_rate":0,"timestamp":1556093734,"path_taken":["M","$","?","M","M","E","R","M","T","R","$","E","?","E","R","BOSS","M","?","$","M","M","R","E","?","T","?","R","E","M","M","R","BOSS","M","?","M","$","M"],"build_version":"2019-01-23","purchased_purges":2,"victory":false,"max_hp_per_floor":[60,60,60,60,60,60,60,60,60,60,60,60,60,60,60,60,60,60,60,60,60,60,60,60,60,60,60,60,60,60,60,60,60,60,60,60,60,60,60],"card_choices":[{"not_picked":["Caltrops","Poisoned Stab"],"picked":"Leg Sweep","floor":1},{"not_picked":["Predator","Underhanded Strike"],"picked":"Footwork","floor":4},{"not_picked":["Heel Hook","Reflex","Cloak And Dagger"],"picked":"SKIP","floor":5},{"not_picked":["Quick Slash","Underhanded Strike","Infinite Blades"],"picked":"SKIP","floor":6},{"not_picked":["Accuracy","Masterful Stab"],"picked":"Backstab","floor":8},{"not_picked":["Blade Dance","Deflect"],"picked":"Backflip","floor":12},{"not_picked":["Concentrate","Underhanded Strike"],"picked":"Deflect","floor":14},{"not_picked":["Unload","Phantasmal Killer"],"picked":"Malaise","floor":16},{"not_picked":["Blade Dance","Prepared","Cloak And Dagger"],"picked":"SKIP","floor":18},{"not_picked":["Dagger Throw","Prepared"],"picked":"Deflect+1","floor":21},{"not_picked":["Underhanded Strike","Riddle With Holes"],"picked":"Leg Sweep","floor":22},{"not_picked":["Bane","Outmaneuver"],"picked":"Noxious Fumes+1","floor":24},{"not_picked":["Reflex+1","Dash"],"picked":"Escape Plan","floor":27},{"not_picked":["Dash","Prepared"],"picked":"Die Die Die","floor":29},{"not_picked":["Slice","Bane","Deadly Poison"],"picked":"SKIP","floor":30},{"not_picked":["Blade Dance","Backflip"],"picked":"Predator","floor":31},{"not_picked":["Malaise","Grand Finale"],"picked":"Night Terror","floor":33},{"not_picked":["Deadly Poison+1","Infinite Blades+1","Bouncing Flask+1"],"picked":"SKIP","floor":35},{"not_picked":["Distraction","Dagger Throw","Prepared"],"picked":"SKIP","floor":37}],"player_experience":1843010,"relics_obtained":[{"floor":6,"key":"Letter Opener"},{"floor":9,"key":"Smiling Mask"},{"floor":12,"key":"Juzu Bracelet"},{"floor":14,"key":"Pantograph"},{"floor":24,"key":"Bottled Lightning"},{"floor":26,"key":"Ancient Tea Set"},{"floor":27,"key":"The Specimen"},{"floor":27,"key":"Bottled Tornado"},{"floor":29,"key":"Happy Flower"}],"event_choices":[{"damage_healed":0,"gold_gain":50,"player_choice":"Touch","damage_taken":6,"max_hp_gain":0,"max_hp_loss":0,"event_name":"FaceTrader","floor":3,"gold_loss":0},{"damage_healed":0,"gold_gain":90,"player_choice":"GOLD ","damage_taken":12,"max_hp_gain":0,"max_hp_loss":0,"event_name":"Knowing Skull","floor":19,"potions_obtained":[],"gold_loss":0,"cards_obtained":[]},{"damage_healed":0,"gold_gain":0,"player_choice":"Ignored","damage_taken":0,"max_hp_gain":0,"max_hp_loss":0,"event_name":"The Mausoleum","floor":25,"gold_loss":0},{"damage_healed":0,"gold_gain":0,"player_choice":"Fight","damage_taken":0,"max_hp_gain":0,"max_hp_loss":0,"event_name":"Colosseum","floor":27,"gold_loss":0},{"damage_healed":0,"gold_gain":0,"player_choice":"Fought Nobs","damage_taken":0,"max_hp_gain":0,"max_hp_loss":0,"event_name":"Colosseum","floor":27,"gold_loss":0},{"cards_removed":["Malaise"],"damage_healed":0,"gold_gain":0,"player_choice":"Removed Skill","damage_taken":0,"max_hp_gain":0,"max_hp_loss":0,"event_name":"Falling","floor":36,"gold_loss":0}],"is_beta":false,"boss_relics":[{"not_picked":["Cursed Key","Lizard Tail"],"picked":"Philosopher\u0027s Stone"},{"not_picked":["HoveringKite","Busted Crown"],"picked":"Pandora\u0027s Box"}],"items_purged_floors":[20,38],"is_endless":false,"potions_floor_spawned":[1,6,12,14,16,18,27,27,31,37],"killed_by":"Spire Growth","ascension_level":20}