{"gold_per_floor":[109,127,140,140,13,43,43,43,96,96,115,130,165,177,177,281,281,300,238,249,268,65,92,92,102,129,129,155,169,169,188,188,289,289,309,84,84,99,99,99,109,109,109,136,161,173,185,532,544,556],"floor_reached":50,"playtime":7806,"items_purged":["Strike_G","Regret"],"score":572,"play_id":"bee13425-90ea-45bd-a989-91191c669a1b","local_time":"20190406062837","is_ascension_mode":false,"campfire_choices":[{"data":"Cloak And Dagger","floor":7,"key":"SMITH"},{"data":"Neutralize","floor":15,"key":"SMITH"},{"data":"Finisher","floor":24,"key":"SMITH"},{"data":"Glass Knife","floor":27,"key":"SMITH"},{"floor":32,"key":"REST"},{"data":"Envenom","floor":40,"key":"SMITH"},{"data":"Adrenaline","floor":42,"key":"SMITH"},{"data":"Sucker Punch","floor":46,"key":"SMITH"},{"data":"Doppelganger","floor":49,"key":"SMITH"}],"neow_cost":"NONE","seed_source_timestamp":384987408033249,"circlet_count":0,"master_deck":["Survivor","Neutralize+1","Dagger Throw","Poisoned Stab","Backstab+1","Cloak And Dagger+1","Backflip","Sucker Punch+1","Deflect","Finisher+1","Glass Knife+1","Adrenaline+1","Doppelganger+1","Footwork+1","Bullet Time","Envenom+1","Dash","Flechettes","Blade Dance","Bouncing Flask","Die Die Die","Cloak And Dagger","Phantasmal Killer","Finisher","Decay","Well Laid Plans+1","Prepared+1","Shame","Clumsy","Choke","Bouncing Flask+1"],"relics":["Ring of the Snake","Lantern","Strawberry","Tiny Chest","Orichalcum","Cursed Key","Pantograph","TwistedFunnel","Bottled Lightning","Dream Catcher","Gambling Chip","Pandora\u0027s Box","Matryoshka","PreservedInsect","Mummified Hand","Juzu Bracelet","MawBank","Old Coin"],"potions_floor_usage":[13,16,23,33,33,33,45,50,50,50],"damage_taken":[{"damage":0,"enemies":"Jaw Worm","floor":1,"turns":5},{"damage":0,"enemies":"2 Louse","floor":2,"turns":3},{"damage":4,"enemies":"Small Slimes","floor":3,"turns":4},{"damage":13,"enemies":"3 Sentries","floor":6,"turns":9},{"damage":0,"enemies":"3 Louse","floor":11,"turns":2},{"damage":0,"enemies":"Red Slaver","floor":12,"turns":2},{"damage":17,"enemies":"Gremlin Nob","floor":13,"turns":4},{"damage":0,"enemies":"Large Slime","floor":14,"turns":5},{"damage":8,"enemies":"Hexaghost","floor":16,"turns":11},{"damage":1,"enemies":"Chosen","floor":18,"turns":3},{"damage":0,"enemies":"3 Byrds","floor":20,"turns":4},{"damage":0,"enemies":"Centurion and Healer","floor":21,"turns":5},{"damage":1,"enemies":"Book of Stabbing","floor":23,"turns":7},{"damage":6,"enemies":"Snecko","floor":25,"turns":5},{"damage":14,"enemies":"Slavers","floor":28,"turns":5},{"damage":1,"enemies":"3 Cultists","floor":29,"turns":3},{"damage":0,"enemies":"Chosen and Byrds","floor":31,"turns":4},{"damage":77,"enemies":"Automaton","floor":33,"turns":13},{"damage":0,"enemies":"3 Shapes","floor":35,"turns":2},{"damage":0,"enemies":"Orb Walker","floor":38,"turns":3},{"damage":0,"enemies":"Sphere and 2 Shapes","floor":41,"turns":6},{"damage":0,"enemies":"Transient","floor":45,"turns":5},{"damage":0,"enemies":"Reptomancer","floor":48,"turns":2},{"damage":85,"enemies":"Awakened One","floor":50,"turns":12}],"seed_played":"88440943092600029","potions_obtained":[{"floor":1,"key":"Energy Potion"},{"floor":3,"key":"Strength Potion"},{"floor":12,"key":"Poison Potion"},{"floor":13,"key":"Dexterity Potion"},{"floor":20,"key":"SkillPotion"},{"floor":28,"key":"SkillPotion"},{"floor":31,"key":"Weak Potion"},{"floor":33,"key":"LiquidBronze"},{"floor":35,"key":"GamblersBrew"},{"floor":45,"key":"GhostInAJar"},{"floor":48,"key":"SpeedPotion"}],"is_trial":false,"path_per_floor":["?","?","?","?","M","?","T","M","?","T","?"],"character_chosen":"THE_SILENT","items_purchased":["Cloak And Dagger","TwistedFunnel","AttackPotion","Regen Potion"],"campfire_rested":1,"item_purchase_floors":[5,22,36,36],"current_hp_per_floor":[77,77,73,66,66,60,60,43,43,71,71,71,54,54,54,46,84,83,83,83,83,83,82,82,76,76,76,62,61,61,61,84,7,84,84,84,84,84,84,84,84,84,84,84,84,84,84,84,84,0],"gold":556,"neow_bonus":"TEN_PERCENT_HP_BONUS","is_prod":false,"is_daily":false,"chose_seed":false,"campfire_upgraded":8,"win_rate":0,"timestamp":1554528517,"path_taken":["M","M","M","?","$","E","R","?","T","?","M","M","E","M","R","BOSS","M","?","?","M","$","E","R","M","T","R","E","M","?","M","R","BOSS","M","$","?","?","?","R","M","R","T","?","M","R","?","E","R","BOSS"],"build_version":"2019-01-23","purchased_purges":2,"victory":false,"max_hp_per_floor":[77,77,77,77,77,84,84,84,84,84,84,84,84,84,84,84,84,84,84,84,84,84,84,84,84,84,84,84,84,84,84,84,84,84,84,84,84,84,84,84,84,84,84,84,84,84,84,84,84,84],"card_choices":[{"not_picked":["Masterful Stab","Blur"],"picked":"Dagger Throw","floor":1},{"not_picked":["Deflect","Slice"],"picked":"Poisoned Stab","floor":2},{"not_picked":["Reflex","Infinite Blades"],"picked":"Backstab","floor":3},{"not_picked":["Dagger Spray","Setup"],"picked":"Backflip","floor":6},{"not_picked":["Dagger Spray","Deadly Poison","Outmaneuver"],"picked":"SKIP","floor":11},{"not_picked":["Endless Agony","Quick Slash"],"picked":"Sucker Punch","floor":12},{"not_picked":["Storm of Steel","Concentrate"],"picked":"Deflect","floor":13},{"not_picked":["Dodge and Roll","PiercingWail"],"picked":"Finisher","floor":14},{"not_picked":["Bullet Time","Storm of Steel"],"picked":"Glass Knife","floor":16},{"not_picked":["Outmaneuver+1","All Out Attack","Quick Slash+1"],"picked":"SKIP","floor":18},{"not_picked":["Flying Knee+1","Catalyst","Concentrate"],"picked":"SKIP","floor":20},{"not_picked":["Dagger Spray","Poisoned Stab+1","Slice"],"picked":"SKIP","floor":21},{"not_picked":["Setup+1","Dagger Spray"],"picked":"Adrenaline","floor":23},{"not_picked":["Poisoned Stab+1","Quick Slash","Slice"],"picked":"SKIP","floor":25},{"not_picked":["Heel Hook+1","Acrobatics"],"picked":"Doppelganger","floor":28},{"not_picked":["Poisoned Stab","Outmaneuver+1","Flying Knee"],"picked":"SKIP","floor":29},{"not_picked":["Deadly Poison","Outmaneuver+1"],"picked":"Footwork+1","floor":31},{"not_picked":["Calculated Gamble","Sucker Punch"],"picked":"Bullet Time","floor":32},{"not_picked":["Doppelganger","Unload"],"picked":"Envenom","floor":33},{"not_picked":["Flechettes+1","Dagger Throw","Flying Knee+1"],"picked":"SKIP","floor":35},{"not_picked":["All Out Attack+1","Flying Knee+1"],"picked":"Well Laid Plans+1","floor":38},{"not_picked":["Dagger Throw","Cloak And Dagger+1"],"picked":"Prepared+1","floor":41},{"not_picked":["Slice","Outmaneuver+1"],"picked":"Choke","floor":45},{"not_picked":["Setup","Well Laid Plans+1"],"picked":"Bouncing Flask+1","floor":48}],"player_experience":492875,"relics_obtained":[{"floor":6,"key":"Strawberry"},{"floor":9,"key":"Tiny Chest"},{"floor":13,"key":"Orichalcum"},{"floor":23,"key":"Bottled Lightning"},{"floor":26,"key":"Dream Catcher"},{"floor":28,"key":"Gambling Chip"},{"floor":37,"key":"Matryoshka"},{"floor":43,"key":"PreservedInsect"},{"floor":43,"key":"Mummified Hand"},{"floor":44,"key":"Juzu Bracelet"},{"floor":44,"key":"MawBank"},{"floor":48,"key":"Old Coin"}],"event_choices":[{"damage_healed":0,"gold_gain":0,"player_choice":"Success","damage_taken":7,"relics_obtained":["Lantern"],"max_hp_gain":0,"max_hp_loss":0,"event_name":"Scrap Ooze","floor":4,"gold_loss":0},{"damage_healed":0,"gold_gain":0,"player_choice":"Entered Light","damage_taken":17,"max_hp_gain":0,"max_hp_loss":0,"event_name":"Shining Light","floor":8,"gold_loss":0,"cards_upgraded":["Backstab","Strike_G"]},{"damage_healed":28,"gold_gain":0,"player_choice":"Banana","damage_taken":0,"max_hp_gain":0,"max_hp_loss":0,"event_name":"Big Fish","floor":10,"gold_loss":0},{"damage_healed":0,"gold_gain":0,"player_choice":"Paid Gold","damage_taken":0,"relics_obtained":["Pantograph"],"max_hp_gain":0,"max_hp_loss":0,"event_name":"WeMeetAgain","floor":19,"gold_loss":62},{"cards_removed":["Strike_G"],"damage_healed":0,"gold_gain":0,"player_choice":"Purged","damage_taken":0,"max_hp_gain":0,"max_hp_loss":0,"event_name":"Purifier","floor":30,"gold_loss":0},{"damage_healed":0,"gold_gain":0,"player_choice":"Memory 1","damage_taken":0,"max_hp_gain":0,"max_hp_loss":0,"event_name":"SensoryStone","floor":39,"gold_loss":0},{"damage_healed":0,"gold_gain":0,"player_choice":"0 cards matched","damage_taken":0,"max_hp_gain":0,"max_hp_loss":0,"event_name":"Match and Keep!","floor":47,"gold_loss":0,"cards_obtained":[]}],"is_beta":false,"boss_relics":[{"not_picked":["Black Star","Ectoplasm"],"picked":"Cursed Key"},{"not_picked":["Ring of the Serpent","Velvet Choker"],"picked":"Pandora\u0027s Box"}],"items_purged_floors":[5,36],"is_endless":false,"potions_floor_spawned":[1,3,12,13,20,28,31,33,35,45,48],"killed_by":"Awakened One","ascension_level":0}