{"gold_per_floor":[16,32,42,42,60,60,72,72,72,85,100,135,147,161,161,256,256,271,238,252,263,281,281,291,38,38,38,38],"floor_reached":28,"playtime":1986,"items_purged":[],"score":357,"play_id":"74ba2701-2fdb-4042-b7c9-855717e2729d","local_time":"20190425224847","is_ascension_mode":true,"campfire_choices":[{"data":"After Image","floor":6.0,"key":"SMITH"},{"data":"Sucker Punch","floor":8.0,"key":"SMITH"},{"data":"Malaise","floor":15.0,"key":"SMITH"},{"data":"After Image","floor":23,"key":"SMITH"},{"floor":27,"key":"REST"}],"neow_cost":"NO_GOLD","seed_source_timestamp":0,"circlet_count":0,"master_deck":["AscendersBane","Defend_G","Defend_G","Defend_G","Defend_G","Defend_G","Strike_G","Strike_G","Strike_G","Strike_G","Strike_G","Survivor","Neutralize","After Image+1","PiercingWail","Sucker Punch+1","Backflip","Dodge and Roll","Blade Dance","Cloak And Dagger","Backstab","Malaise+1","All Out Attack","After Image+1","Cloak And Dagger","Deadly Poison+1","Concentrate","Heel Hook+1"],"special_seed":0,"relics":["Ring of the Snake","Mango","Blue Candle","Runic Pyramid","Ninja Scroll","Paper Crane"],"potions_floor_usage":[],"damage_taken":[{"damage":0.0,"enemies":"Cultist","floor":1.0,"turns":4.0},{"damage":0.0,"enemies":"Small Slimes","floor":2.0,"turns":9.0},{"damage":2.0,"enemies":"2 Louse","floor":3.0,"turns":4.0},{"damage":16.0,"enemies":"Large Slime","floor":5.0,"turns":13.0},{"damage":2.0,"enemies":"3 Louse","floor":7.0,"turns":5.0},{"damage":0.0,"enemies":"Blue Slaver","floor":10.0,"turns":5.0},{"damage":0.0,"enemies":"2 Fungi Beasts","floor":11.0,"turns":5.0},{"damage":17.0,"enemies":"Gremlin Nob","floor":12.0,"turns":5.0},{"damage":9.0,"enemies":"Large Slime","floor":13.0,"turns":10.0},{"damage":1.0,"enemies":"Blue Slaver","floor":14.0,"turns":4.0},{"damage":29.0,"enemies":"The Guardian","floor":16.0,"turns":21.0},{"damage":1,"enemies":"Shell Parasite","floor":18,"turns":11},{"damage":25,"enemies":"2 Thieves","floor":19,"turns":5},{"damage":10,"enemies":"Shelled Parasite and Fungi","floor":20,"turns":13},{"damage":3,"enemies":"Centurion and Healer","floor":21,"turns":14},{"damage":11,"enemies":"Cultist and Chosen","floor":22,"turns":15},{"damage":1,"enemies":"Snecko","floor":24,"turns":8},{"damage":48,"enemies":"3 Cultists","floor":28,"turns":6}],"seed_played":"-8307605041017996860","potions_obtained":[{"floor":2.0,"key":"AttackPotion"},{"floor":10.0,"key":"EssenceOfSteel"},{"floor":14.0,"key":"Fire Potion"},{"floor":16.0,"key":"Dexterity Potion"}],"is_trial":false,"path_per_floor":["M","M","M","$","M","R","M","R","T","M","M","E","M","M","R","B",null,"M","M","M","M","M","R","M","$","T","R","M"],"character_chosen":"THE_SILENT","items_purchased":["Ninja Scroll"],"campfire_rested":1,"item_purchase_floors":[25],"current_hp_per_floor":[63,63,61,61,45,45,43,43,57,57,57,40,31,30,30,1,63,62,37,27,24,13,13,12,12,12,37,0],"gold":38,"neow_bonus":"THREE_RARE_CARDS","is_prod":false,"is_daily":false,"chose_seed":false,"campfire_upgraded":4,"win_rate":0,"timestamp":1556203727,"path_taken":["M","M","M","$","M","R","M","R","T","?","M","E","M","M","R","BOSS","M","M","M","M","?","R","M","$","T","R","M"],"build_version":"2019-01-23","purchased_purges":0,"victory":false,"max_hp_per_floor":[70,70,70,70,70,70,70,70,84,84,84,84,84,84,84,84,84,84,84,84,84,84,84,84,84,84,84,84],"card_choices":[{"not_picked":["A Thousand Cuts","Bullet Time"],"picked":"After Image","floor":0.0},{"not_picked":["Underhanded Strike","Slice"],"picked":"PiercingWail","floor":1.0},{"not_picked":["Bouncing Flask","Masterful Stab"],"picked":"Sucker Punch","floor":2.0},{"not_picked":["Deadly Poison","Riddle With Holes"],"picked":"Backflip","floor":3.0},{"not_picked":["Sucker Punch","PiercingWail"],"picked":"Dodge and Roll","floor":5.0},{"not_picked":["Poisoned Stab","Dodge and Roll"],"picked":"Blade Dance","floor":7.0},{"not_picked":["Underhanded Strike","Dodge and Roll"],"picked":"Cloak And Dagger","floor":10.0},{"not_picked":["Backflip","Dagger Spray"],"picked":"Backstab","floor":11.0},{"not_picked":["Sucker Punch","Quick Slash"],"picked":"Malaise","floor":12.0},{"not_picked":["Acrobatics","Blade Dance"],"picked":"All Out Attack","floor":13.0},{"not_picked":["Quick Slash","Backflip","Flechettes"],"picked":"SKIP","floor":14.0},{"not_picked":["A Thousand Cuts","Grand Finale"],"picked":"After Image","floor":16.0},{"not_picked":["Deflect","Dodge and Roll","Tactician+1"],"picked":"SKIP","floor":18},{"not_picked":["PiercingWail","Outmaneuver+1"],"picked":"Cloak And Dagger","floor":19},{"not_picked":["Endless Agony+1","Backflip"],"picked":"Deadly Poison+1","floor":20},{"not_picked":["Bane","Grand Finale"],"picked":"Concentrate","floor":21},{"not_picked":["Underhanded Strike+1","Outmaneuver"],"picked":"Heel Hook+1","floor":22},{"not_picked":["Blur","Tactician+1","Poisoned Stab"],"picked":"SKIP","floor":24}],"player_experience":715360,"relics_obtained":[{"floor":9.0,"key":"Mango"},{"floor":12.0,"key":"Blue Candle"},{"floor":26,"key":"Paper Crane"}],"event_choices":[],"is_beta":false,"boss_relics":[{"not_picked":["Velvet Choker","Runic Dome"],"picked":"Runic Pyramid"}],"items_purged_floors":[],"is_endless":false,"potions_floor_spawned":[2,10,11,14,16,18,22],"killed_by":"3 Cultists","ascension_level":11}