{"path_per_floor":["M","$","?","?","M","E","M","R","T","?","?","M","M","M","R","B",null,"M","M","?","M","?","R"],"character_chosen":"THE_SILENT","items_purchased":["Predator"],"gold_per_floor":[112,78,78,153,165,192,209,209,261,361,361,377,400,425,425,553,553,567,592,507,522,522,522],"floor_reached":24,"campfire_rested":1,"playtime":1266,"current_hp_per_floor":[70,70,70,59,59,59,59,59,59,59,59,46,46,41,41,7,70,55,30,30,18,18,39],"items_purged":[],"gold":522,"score":223,"play_id":"4edd1ec0-6a6c-4117-85b3-e4daa176d65d","is_prod":false,"is_daily":false,"is_ascension_mode":false,"campfire_upgraded":2,"path_taken":["M","$","?","?","M","E","M","R","T","?","?","M","?","M","R","BOSS","M","M","?","M","?","R","E"],"build_version":"2018-02-15-PROD1","purchased_purges":0,"victory":false,"master_deck":["Defend_G","Defend_G","Defend_G","Defend_G","Defend_G","Strike_G","Strike_G","Strike_G","Strike_G","Strike_G","Survivor","Neutralize","Backflip","Predator+1","Choke","Die Die Die","Backflip","Tactician+1","Injury","Reflex","Dodge and Roll","Deflect","Doppelganger","Underhanded Strike","Prepared","Outmaneuver","Footwork","Injury"],"max_hp_per_floor":[70,70,70,70,70,70,70,70,70,70,70,70,70,70,70,70,70,70,70,70,70,70,70],"relics":["Ring of the Snake","NeowsBlessing","Gambling Chip","Art of War","Golden Idol","Runic Pyramid","Orichalcum"],"card_choices":[{"not_picked":["Bane","Dodge and Roll"],"picked":"Backflip"},{"not_picked":["Well Laid Plans","Deadly Poison"],"picked":"Backflip"},{"not_picked":["Deadly Poison","Poisoned Stab"],"picked":"Tactician"},{"not_picked":["Predator","Deadly Poison"],"picked":"Reflex"},{"not_picked":["Skewer","Backflip"],"picked":"Dodge and Roll"},{"not_picked":["Poisoned Stab","Acrobatics"],"picked":"Deflect"},{"not_picked":["Wraith Form","After Image"],"picked":"Doppelganger"},{"not_picked":["Expertise","Deflect"],"picked":"Underhanded Strike"},{"not_picked":["Endless Agony","Accuracy"],"picked":"Prepared"},{"not_picked":["Underhanded Strike","Sucker Punch"],"picked":"Outmaneuver"}],"player_experience":103426,"potions_floor_usage":[16,18,21,24],"damage_taken":[{"damage":0,"enemies":"2 Louse","floor":1,"turns":1},{"damage":0,"enemies":"Cultist","floor":5,"turns":1},{"damage":0,"enemies":"Gremlin Nob","floor":6,"turns":1},{"damage":0,"enemies":"Small Slimes","floor":7,"turns":3},{"damage":13,"enemies":"Exordium Thugs","floor":12,"turns":5},{"damage":0,"enemies":"3 Louse","floor":13,"turns":1},{"damage":5,"enemies":"Red Slaver","floor":14,"turns":4},{"damage":34,"enemies":"The Guardian","floor":16,"turns":21},{"damage":15,"enemies":"Chosen","floor":18,"turns":6},{"damage":25,"enemies":"Shell Parasite","floor":19,"turns":14},{"damage":12,"enemies":"Snake Plant","floor":21,"turns":7},{"damage":41,"enemies":"Gremlin Leader","floor":24,"turns":8}],"event_choices":[{"event_name":"Match and Keep!","player_choice":"2 cards matched","floor":3,"damage_taken":0},{"event_name":"World of Goop","player_choice":"Gather Gold","floor":4,"damage_taken":0},{"event_name":"Golden Shrine","player_choice":"Pray","floor":10,"damage_taken":0},{"event_name":"Golden Idol","player_choice":"Take Wound","floor":11,"damage_taken":0},{"event_name":"Addict","player_choice":"Obtained Relic","floor":20,"damage_taken":0},{"event_name":"Match and Keep!","player_choice":"2 cards matched","floor":22,"damage_taken":0}],"boss_relics":[{"not_picked":["Cursed Key","Orrery"],"picked":"Runic Pyramid"}],"potions_floor_spawned":[7,12,14,21],"seed_played":"5842219726307493105","killed_by":"Gremlin Leader","ascension_level":0,"is_trial":false}