{"gold_per_floor":[114,114,114,126,152,164,208,220,257,269,309,321,398,424,436,544,556,585,696,727,739,751,763,775,787],"floor_reached":25,"playtime":743,"items_purged":[],"score":288,"play_id":"a5c60cd1-1f23-4808-92e7-8327e3a3c38b","local_time":"20190205222212","is_ascension_mode":true,"campfire_choices":[{"data":"Streamline","floor":6,"key":"SMITH"},{"data":"Fission","floor":8,"key":"SMITH"},{"data":"Zap","floor":10,"key":"SMITH"},{"floor":15,"key":"REST"},{"floor":23,"key":"REST"}],"neow_cost":"NONE","seed_source_timestamp":16226836643000,"circlet_count":0,"master_deck":["Strike_B","Strike_B","Strike_B","Strike_B","Defend_B","Defend_B","Defend_B","Defend_B","Zap+1","Dualcast","Defragment+1","Streamline+1","Fission+1","Zap","Conserve Battery","Buffer","Seek","Shame"],"relics":["Cracked Core","NeowsBlessing","MawBank","Dodecahedron","Juzu Bracelet","Vajra","Regal Pillow","Nuclear Battery","Peace Pipe","Lantern"],"potions_floor_usage":[11,16],"damage_taken":[{"damage":0,"enemies":"2 Louse","floor":1,"turns":1},{"damage":0,"enemies":"Small Slimes","floor":5,"turns":1},{"damage":0,"enemies":"Lagavulin","floor":7,"turns":1},{"damage":4,"enemies":"Gremlin Nob","floor":11,"turns":3},{"damage":16,"enemies":"Gremlin Nob","floor":13,"turns":3},{"damage":7,"enemies":"Jaw Worm","floor":14,"turns":2},{"damage":42,"enemies":"Hexaghost","floor":16,"turns":10},{"damage":29,"enemies":"Shell Parasite","floor":18,"turns":6},{"damage":12,"enemies":"Spheric Guardian","floor":20,"turns":4},{"damage":61,"enemies":"Gremlin Leader","floor":25,"turns":8}],"seed_played":"5428603974459512878","potions_obtained":[{"floor":1,"key":"Block Potion"},{"floor":13,"key":"AttackPotion"},{"floor":20,"key":"Fire Potion"}],"is_trial":false,"path_per_floor":["M","?","?","$","M","R","E","R","T","R","E","?","?","M","R","B",null,"M","?","M","?","$","R","?","E"],"character_chosen":"DEFECT","items_purchased":[],"campfire_rested":2,"item_purchase_floors":[],"current_hp_per_floor":[75,75,50,50,50,50,50,50,50,50,46,46,30,23,60,18,61,32,32,20,20,20,57,57,0],"gold":787,"neow_bonus":"THREE_ENEMY_KILL","is_prod":false,"is_daily":false,"chose_seed":false,"campfire_upgraded":3,"win_rate":0,"timestamp":1549423332,"path_taken":["M","?","?","?","M","R","E","R","T","R","E","?","?","M","R","BOSS","M","?","M","?","$","R","?","E"],"build_version":"2019-01-23","purchased_purges":0,"victory":false,"max_hp_per_floor":[75,75,75,75,75,75,75,75,75,75,75,75,75,75,75,75,75,75,75,75,75,75,75,75,75],"card_choices":[{"not_picked":["Stack","Storm"],"picked":"Defragment","floor":1},{"not_picked":["Hologram","Gash"],"picked":"Streamline","floor":5},{"not_picked":["Coolheaded","Rebound"],"picked":"Fission","floor":7},{"not_picked":["Heatsinks","Redo","Coolheaded"],"picked":"SKIP","floor":11},{"not_picked":["Barrage","Redo"],"picked":"Conserve Battery","floor":13},{"not_picked":["Force Field","Steam","Ball Lightning"],"picked":"SKIP","floor":14},{"not_picked":["Meteor Strike","Machine Learning"],"picked":"Buffer","floor":16},{"not_picked":["Cold Snap","Stack","Redo+1"],"picked":"SKIP","floor":18},{"not_picked":["Genetic Algorithm","Aggregate"],"picked":"Seek","floor":20}],"player_experience":376368,"relics_obtained":[{"floor":7,"key":"Dodecahedron"},{"floor":9,"key":"Juzu Bracelet"},{"floor":11,"key":"Vajra"},{"floor":13,"key":"Regal Pillow"}],"event_choices":[{"damage_healed":0,"gold_gain":0,"player_choice":"Grow","damage_taken":0,"max_hp_gain":0,"max_hp_loss":0,"event_name":"Living Wall","floor":2,"gold_loss":0,"cards_upgraded":["Defragment"]},{"damage_healed":0,"gold_gain":0,"player_choice":"Success","damage_taken":25,"relics_obtained":["MawBank"],"max_hp_gain":0,"max_hp_loss":0,"event_name":"Scrap Ooze","floor":3,"gold_loss":0},{"damage_healed":0,"gold_gain":0,"player_choice":"1 cards matched","damage_taken":0,"max_hp_gain":0,"max_hp_loss":0,"event_name":"Match and Keep!","floor":12,"gold_loss":0,"cards_obtained":["Zap"]},{"damage_healed":0,"gold_gain":0,"player_choice":"Searched \u00271\u0027 times","damage_taken":0,"max_hp_gain":0,"max_hp_loss":0,"event_name":"Dead Adventurer","floor":13,"gold_loss":0},{"damage_healed":0,"gold_gain":99,"player_choice":"Stole From Cult","damage_taken":0,"max_hp_gain":0,"max_hp_loss":0,"event_name":"Nest","floor":19,"gold_loss":0},{"damage_healed":0,"gold_gain":0,"player_choice":"Gave Potion","damage_taken":0,"relics_obtained":["Peace Pipe"],"max_hp_gain":0,"max_hp_loss":0,"event_name":"WeMeetAgain","floor":21,"gold_loss":0},{"damage_healed":0,"gold_gain":0,"player_choice":"Stole Relic","damage_taken":0,"relics_obtained":["Lantern"],"max_hp_gain":0,"max_hp_loss":0,"event_name":"Addict","floor":24,"gold_loss":0,"cards_obtained":["Shame"]}],"is_beta":false,"boss_relics":[{"not_picked":["Eternal Feather","Orrery"],"picked":"Nuclear Battery"}],"items_purged_floors":[],"is_endless":false,"potions_floor_spawned":[1,13,20],"killed_by":"Gremlin Leader","ascension_level":5}