{"gold_per_floor":[116,116,136,136,86,129,129,150,150,150,150,165,186,205,205,335,335,349,349,374,374,395,395,242,275,302,302,318,318,318,66,66,192,192,207,207,226,226,226,265,64,64,64,100,100,100,100,119,119,119,119,119,30,65,65],"floor_reached":55,"playtime":2099,"items_purged":["Strike_B"],"score":1052,"play_id":"2f4641de-2bdc-48c8-8e07-6815b6a8371d","local_time":"20190304205413","is_ascension_mode":true,"campfire_choices":[{"floor":7.0,"key":"REST"},{"floor":11.0,"key":"REST"},{"data":"Beam Cell","floor":15.0,"key":"SMITH"},{"data":"Ghostly","floor":23.0,"key":"SMITH"},{"data":"Ghostly","floor":27.0,"key":"SMITH"},{"floor":29.0,"key":"REST"},{"data":"Ghostly","floor":32.0,"key":"SMITH"},{"data":"Seek","floor":42,"key":"SMITH"},{"floor":45,"key":"RECALL"},{"data":"1","floor":47,"key":"LIFT"},{"data":"Thunder Strike","floor":49,"key":"SMITH"},{"data":"Ghostly","floor":52,"key":"SMITH"}],"neow_cost":"NONE","seed_source_timestamp":888417713940000,"circlet_count":0,"master_deck":["Strike_B","Strike_B","Defend_B","Defend_B","Defend_B","Defend_B","Zap+1","Melter+1","Leap","Beam Cell+1","Sweeping Beam","Heatsinks+1","Cold Snap","Tempest","Scrape","Electrodynamics+1","Conserve Battery","Ghostly+1","Ghostly+1","Ghostly+1","Ghostly+1","Ghostly","Seek+1","RitualDagger","Go for the Eyes+1","Thunder Strike+1","Capacitor+1","Creative AI+1","Mayhem+1","Force Field","Defragment+1"],"special_seed":0,"relics":["Cracked Core","Golden Idol","Frozen Egg 2","DataDisk","Oddly Smooth Stone","Runic Pyramid","Blood Vial","Strawberry","Meat on the Bone","Singing Bowl","Coffee Dripper","Girya","Chemical X","Ancient Tea Set","Art of War"],"potions_floor_usage":[44,50,54,55,55],"damage_taken":[{"damage":0.0,"enemies":"2 Louse","floor":1.0,"turns":1.0},{"damage":7.0,"enemies":"Small Slimes","floor":3.0,"turns":2.0},{"damage":33.0,"enemies":"Gremlin Nob","floor":6.0,"turns":4.0},{"damage":0.0,"enemies":"Cultist","floor":8.0,"turns":2.0},{"damage":0.0,"enemies":"Looter","floor":12.0,"turns":2.0},{"damage":8.0,"enemies":"Red Slaver","floor":13.0,"turns":3.0},{"damage":3.0,"enemies":"Blue Slaver","floor":14.0,"turns":2.0},{"damage":20.0,"enemies":"The Guardian","floor":16.0,"turns":10.0},{"damage":0.0,"enemies":"3 Byrds","floor":18.0,"turns":1.0},{"damage":0.0,"enemies":"Spheric Guardian","floor":20.0,"turns":5.0},{"damage":0.0,"enemies":"Snecko","floor":22.0,"turns":6.0},{"damage":4.0,"enemies":"Gremlin Leader","floor":25.0,"turns":6.0},{"damage":5.0,"enemies":"Cultist and Chosen","floor":28.0,"turns":5.0},{"damage":22.0,"enemies":"Automaton","floor":33.0,"turns":10.0},{"damage":5.0,"enemies":"3 Darklings","floor":35.0,"turns":4.0},{"damage":13.0,"enemies":"3 Shapes","floor":37.0,"turns":3.0},{"damage":3,"enemies":"Reptomancer","floor":40,"turns":7},{"damage":22,"enemies":"Nemesis","floor":44,"turns":9},{"damage":0,"enemies":"3 Darklings","floor":48,"turns":4},{"damage":21,"enemies":"Awakened One","floor":50,"turns":9},{"damage":17,"enemies":"Shield and Spear","floor":54,"turns":7},{"damage":30,"enemies":"The Heart","floor":55,"turns":8}],"seed_played":"-4769275174387798954","potions_obtained":[{"floor":6.0,"key":"FocusPotion"},{"floor":12.0,"key":"Poison Potion"},{"floor":13.0,"key":"Fire Potion"},{"floor":16.0,"key":"Dexterity Potion"},{"floor":20.0,"key":"Poison Potion"},{"floor":25.0,"key":"PowerPotion"},{"floor":33.0,"key":"EssenceOfSteel"},{"floor":37.0,"key":"Energy Potion"},{"floor":54,"key":"GamblersBrew"}],"is_trial":false,"path_per_floor":["M","?","M","?","?","E","R","M","T","?","R","M","M","M","R","B",null,"M","?","M","?","M","R","$","E","T","R","M","R","T","$","R","B",null,"M","?","M","?","?","E","$","R","T","E","R","?","R","M","R","B",null,"R","$","E","B"],"character_chosen":"DEFECT","items_purchased":["Thunder Strike","Singing Bowl","Chemical X","Defragment+1","SkillPotion"],"campfire_rested":3,"item_purchase_floors":[24,31,41,53,53],"current_hp_per_floor":[68,68,61,47,47,14,34,34,34,34,54,54,46,43,43,23,58,58,34,34,28,28,28,28,24,31,31,28,40,40,40,40,31,39,38,38,29,29,29,30,30,30,30,22,22,22,22,26,26,19,40,40,40,27,0],"gold":65,"neow_bonus":"UPGRADE_CARD","is_prod":false,"is_daily":false,"chose_seed":false,"campfire_upgraded":7,"win_rate":0,"timestamp":1551750853,"path_taken":["M","?","M","?","?","E","R","?","T","?","R","M","M","M","R","BOSS","M","?","M","?","M","R","$","E","T","R","M","R","?","?","R","BOSS","M","?","M","?","?","E","?","R","T","E","R","?","R","?","R","BOSS","R","$","E","BOSS"],"build_version":"2019-01-23","purchased_purges":1,"victory":false,"max_hp_per_floor":[75,69,69,69,69,69,69,69,69,69,69,69,69,69,69,69,69,69,34,34,34,34,34,34,34,41,41,41,41,41,41,41,41,41,43,43,45,45,45,47,47,47,47,47,47,45,45,47,47,47,47,47,47,49,49],"card_choices":[{"not_picked":["Stack","Hello World"],"picked":"Melter","floor":1.0},{"not_picked":["Barrage","Skim"],"picked":"Leap","floor":3.0},{"not_picked":["Turbo","Static Discharge+1"],"picked":"Beam Cell","floor":6.0},{"not_picked":["Steam","Compile Driver"],"picked":"Sweeping Beam","floor":8.0},{"not_picked":["Consume","Melter"],"picked":"Cold Snap","floor":12.0},{"not_picked":["Meteor Strike","Hello World+1"],"picked":"Tempest","floor":13.0},{"not_picked":["Double Energy","Turbo"],"picked":"Scrape","floor":14.0},{"not_picked":["Hyperbeam","Seek"],"picked":"Electrodynamics+1","floor":16.0},{"not_picked":["Ball Lightning","Stack+1"],"picked":"Conserve Battery","floor":18.0},{"not_picked":["Reprogram","Darkness"],"picked":"Seek","floor":20.0},{"not_picked":["Sweeping Beam","Rip and Tear+1"],"picked":"Go for the Eyes+1","floor":22.0},{"not_picked":["Hologram","Redo"],"picked":"Capacitor+1","floor":25.0},{"not_picked":["Streamline","Fusion","Steam"],"picked":"SKIP","floor":28.0},{"not_picked":["Amplify","All For One"],"picked":"Creative AI+1","floor":33.0},{"not_picked":["Barrage","Doom and Gloom","Redo"],"picked":"Singing Bowl","floor":35.0},{"not_picked":["Swift Strike","Deep Breath"],"picked":"Mayhem+1","floor":36.0},{"not_picked":["Storm+1","Lockon","Steam+1"],"picked":"Singing Bowl","floor":37.0},{"not_picked":["Conserve Battery","Beam Cell+1","Turbo+1"],"picked":"Singing Bowl","floor":40},{"not_picked":["Hologram","Lockon+1"],"picked":"Force Field","floor":44},{"not_picked":["Static Discharge+1","Ball Lightning+1","Recycle"],"picked":"Singing Bowl","floor":48},{"not_picked":["Compile Driver","Gash+1","Darkness"],"picked":"Singing Bowl","floor":54}],"player_experience":515856,"relics_obtained":[{"floor":6.0,"key":"DataDisk"},{"floor":9.0,"key":"Oddly Smooth Stone"},{"floor":25.0,"key":"Blood Vial"},{"floor":26.0,"key":"Strawberry"},{"floor":30.0,"key":"Meat on the Bone"},{"floor":40,"key":"Girya"},{"floor":44,"key":"Ancient Tea Set"},{"floor":54,"key":"Art of War"}],"event_choices":[{"damage_healed":0.0,"max_hp_gain":0.0,"max_hp_loss":6.0,"gold_gain":0.0,"event_name":"Golden Idol","player_choice":"Lose Max HP","floor":2.0,"gold_loss":0.0,"damage_taken":0.0,"relics_obtained":["Golden Idol"]},{"damage_healed":0.0,"max_hp_gain":0.0,"max_hp_loss":0.0,"gold_gain":0.0,"event_name":"Shining Light","player_choice":"Entered Light","floor":4.0,"gold_loss":0.0,"damage_taken":14.0,"cards_upgraded":["Melter","Dualcast"]},{"damage_healed":0.0,"max_hp_gain":0.0,"max_hp_loss":0.0,"gold_gain":0.0,"event_name":"WeMeetAgain","player_choice":"Paid Gold","floor":5.0,"gold_loss":50.0,"damage_taken":0.0,"relics_obtained":["Frozen Egg 2"]},{"damage_healed":0.0,"max_hp_gain":0.0,"max_hp_loss":0.0,"gold_gain":0.0,"cards_transformed":["Strike_B"],"event_name":"Transmorgrifier","player_choice":"Transformed","floor":10.0,"gold_loss":0.0,"damage_taken":0.0,"cards_obtained":["Heatsinks"]},{"damage_healed":0.0,"max_hp_gain":0.0,"max_hp_loss":35.0,"gold_gain":0.0,"event_name":"Ghosts","player_choice":"Became a Ghost","floor":19.0,"gold_loss":0.0,"damage_taken":0.0,"cards_obtained":["Ghostly","Ghostly","Ghostly","Ghostly","Ghostly"]},{"damage_healed":0.0,"max_hp_gain":0.0,"max_hp_loss":0.0,"gold_gain":0.0,"event_name":"Nest","player_choice":"Joined the Cult","floor":21.0,"gold_loss":0.0,"damage_taken":6.0,"cards_obtained":["RitualDagger"]},{"damage_healed":0.0,"max_hp_gain":0.0,"max_hp_loss":0.0,"gold_gain":0.0,"event_name":"SensoryStone","player_choice":"Memory 1","floor":36.0,"gold_loss":0.0,"damage_taken":0.0},{"damage_healed":0.0,"max_hp_gain":0.0,"max_hp_loss":0.0,"gold_gain":0.0,"event_name":"Mysterious Sphere","player_choice":"Ignored","floor":38.0,"gold_loss":0.0,"damage_taken":0.0},{"cards_removed":["Dualcast"],"damage_healed":0.0,"max_hp_gain":0.0,"max_hp_loss":0.0,"gold_gain":0.0,"event_name":"Falling","player_choice":"Removed Skill","floor":39.0,"gold_loss":0.0,"damage_taken":0.0},{"damage_healed":0,"gold_gain":0,"player_choice":"Max HP","damage_taken":0,"max_hp_gain":0,"max_hp_loss":2,"event_name":"Winding Halls","floor":46,"gold_loss":0}],"is_beta":false,"boss_relics":[{"not_picked":["Black Star","Cursed Key"],"picked":"Runic Pyramid"},{"not_picked":["Snecko Eye","Tiny House"],"picked":"Coffee Dripper"}],"items_purged_floors":[24],"is_endless":false,"potions_floor_spawned":[6,12,13,16,20,25,33,37,40,54],"killed_by":"The Heart","ascension_level":9}