{"gold_per_floor":[110,128,128,128,138,138,173,173,173,184,203,57,132,132,132,229,229,248,248,248,16,16,51,51,71,95,128,128,227,227,255,255,354,354,371,371,391,391,391,426,426,452,452,452,29,62,62,94,94,94],"floor_reached":50,"playtime":2614,"items_purged":["Decay"],"score":880,"play_id":"c9206359-c748-4183-afdc-b2874e4d1311","local_time":"20190216004601","is_ascension_mode":true,"campfire_choices":[{"data":"Heavy Blade","floor":6.0,"key":"SMITH"},{"data":"Hemokinesis","floor":8.0,"key":"SMITH"},{"data":"Metallicize","floor":15.0,"key":"SMITH"},{"floor":24.0,"key":"REST"},{"data":"Inflame","floor":30.0,"key":"SMITH"},{"floor":32.0,"key":"REST"},{"floor":41.0,"key":"REST"},{"floor":44.0,"key":"REST"},{"floor":49,"key":"REST"}],"neow_cost":"NONE","seed_source_timestamp":38470979960100,"circlet_count":0,"master_deck":["Defend_R","Defend_R","Defend_R","Bash","Heavy Blade+1","Thunderclap","Hemokinesis+1","Fiend Fire","Metallicize+1","Combust","Rampage+1","Apotheosis","Inflame+1","Shrug It Off","Bite","Bite","Bite","Bite","Bite","Double Tap","Feel No Pain","Disarm+1","Decay"],"special_seed":0,"relics":["Burning Blood","NeowsBlessing","Thread and Needle","Sundial","Gremlin Horn","Juzu Bracelet","Snecko Eye","MutagenicStrength","Ancient Tea Set","Smiling Mask","Letter Opener","Self Forming Clay","Cursed Key","Dodecahedron","Potion Belt","Bag of Marbles","PreservedInsect","Strawberry","Charon\u0027s Ashes"],"potions_floor_usage":[48,50,50],"damage_taken":[{"damage":0.0,"enemies":"2 Louse","floor":1.0,"turns":1.0},{"damage":0.0,"enemies":"Small Slimes","floor":2.0,"turns":1.0},{"damage":0.0,"enemies":"Cultist","floor":5.0,"turns":1.0},{"damage":19.0,"enemies":"3 Sentries","floor":7.0,"turns":8.0},{"damage":2.0,"enemies":"Exordium Wildlife","floor":10.0,"turns":2.0},{"damage":6.0,"enemies":"Blue Slaver","floor":11.0,"turns":3.0},{"damage":32.0,"enemies":"Slime Boss","floor":16.0,"turns":11.0},{"damage":13.0,"enemies":"2 Thieves","floor":18.0,"turns":5.0},{"damage":46.0,"enemies":"Slavers","floor":23.0,"turns":5.0},{"damage":12.0,"enemies":"Chosen","floor":25.0,"turns":3.0},{"damage":2.0,"enemies":"Gremlin Leader","floor":27.0,"turns":3.0},{"damage":13.0,"enemies":"Slavers","floor":31.0,"turns":4.0},{"damage":60.0,"enemies":"Automaton","floor":33.0,"turns":8.0},{"damage":6.0,"enemies":"3 Shapes","floor":35.0,"turns":7.0},{"damage":13.0,"enemies":"Orb Walker","floor":37.0,"turns":4.0},{"damage":63.0,"enemies":"Giant Head","floor":40.0,"turns":7.0},{"damage":46.0,"enemies":"Reptomancer","floor":42.0,"turns":8.0},{"damage":11.0,"enemies":"Giant Head","floor":46.0,"turns":5.0},{"damage":42,"enemies":"Nemesis","floor":48,"turns":5},{"damage":77,"enemies":"Awakened One","floor":50,"turns":9}],"seed_played":"-1937437078760219150","potions_obtained":[{"floor":4.0,"key":"Block Potion"},{"floor":4.0,"key":"SteroidPotion"},{"floor":4.0,"key":"Dexterity Potion"},{"floor":10.0,"key":"Ancient Potion"},{"floor":18.0,"key":"SteroidPotion"},{"floor":23.0,"key":"Explosive Potion"},{"floor":27.0,"key":"FearPotion"},{"floor":31.0,"key":"PowerPotion"},{"floor":35.0,"key":"PowerPotion"},{"floor":37.0,"key":"BloodPotion"},{"floor":42.0,"key":"Dexterity Potion"}],"is_trial":false,"path_per_floor":["M","M","?","?","M","R","E","R","T","M","M","$","?","$","R","B",null,"M","?","?","$","?","E","R","M","T","E","?","?","R","E","R","B",null,"M","?","M","?","?","E","R","E","T","R","$","E","?","E","R","B"],"character_chosen":"IRONCLAD","items_purchased":["Juzu Bracelet","Apotheosis","Inflame","PreservedInsect","Block Potion","SkillPotion","Swift Potion","Feel No Pain"],"campfire_rested":5,"item_purchase_floors":[12,21,21,45,45,45,45,45],"current_hp_per_floor":[78,80,77,77,80,80,67,67,67,71,71,71,60,60,60,34,69,62,62,62,62,62,22,46,40,40,44,44,44,44,46,56,17,46,56,56,49,49,49,10,26,11,11,27,27,44,44,20,38,0],"gold":94,"neow_bonus":"THREE_ENEMY_KILL","is_prod":false,"is_daily":false,"chose_seed":false,"campfire_upgraded":4,"win_rate":0,"timestamp":1550295961,"path_taken":["M","M","?","?","M","R","E","R","T","M","?","$","?","$","R","BOSS","M","?","?","$","?","E","R","M","T","E","?","?","R","E","R","BOSS","M","?","M","?","?","E","R","E","T","R","$","E","?","E","R","BOSS"],"build_version":"2019-01-23","purchased_purges":1,"victory":false,"max_hp_per_floor":[80,80,80,80,80,80,80,80,80,80,80,80,80,80,80,80,80,80,80,80,80,80,80,80,80,80,80,56,56,56,56,56,56,56,56,56,56,56,56,56,56,56,56,56,56,63,63,63,63,63],"card_choices":[{"not_picked":["Havoc","Disarm"],"picked":"Heavy Blade","floor":1.0},{"not_picked":["Heavy Blade","Iron Wave"],"picked":"Thunderclap","floor":2.0},{"not_picked":["Dual Wield","Infernal Blade"],"picked":"Hemokinesis","floor":5.0},{"not_picked":["Cleave","Sentinel"],"picked":"Fiend Fire","floor":7.0},{"not_picked":["Entrench","Body Slam"],"picked":"Metallicize","floor":10.0},{"not_picked":["Thunderclap","Rage"],"picked":"Combust","floor":11.0},{"not_picked":["Battle Trance","Cleave"],"picked":"Rampage+1","floor":18.0},{"not_picked":["Heavy Blade+1","Clothesline"],"picked":"Shrug It Off","floor":23.0},{"not_picked":["Clothesline","Clash+1","Intimidate"],"picked":"SKIP","floor":25.0},{"not_picked":["True Grit","Reckless Charge","Infernal Blade"],"picked":"SKIP","floor":27.0},{"not_picked":["Warcry+1","Flex+1","Clash"],"picked":"SKIP","floor":31.0},{"not_picked":["Immolate","Fiend Fire"],"picked":"Double Tap","floor":33.0},{"not_picked":["Corruption","Perfected Strike+1","Sword Boomerang"],"picked":"SKIP","floor":35.0},{"not_picked":["Thunderclap","Combust","Perfected Strike+1"],"picked":"SKIP","floor":37.0},{"not_picked":["Sword Boomerang","Sever Soul+1","Clash"],"picked":"SKIP","floor":40.0},{"not_picked":["Reckless Charge+1","Thunderclap+1","Second Wind+1"],"picked":"SKIP","floor":42.0},{"not_picked":["Body Slam+1","Power Through+1"],"picked":"Disarm+1","floor":46.0},{"not_picked":["Heavy Blade+1","Clothesline","Cleave"],"picked":"SKIP","floor":48}],"player_experience":471482,"relics_obtained":[{"floor":7.0,"key":"Sundial"},{"floor":9.0,"key":"Gremlin Horn"},{"floor":23.0,"key":"Ancient Tea Set"},{"floor":26.0,"key":"Smiling Mask"},{"floor":27.0,"key":"Letter Opener"},{"floor":31.0,"key":"Self Forming Clay"},{"floor":40.0,"key":"Dodecahedron"},{"floor":42.0,"key":"Potion Belt"},{"floor":43.0,"key":"Bag of Marbles"},{"floor":46.0,"key":"Strawberry"},{"floor":48,"key":"Charon\u0027s Ashes"}],"event_choices":[{"damage_healed":0.0,"max_hp_gain":0.0,"max_hp_loss":0.0,"gold_gain":0.0,"event_name":"Scrap Ooze","player_choice":"Success","floor":3.0,"gold_loss":0.0,"damage_taken":3.0,"relics_obtained":["Thread and Needle"]},{"damage_healed":0.0,"max_hp_gain":0.0,"max_hp_loss":0.0,"gold_gain":0.0,"event_name":"Lab","player_choice":"Got Potions","floor":4.0,"gold_loss":0.0,"damage_taken":0.0},{"damage_healed":0.0,"max_hp_gain":0.0,"max_hp_loss":0.0,"gold_gain":75.0,"event_name":"World of Goop","player_choice":"Gather Gold","floor":13.0,"gold_loss":0.0,"damage_taken":11.0},{"damage_healed":0.0,"max_hp_gain":0.0,"max_hp_loss":0.0,"gold_gain":0.0,"event_name":"Drug Dealer","player_choice":"Inject Mutagens","floor":19.0,"gold_loss":0.0,"damage_taken":0.0,"relics_obtained":["MutagenicStrength"]},{"cards_removed":["Strike_R"],"damage_healed":0.0,"max_hp_gain":0.0,"max_hp_loss":0.0,"gold_gain":0.0,"event_name":"Purifier","player_choice":"Purged","floor":20.0,"gold_loss":0.0,"damage_taken":0.0},{"damage_healed":0.0,"max_hp_gain":0.0,"max_hp_loss":0.0,"gold_gain":0.0,"event_name":"Beggar","player_choice":"Ignored","floor":22.0,"gold_loss":0.0,"damage_taken":0.0},{"damage_healed":0.0,"max_hp_gain":0.0,"max_hp_loss":24.0,"gold_gain":0.0,"event_name":"Vampires","player_choice":"Became a vampire","floor":28.0,"gold_loss":0.0,"damage_taken":0.0,"cards_obtained":["Bite","Bite","Bite","Bite","Bite"]},{"damage_healed":0.0,"max_hp_gain":0.0,"max_hp_loss":0.0,"gold_gain":99.0,"event_name":"Nest","player_choice":"Stole From Cult","floor":29.0,"gold_loss":0.0,"damage_taken":0.0},{"damage_healed":0.0,"max_hp_gain":0.0,"max_hp_loss":0.0,"gold_gain":0.0,"event_name":"Accursed Blacksmith","player_choice":"Ignored","floor":36.0,"gold_loss":0.0,"damage_taken":0.0},{"damage_healed":0.0,"max_hp_gain":0.0,"max_hp_loss":0.0,"gold_gain":0.0,"event_name":"Tomb of Lord Red Mask","player_choice":"Ignored","floor":38.0,"gold_loss":0.0,"damage_taken":0.0},{"cards_removed":["Defend_R"],"damage_healed":0.0,"max_hp_gain":0.0,"max_hp_loss":0.0,"gold_gain":0.0,"event_name":"Falling","player_choice":"Removed Skill","floor":39.0,"gold_loss":0.0,"damage_taken":0.0},{"damage_healed":0.0,"max_hp_gain":0.0,"max_hp_loss":0.0,"gold_gain":0.0,"event_name":"Wheel of Change","player_choice":"Cursed","floor":47.0,"gold_loss":0.0,"damage_taken":0.0,"cards_obtained":["Decay"]}],"is_beta":false,"boss_relics":[{"not_picked":["Runic Pyramid","Runic Dome"],"picked":"Snecko Eye"},{"not_picked":["Runic Cube","Coffee Dripper"],"picked":"Cursed Key"}],"items_purged_floors":[45],"is_endless":false,"potions_floor_spawned":[10,11,16,18,23,27,31,35,37,42],"killed_by":"Awakened One","ascension_level":7}