{"gold_per_floor":[114,92,107,107,15,42,42,74,74,91,104,123,123,152,152,247,247,259,279,33,48,0,0,28,28,28,28,28],"floor_reached":28,"playtime":1217,"items_purged":[],"score":376,"play_id":"95739d3c-83c1-498d-8776-73df28cf2c89","local_time":"20190203020629","is_ascension_mode":true,"campfire_choices":[{"data":"Streamline","floor":7,"key":"SMITH"},{"data":"Defragment","floor":13,"key":"SMITH"},{"floor":15,"key":"REST"},{"floor":23,"key":"REST"},{"floor":25,"key":"REST"},{"data":"Tempest","floor":27,"key":"SMITH"}],"neow_cost":"NONE","seed_source_timestamp":25069507308800,"circlet_count":0,"master_deck":["Strike_B","Strike_B+1","Strike_B+1","Strike_B","Defend_B","Defend_B","Defend_B","Defend_B","Zap","Dualcast","Static Discharge","Streamline+1","Conserve Battery","Defragment+1","Conserve Battery","Static Discharge","Tempest+1","Capacitor","Sunder","Electrodynamics","Glacier+1","Ball Lightning+1"],"relics":["FrozenCore","NeowsBlessing","Singing Bowl","Mercury Hourglass","Whetstone","Anchor","Strawberry","Pantograph","Orichalcum","Molten Egg 2"],"potions_floor_usage":[8,11,14,19,24],"damage_taken":[{"damage":0,"enemies":"2 Louse","floor":1,"turns":1},{"damage":0,"enemies":"Cultist","floor":3,"turns":1},{"damage":0,"enemies":"Lagavulin","floor":6,"turns":1},{"damage":30,"enemies":"3 Sentries","floor":8,"turns":4},{"damage":0,"enemies":"Jaw Worm","floor":10,"turns":2},{"damage":13,"enemies":"Exordium Thugs","floor":11,"turns":4},{"damage":1,"enemies":"Blue Slaver","floor":12,"turns":3},{"damage":23,"enemies":"Lagavulin","floor":14,"turns":4},{"damage":20,"enemies":"Hexaghost","floor":16,"turns":6},{"damage":8,"enemies":"Shell Parasite","floor":18,"turns":5},{"damage":13,"enemies":"3 Byrds","floor":19,"turns":3},{"damage":23,"enemies":"Snecko","floor":21,"turns":4},{"damage":38,"enemies":"Book of Stabbing","floor":24,"turns":5},{"damage":53,"enemies":"Slavers","floor":28,"turns":4}],"seed_played":"-357451806889190045","potions_obtained":[{"floor":1,"key":"SkillPotion"},{"floor":6,"key":"AttackPotion"},{"floor":10,"key":"Strength Potion"},{"floor":11,"key":"SteroidPotion"},{"floor":18,"key":"EssenceOfSteel"}],"is_trial":false,"path_per_floor":["M","$","M","?","$","E","R","E","T","M","M","M","R","E","R","B",null,"M","M","$","M","?","R","E","R","T","R","E"],"character_chosen":"DEFECT","items_purchased":["Streamline","Defragment","Conserve Battery","Pantograph"],"campfire_rested":3,"item_purchase_floors":[2,5,5,20],"current_hp_per_floor":[75,75,75,75,75,75,75,45,45,47,34,33,33,19,44,24,71,65,52,52,29,29,55,19,46,46,46,0],"gold":28,"neow_bonus":"THREE_ENEMY_KILL","is_prod":false,"is_daily":false,"chose_seed":false,"campfire_upgraded":3,"win_rate":0,"timestamp":1549177589,"path_taken":["M","$","M","?","$","E","R","E","T","M","?","M","R","E","R","BOSS","M","M","$","M","?","R","E","R","T","R","E"],"build_version":"2019-01-23","purchased_purges":0,"victory":false,"max_hp_per_floor":[75,75,75,75,75,75,75,75,75,77,77,77,77,86,86,86,86,88,88,88,88,88,88,90,90,90,90,90],"card_choices":[{"not_picked":["Rebound","Genetic Algorithm"],"picked":"Static Discharge","floor":1},{"not_picked":["Heatsinks","Steam"],"picked":"Conserve Battery","floor":3},{"not_picked":["Beam Cell","Rebound"],"picked":"Static Discharge","floor":6},{"not_picked":["Barrage","Consume"],"picked":"Tempest","floor":8},{"not_picked":["Barrage","Skim","Leap"],"picked":"Singing Bowl","floor":10},{"not_picked":["Go for the Eyes","Stack"],"picked":"Capacitor","floor":11},{"not_picked":["Leap","Conserve Battery"],"picked":"Sunder","floor":12},{"not_picked":["Go for the Eyes","Consume","Redo"],"picked":"Singing Bowl","floor":14},{"not_picked":["Creative AI","All For One"],"picked":"Electrodynamics","floor":16},{"not_picked":["Conserve Battery+1","Cold Snap","Compile Driver"],"picked":"Singing Bowl","floor":18},{"not_picked":["Sweeping Beam+1","Heatsinks+1"],"picked":"Glacier+1","floor":19},{"not_picked":["Redo+1","Steam Power"],"picked":"Ball Lightning+1","floor":21},{"not_picked":["Steam","Tempest","Sweeping Beam"],"picked":"Singing Bowl","floor":24}],"player_experience":364435,"relics_obtained":[{"floor":4,"key":"Singing Bowl"},{"floor":6,"key":"Mercury Hourglass"},{"floor":8,"key":"Whetstone"},{"floor":9,"key":"Anchor"},{"floor":14,"key":"Strawberry"},{"floor":24,"key":"Orichalcum"},{"floor":26,"key":"Molten Egg 2"}],"event_choices":[{"damage_healed":0,"gold_gain":0,"player_choice":"Relic","damage_taken":0,"max_hp_gain":0,"max_hp_loss":0,"event_name":"Wheel of Change","floor":4,"gold_loss":0},{"damage_healed":0,"gold_gain":0,"player_choice":"Paid Fearfully","damage_taken":0,"max_hp_gain":0,"max_hp_loss":0,"event_name":"Masked Bandits","floor":22,"gold_loss":48}],"is_beta":false,"boss_relics":[{"not_picked":["Orrery","Busted Crown"],"picked":"FrozenCore"}],"items_purged_floors":[],"is_endless":false,"potions_floor_spawned":[1,6,10,11,18],"killed_by":"Slavers","ascension_level":5}