{"path_per_floor":["M","?","$","$","?","R","E","M","T","?","T","M","M","?","R","B",null,"M","?","M","?","$","R"],"character_chosen":"IRONCLAD","items_purchased":["Juzu Bracelet","Inflame"],"gold_per_floor":[114,189,43,43,43,43,70,83,83,83,383,396,416,416,416,512,512,512,512,512,512,358,358],"floor_reached":24,"campfire_rested":0,"playtime":668,"current_hp_per_floor":[80,69,69,69,53,53,59,65,65,58,58,60,44,64,64,37,80,71,71,62,62,62,62],"items_purged":["Parasite"],"gold":358,"score":217,"play_id":"a4d03087-11e8-4a3f-abaf-73a3ec9fc927","is_prod":false,"is_daily":false,"is_ascension_mode":false,"campfire_upgraded":3,"path_taken":["M","?","?","$","?","R","E","M","T","?","?","M","M","?","R","BOSS","M","?","M","?","$","R","E"],"build_version":"2018-02-15-PROD1","purchased_purges":1,"victory":false,"master_deck":["Strike_R+1","Strike_R+1","Strike_R+1","Defend_R+1","Defend_R+1","Defend_R+1","Defend_R+1","Bash+1","Pommel Strike+1","Rampage+1","Headbutt","Feed","Flex","Burning Pact","Inflame+1"],"max_hp_per_floor":[80,80,80,80,80,80,80,80,80,80,80,80,80,80,80,80,80,83,83,83,83,80,80],"relics":["Burning Blood","NeowsBlessing","Juzu Bracelet","Frozen Eye","Magic Flower","Old Coin","Ectoplasm"],"card_choices":[{"not_picked":["Rupture","Iron Wave"],"picked":"Pommel Strike"},{"not_picked":["Cleave","Blood for Blood"],"picked":"Rampage"},{"not_picked":["Twin Strike","Shockwave"],"picked":"Headbutt"},{"not_picked":["Brutality","Barricade"],"picked":"Feed"},{"not_picked":["Power Through","Burning Pact"],"picked":"Flex"}],"player_experience":102758,"potions_floor_usage":[16],"damage_taken":[{"damage":0,"enemies":"Jaw Worm","floor":1,"turns":1},{"damage":0,"enemies":"Gremlin Nob","floor":7,"turns":1},{"damage":0,"enemies":"Cultist","floor":8,"turns":1},{"damage":7,"enemies":"2 Louse","floor":12,"turns":2},{"damage":25,"enemies":"Gremlin Gang","floor":13,"turns":5},{"damage":36,"enemies":"The Guardian","floor":16,"turns":11},{"damage":23,"enemies":"Spheric Guardian","floor":18,"turns":5},{"damage":18,"enemies":"3 Byrds","floor":20,"turns":6},{"damage":68,"enemies":"Slavers","floor":24,"turns":6}],"event_choices":[{"event_name":"World of Goop","player_choice":"Gather Gold","floor":2,"damage_taken":0},{"event_name":"Shining Light","player_choice":"Entered Light","floor":5,"damage_taken":0},{"event_name":"Golden Wing","player_choice":"Card Removal","floor":10,"damage_taken":0},{"event_name":"Mushrooms","player_choice":"Healed and dodged fight","floor":14,"damage_taken":0},{"event_name":"Back to Basics","player_choice":"Simplicity","floor":19,"damage_taken":0},{"event_name":"Transmorgrifier","player_choice":"Transform","floor":21,"damage_taken":0}],"boss_relics":[{"not_picked":["Philosopher\u0027s Stone","Snecko Eye"],"picked":"Ectoplasm"}],"potions_floor_spawned":[1],"seed_played":"-632122161442606245","killed_by":"Slavers","ascension_level":0,"is_trial":false}