{"gold_per_floor":[117,117,133,10,22,22,57,57,57,89,89,117,42,1,1,99,99,113,130,30,49,60,93,109,140,140,159,179,179,94,94,94,196,196,208,227,32,44,64,64,64,76,76,76,76,38,38,57,57,57],"floor_reached":50,"playtime":5194,"items_purged":["Normality","Strike_B","Strike_B"],"score":778,"play_id":"f910418d-f148-4e7f-a1ee-0e61d9d502f1","local_time":"20190421202057","is_ascension_mode":true,"campfire_choices":[{"data":"Zap","floor":6,"key":"SMITH"},{"floor":8,"key":"REST"},{"floor":15,"key":"DIG"},{"floor":32,"key":"REST"},{"floor":40,"key":"REST"},{"data":"Defragment","floor":47,"key":"SMITH"},{"data":"Blizzard","floor":49,"key":"SMITH"}],"neow_cost":"CURSE","seed_source_timestamp":334281984848985,"circlet_count":0,"master_deck":["AscendersBane","Strike_B+1","Strike_B","Defend_B","Defend_B","Defend_B","Defend_B","Zap+1","Dualcast","Gash+1","Ball Lightning","Cold Snap","Cold Snap","Conserve Battery","Self Repair","Doom and Gloom","Auto Shields","Reboot","Hologram","Hologram","Steam Power","Redo+1","Leap","Consume","Compile Driver+1","Glacier","Glacier+1","Echo Form","Static Discharge","Defragment+1","Recycle+1","Blizzard+1","Skim"],"relics":["Cracked Core","Dead Branch","Darkstone Periapt","Kunai","Pantograph","Shovel","Emotion Chip","Nuclear Battery","Blood Vial","Dodecahedron","Ornamental Fan","Peace Pipe","Nunchaku","Philosopher\u0027s Stone","FossilizedHelix","Symbiotic Virus"],"potions_floor_usage":[7,23,25,28,33,33,36,39,50,50],"damage_taken":[{"damage":7,"enemies":"Jaw Worm","floor":1,"turns":3},{"damage":2,"enemies":"2 Louse","floor":3,"turns":3},{"damage":0,"enemies":"Cultist","floor":5,"turns":3},{"damage":6,"enemies":"Gremlin Nob","floor":7,"turns":3},{"damage":9,"enemies":"3 Sentries","floor":10,"turns":6},{"damage":13,"enemies":"Lagavulin","floor":12,"turns":5},{"damage":16,"enemies":"The Guardian","floor":16,"turns":13},{"damage":7,"enemies":"Shell Parasite","floor":18,"turns":5},{"damage":10,"enemies":"2 Thieves","floor":19,"turns":4},{"damage":3,"enemies":"Centurion and Healer","floor":21,"turns":6},{"damage":0,"enemies":"Cultist and Chosen","floor":22,"turns":4},{"damage":37,"enemies":"Gremlin Leader","floor":23,"turns":8},{"damage":15,"enemies":"Chosen and Byrds","floor":24,"turns":4},{"damage":17,"enemies":"Book of Stabbing","floor":25,"turns":5},{"damage":17,"enemies":"Snake Plant","floor":27,"turns":3},{"damage":9,"enemies":"3 Cultists","floor":28,"turns":7},{"damage":56,"enemies":"Champ","floor":33,"turns":8},{"damage":11,"enemies":"Orb Walker","floor":35,"turns":5},{"damage":6,"enemies":"3 Darklings","floor":36,"turns":4},{"damage":30,"enemies":"Transient","floor":38,"turns":5},{"damage":12,"enemies":"Spire Growth","floor":39,"turns":6},{"damage":1,"enemies":"Maw","floor":42,"turns":10},{"damage":32,"enemies":"4 Shapes","floor":48,"turns":8},{"damage":83,"enemies":"Time Eater","floor":50,"turns":10}],"seed_played":"-3361036595641968618","potions_obtained":[{"floor":3,"key":"Poison Potion"},{"floor":23,"key":"Poison Potion"},{"floor":25,"key":"SteroidPotion"},{"floor":27,"key":"EssenceOfSteel"},{"floor":28,"key":"FocusPotion"},{"floor":33,"key":"Block Potion"},{"floor":35,"key":"Block Potion"},{"floor":36,"key":"LiquidBronze"},{"floor":42,"key":"Dexterity Potion"}],"is_trial":false,"path_per_floor":["?","?","$","T","?","?","$","M","?","M","?","T"],"character_chosen":"DEFECT","items_purchased":["PowerPotion","Doom and Gloom","Auto Shields","Defragment","Blizzard"],"campfire_rested":3,"item_purchase_floors":[4,13,14,37,46],"current_hp_per_floor":[61,46,44,44,44,44,38,60,60,51,56,43,43,43,43,59,75,75,65,65,69,76,46,40,32,32,24,24,24,24,24,48,19,65,56,52,52,24,28,52,52,60,60,60,60,60,60,44,44,0],"gold":57,"neow_bonus":"ONE_RARE_RELIC","is_prod":false,"is_daily":false,"chose_seed":false,"campfire_upgraded":3,"win_rate":0,"timestamp":1555874457,"path_taken":["M","?","M","$","M","R","E","R","T","E","?","E","?","$","R","BOSS","M","M","$","M","M","E","M","E","T","M","M","?","?","?","R","BOSS","M","M","?","?","M","R","?","?","T","?","?","$","R","M","R","BOSS"],"build_version":"2019-01-23","purchased_purges":3,"victory":false,"max_hp_per_floor":[75,75,75,75,75,75,75,75,75,75,80,80,80,80,80,80,80,80,80,80,80,80,80,80,80,80,80,80,80,80,80,80,80,80,80,80,80,80,80,80,80,80,80,80,80,80,80,80,80,80],"card_choices":[{"not_picked":["Conserve Battery","Barrage"],"picked":"Gash","floor":1},{"not_picked":["Barrage","Rebound"],"picked":"Ball Lightning","floor":3},{"not_picked":["Beam Cell","Leap"],"picked":"Cold Snap","floor":5},{"not_picked":["Double Energy","Stack"],"picked":"Cold Snap","floor":7},{"not_picked":["Sweeping Beam","Multi-Cast"],"picked":"Conserve Battery","floor":10},{"not_picked":["Turbo","Heatsinks"],"picked":"Self Repair","floor":12},{"not_picked":["Thunder Strike","Machine Learning"],"picked":"Reboot","floor":16},{"not_picked":["Skim","Leap"],"picked":"Hologram","floor":18},{"not_picked":["Streamline","Sweeping Beam"],"picked":"Hologram","floor":19},{"not_picked":["Turbo","Aggregate"],"picked":"Steam Power","floor":21},{"not_picked":["Self Repair","Stack"],"picked":"Redo+1","floor":22},{"not_picked":["Ball Lightning+1","Thunder Strike"],"picked":"Leap","floor":23},{"not_picked":["White Noise","Steam Power"],"picked":"Consume","floor":24},{"not_picked":["Aggregate","Steam"],"picked":"Compile Driver+1","floor":25},{"not_picked":["Stack","Cold Snap"],"picked":"Glacier","floor":27},{"not_picked":["Fusion+1","Conserve Battery"],"picked":"Glacier+1","floor":28},{"not_picked":["Meteor Strike","Hyperbeam"],"picked":"Echo Form","floor":33},{"not_picked":["Sweeping Beam+1","Turbo+1"],"picked":"Static Discharge","floor":35},{"not_picked":["Streamline","Conserve Battery+1","Sweeping Beam+1"],"picked":"SKIP","floor":36},{"not_picked":["Doom and Gloom+1","Stack"],"picked":"Coolheaded+1","floor":38},{"not_picked":["Hologram+1","Reinforced Body"],"picked":"Recycle+1","floor":39},{"not_picked":["Glacier","Consume+1","Conserve Battery"],"picked":"SKIP","floor":42},{"not_picked":["Streamline","Redo+1"],"picked":"Skim","floor":48}],"player_experience":676197,"relics_obtained":[{"floor":7,"key":"Darkstone Periapt"},{"floor":9,"key":"Kunai"},{"floor":10,"key":"Pantograph"},{"floor":12,"key":"Shovel"},{"floor":15,"key":"Emotion Chip"},{"floor":23,"key":"Blood Vial"},{"floor":25,"key":"Dodecahedron"},{"floor":26,"key":"Ornamental Fan"},{"floor":29,"key":"Peace Pipe"},{"floor":43,"key":"FossilizedHelix"},{"floor":45,"key":"Symbiotic Virus"}],"event_choices":[{"damage_healed":0,"gold_gain":0,"player_choice":"Entered Light","damage_taken":15,"max_hp_gain":0,"max_hp_loss":0,"event_name":"Shining Light","floor":2,"gold_loss":0,"cards_upgraded":["Strike_B","Gash"]},{"damage_healed":0,"gold_gain":0,"player_choice":"Donut","damage_taken":0,"max_hp_gain":5,"max_hp_loss":0,"event_name":"Big Fish","floor":11,"gold_loss":0},{"damage_healed":0,"gold_gain":0,"player_choice":"Obtained Relic","damage_taken":0,"relics_obtained":["Nunchaku"],"max_hp_gain":0,"max_hp_loss":0,"event_name":"Addict","floor":30,"gold_loss":85},{"damage_healed":0,"gold_gain":0,"player_choice":"Ignored","damage_taken":0,"max_hp_gain":0,"max_hp_loss":0,"event_name":"N\u0027loth","floor":31,"gold_loss":0},{"damage_healed":0,"gold_gain":0,"player_choice":"Ignored","damage_taken":0,"max_hp_gain":0,"max_hp_loss":0,"event_name":"SecretPortal","floor":41,"gold_loss":0},{"cards_removed":["Coolheaded"],"damage_healed":0,"gold_gain":0,"player_choice":"Removed Skill","damage_taken":0,"max_hp_gain":0,"max_hp_loss":0,"event_name":"Falling","floor":44,"gold_loss":0}],"is_beta":false,"boss_relics":[{"not_picked":["FrozenCore","Lizard Tail"],"picked":"Nuclear Battery"},{"not_picked":["Empty Cage","Tiny House"],"picked":"Philosopher\u0027s Stone"}],"items_purged_floors":[4,20,37],"is_endless":false,"potions_floor_spawned":[3,5,23,25,27,28,33,35,36,42],"killed_by":"Time Eater","ascension_level":11}