{"gold_per_floor":[118,68,85,85,48,48,81,81,81,107,121,121,121,132,132,229,229,243,243,81,6,6,6,33,33,33,60,60,73,73,90,90,186,186,198,198,216,236,42,42,68,68,92,123,0,0,15,15,15,15,15,15,15,49,49],"floor_reached":56,"playtime":2150,"items_purged":["Regret"],"score":1801,"play_id":"6bc2b48f-04a0-4ca1-bdaf-1e3079c73b31","local_time":"20190209022000","is_ascension_mode":true,"campfire_choices":[{"data":"Storm","floor":6.0,"key":"SMITH"},{"data":"Defragment","floor":8.0,"key":"SMITH"},{"floor":13.0,"key":"REST"},{"floor":15.0,"key":"REST"},{"data":"Creative AI","floor":23.0,"key":"SMITH"},{"data":"Buffer","floor":25.0,"key":"SMITH"},{"floor":28.0,"key":"REST"},{"floor":32.0,"key":"REST"},{"floor":40.0,"key":"RECALL"},{"floor":49,"key":"REST"},{"floor":52,"key":"REST"}],"neow_cost":"NONE","seed_source_timestamp":44373206586500,"circlet_count":0,"master_deck":["Strike_B","Defend_B","Defend_B","Defend_B","Defend_B","Zap","Dualcast","Machine Learning","Storm+1","Defragment+1","Conserve Battery","Buffer+1","Ball Lightning","Defragment+1","Creative AI+1","Loop","Ghostly","Ghostly","Ghostly","Ghostly","Ghostly","Defragment","Defragment+1"],"special_seed":0,"relics":["Cracked Core","Emotion Chip","Orichalcum","Bottled Lightning","Question Card","Busted Crown","Omamori","Bottled Flame","Cables","Inserter","Runic Capacitor","Letter Opener","Mummified Hand","Red Mask","Pen Nib"],"potions_floor_usage":[50,55,55],"damage_taken":[{"damage":1.0,"enemies":"2 Louse","floor":1.0,"turns":2.0},{"damage":7.0,"enemies":"Jaw Worm","floor":3.0,"turns":3.0},{"damage":22.0,"enemies":"Lagavulin","floor":7.0,"turns":4.0},{"damage":29.0,"enemies":"Gremlin Nob","floor":10.0,"turns":4.0},{"damage":11.0,"enemies":"Small Slimes","floor":11.0,"turns":2.0},{"damage":15.0,"enemies":"3 Louse","floor":14.0,"turns":2.0},{"damage":24.0,"enemies":"The Guardian","floor":16.0,"turns":8.0},{"damage":11.0,"enemies":"Shell Parasite","floor":18.0,"turns":4.0},{"damage":0.0,"enemies":"Book of Stabbing","floor":24.0,"turns":5.0},{"damage":28.0,"enemies":"Slavers","floor":27.0,"turns":4.0},{"damage":0.0,"enemies":"2 Thieves","floor":29.0,"turns":4.0},{"damage":5.0,"enemies":"Cultist and Chosen","floor":31.0,"turns":3.0},{"damage":0.0,"enemies":"Automaton","floor":33.0,"turns":7.0},{"damage":0.0,"enemies":"Orb Walker","floor":35.0,"turns":4.0},{"damage":6.0,"enemies":"3 Darklings","floor":37.0,"turns":4.0},{"damage":0.0,"enemies":"Sphere and 2 Shapes","floor":38.0,"turns":5.0},{"damage":0.0,"enemies":"Reptomancer","floor":41.0,"turns":5.0},{"damage":14,"enemies":"Nemesis","floor":44,"turns":5},{"damage":18,"enemies":"4 Shapes","floor":47,"turns":3},{"damage":0,"enemies":"Time Eater","floor":50,"turns":7},{"damage":0,"enemies":"Shield and Spear","floor":54,"turns":6},{"damage":34,"enemies":"The Heart","floor":55,"turns":6}],"seed_played":"3587184146269718194","potions_obtained":[{"floor":1.0,"key":"SkillPotion"},{"floor":3.0,"key":"Regen Potion"},{"floor":7.0,"key":"FearPotion"},{"floor":14.0,"key":"Ancient Potion"},{"floor":24.0,"key":"Energy Potion"},{"floor":31.0,"key":"Explosive Potion"},{"floor":37.0,"key":"Explosive Potion"},{"floor":38.0,"key":"FocusPotion"},{"floor":41.0,"key":"Regen Potion"}],"is_trial":false,"path_per_floor":["M","?","M","?","$","R","E","R","T","E","M","?","R","M","R","B",null,"M","?","$","?","$","R","E","R","T","E","R","M","?","M","R","B",null,"M","?","M","M","$","R","E","?","T","E","?","?","M","$","R","B",null,"R","$","E","B",null],"character_chosen":"DEFECT","items_purchased":["Defragment","Defragment","PowerPotion","Runic Capacitor"],"campfire_rested":6,"item_purchase_floors":[5,20,20,39],"current_hp_per_floor":[67,67,60,60,60,60,38,38,38,9,3,3,25,10,32,8,58,47,37,37,37,37,37,37,37,37,9,20,20,20,15,26,26,34,34,34,28,28,28,28,28,28,28,14,14,32,14,14,23,23,30,32,32,32,11],"gold":49,"neow_bonus":"ONE_RANDOM_RARE_CARD","is_prod":false,"is_daily":false,"chose_seed":false,"campfire_upgraded":4,"win_rate":0,"timestamp":1549696800,"path_taken":["M","?","M","?","?","R","E","R","T","E","?","?","R","M","R","BOSS","M","?","$","?","$","R","E","R","T","E","R","M","?","?","R","BOSS","M","?","M","?","?","R","E","?","T","E","?","?","M","$","R","BOSS","R","$","E","BOSS"],"build_version":"2019-01-23","purchased_purges":1,"victory":true,"max_hp_per_floor":[75,75,75,75,75,75,75,75,75,75,75,75,75,75,75,75,75,75,37,37,37,37,37,37,37,37,37,37,37,37,37,37,37,37,37,37,37,37,37,37,37,37,37,37,37,32,32,32,32,32,32,32,32,32,32],"card_choices":[{"not_picked":["Reinforced Body","Conserve Battery"],"picked":"Storm","floor":1.0},{"not_picked":["Beam Cell","Turbo","Recycle"],"picked":"SKIP","floor":3.0},{"not_picked":["Fusion","Rebound"],"picked":"Conserve Battery","floor":7.0},{"not_picked":["Beam Cell","Undo"],"picked":"Buffer","floor":10.0},{"not_picked":["Melter","Coolheaded","Steam"],"picked":"Ball Lightning","floor":11.0},{"not_picked":["Streamline","Conserve Battery","Reinforced Body"],"picked":"Defragment","floor":14.0},{"not_picked":["Meteor Strike","Fission","Core Surge"],"picked":"Creative AI","floor":16.0},{"not_picked":["Hologram+1"],"picked":"Loop","floor":18.0},{"not_picked":["Reprogram","Skim"],"picked":"SKIP","floor":24.0},{"not_picked":["Reprogram","Skim"],"picked":"SKIP","floor":24.0},{"not_picked":["Skim","Leap"],"picked":"SKIP","floor":27.0},{"not_picked":["Tempest"],"picked":"Defragment+1","floor":29.0},{"not_picked":["Go for the Eyes","Turbo"],"picked":"SKIP","floor":31.0},{"not_picked":["Undo+1","Stack"],"picked":"SKIP","floor":35.0},{"not_picked":["Genetic Algorithm","FTL+1"],"picked":"SKIP","floor":37.0},{"not_picked":["Steam+1","Turbo+1"],"picked":"SKIP","floor":38.0},{"not_picked":["Reboot","Melter+1"],"picked":"SKIP","floor":41.0},{"not_picked":["Reboot","Melter+1"],"picked":"SKIP","floor":41.0},{"not_picked":["Conserve Battery","Barrage+1"],"picked":"SKIP","floor":44},{"not_picked":["Defragment","Beam Cell"],"picked":"SKIP","floor":47},{"not_picked":["Turbo+1","Cold Snap"],"picked":"SKIP","floor":54}],"player_experience":430156,"relics_obtained":[{"floor":7.0,"key":"Orichalcum"},{"floor":9.0,"key":"Bottled Lightning"},{"floor":10.0,"key":"Question Card"},{"floor":24.0,"key":"Omamori"},{"floor":26.0,"key":"Bottled Flame"},{"floor":27.0,"key":"Cables"},{"floor":41.0,"key":"Letter Opener"},{"floor":44,"key":"Mummified Hand"},{"floor":54,"key":"Pen Nib"}],"event_choices":[{"cards_removed":["Strike_B"],"damage_healed":0.0,"max_hp_gain":0.0,"max_hp_loss":0.0,"gold_gain":0.0,"event_name":"The Cleric","player_choice":"Card Removal","floor":2.0,"gold_loss":50.0,"damage_taken":0.0},{"damage_healed":0.0,"max_hp_gain":0.0,"max_hp_loss":0.0,"gold_gain":0.0,"event_name":"Big Fish","player_choice":"Box","floor":4.0,"gold_loss":0.0,"damage_taken":0.0,"relics_obtained":["Emotion Chip"],"cards_obtained":["Regret"]},{"damage_healed":0.0,"max_hp_gain":0.0,"max_hp_loss":0.0,"gold_gain":0.0,"event_name":"Golden Wing","player_choice":"Ignored","floor":12.0,"gold_loss":0.0,"damage_taken":0.0},{"damage_healed":0.0,"max_hp_gain":0.0,"max_hp_loss":38.0,"gold_gain":0.0,"event_name":"Ghosts","player_choice":"Became a Ghost","floor":19.0,"gold_loss":0.0,"damage_taken":0.0,"cards_obtained":["Ghostly","Ghostly","Ghostly","Ghostly","Ghostly"]},{"cards_removed":["Strike_B"],"damage_healed":0.0,"max_hp_gain":0.0,"max_hp_loss":0.0,"gold_gain":0.0,"event_name":"Beggar","player_choice":"Gave Gold","floor":21.0,"gold_loss":75.0,"damage_taken":0.0},{"damage_healed":0.0,"max_hp_gain":0.0,"max_hp_loss":0.0,"gold_gain":0.0,"event_name":"Wheel of Change","player_choice":"Cursed","floor":30.0,"gold_loss":0.0,"damage_taken":0.0,"cards_obtained":["Decay"]},{"damage_healed":0.0,"max_hp_gain":0.0,"max_hp_loss":0.0,"gold_gain":0.0,"event_name":"Accursed Blacksmith","player_choice":"Forge","floor":36.0,"gold_loss":0.0,"damage_taken":0.0,"cards_upgraded":["Defragment"]},{"cards_removed":["Strike_B"],"damage_healed":0.0,"max_hp_gain":0.0,"max_hp_loss":0.0,"gold_gain":0.0,"event_name":"Falling","player_choice":"Removed Attack","floor":42.0,"gold_loss":0.0,"damage_taken":0.0},{"damage_healed":0,"gold_gain":0,"player_choice":"Paid","damage_taken":0,"relics_obtained":["Red Mask"],"max_hp_gain":0,"max_hp_loss":0,"event_name":"Tomb of Lord Red Mask","floor":45,"gold_loss":123},{"damage_healed":32,"gold_gain":0,"player_choice":"Heal","damage_taken":0,"max_hp_gain":0,"max_hp_loss":5,"event_name":"The Moai Head","floor":46,"gold_loss":0}],"is_beta":false,"boss_relics":[{"not_picked":["Coffee Dripper","Eternal Feather"],"picked":"Busted Crown"},{"not_picked":["Sozu","Philosopher\u0027s Stone"],"picked":"Inserter"}],"items_purged_floors":[20],"is_endless":false,"potions_floor_spawned":[1,3,7,14,24,31,37,38,41],"ascension_level":6}