{"gold_per_floor":[210,54,65,81,93,93,127,147,147,166,194,194,194,208,208,311,311,326,251,269,194,394,419,419,450,450,468,468,484,484],"floor_reached":30,"playtime":1464,"items_purged":["Defend_B"],"score":367,"play_id":"6a35035d-10f7-4548-b9da-9dfd691d90ff","local_time":"20190328190736","is_ascension_mode":true,"campfire_choices":[{"data":"Streamline","floor":6,"key":"SMITH"},{"data":"Stack","floor":15,"key":"SMITH"},{"data":"Fission","floor":24,"key":"SMITH"}],"neow_cost":"NONE","seed_source_timestamp":838006077020659,"circlet_count":0,"master_deck":["Defend_B","Defend_B","Defend_B","Zap","Dualcast","Streamline+1","BootSequence","Doom and Gloom","Compile Driver","Coolheaded","Auto Shields","Hologram","Core Surge","Go for the Eyes+1","Stack+1","Coolheaded","Fission+1","Creative AI+1","Undo+1","Static Discharge+1","Chill","Compile Driver+1","Hologram","Stack+1","Conserve Battery+1","Aggregate"],"special_seed":0,"relics":["Cracked Core","Bronze Scales","Bottled Flame","Prayer Wheel","Ornamental Fan","Astrolabe","Du-Vu Doll","Ancient Tea Set","Cables"],"potions_floor_usage":[],"damage_taken":[{"damage":0.0,"enemies":"2 Louse","floor":1.0,"turns":3.0},{"damage":0,"enemies":"Small Slimes","floor":3,"turns":2},{"damage":1,"enemies":"Cultist","floor":4,"turns":3},{"damage":0,"enemies":"Exordium Wildlife","floor":5,"turns":2},{"damage":15,"enemies":"3 Sentries","floor":7,"turns":6},{"damage":0,"enemies":"Blue Slaver","floor":8,"turns":2},{"damage":1,"enemies":"Looter","floor":10,"turns":2},{"damage":5,"enemies":"Lagavulin","floor":11,"turns":7},{"damage":2,"enemies":"Red Slaver","floor":14,"turns":2},{"damage":6,"enemies":"Slime Boss","floor":16,"turns":9},{"damage":3,"enemies":"Chosen","floor":18,"turns":5},{"damage":0,"enemies":"Spheric Guardian","floor":20,"turns":4},{"damage":18,"enemies":"Gremlin Leader","floor":23,"turns":8},{"damage":21,"enemies":"Book of Stabbing","floor":25,"turns":6},{"damage":7,"enemies":"Shelled Parasite and Fungi","floor":27,"turns":6},{"damage":10,"enemies":"Snake Plant","floor":29,"turns":4},{"damage":18,"enemies":"Centurion and Healer","floor":30,"turns":4}],"seed_played":"2961151826565742065","potions_obtained":[{"floor":1.0,"key":"Block Potion"},{"floor":3,"key":"SteroidPotion"},{"floor":4,"key":"EssenceOfSteel"},{"floor":16,"key":"Regen Potion"}],"is_trial":false,"path_per_floor":["?","?","?","?","M","?"],"character_chosen":"DEFECT","items_purchased":["Bronze Scales"],"campfire_rested":0,"item_purchase_floors":[2],"current_hp_per_floor":[68,68,68,67,67,67,52,52,52,51,46,46,46,44,44,38,66,63,63,63,63,63,45,45,24,24,17,17,7,0],"gold":484,"neow_bonus":"HUNDRED_GOLD","is_prod":false,"is_daily":false,"chose_seed":false,"campfire_upgraded":3,"win_rate":0,"timestamp":1553825256,"path_taken":["M","$","M","M","M","R","E","M","T","M","E","?","?","M","R","BOSS","M","?","M","$","?","E","R","E","T","?","?","M","M"],"build_version":"2019-01-23","purchased_purges":1,"victory":false,"max_hp_per_floor":[75,75,75,75,75,75,75,75,75,75,75,75,75,75,75,75,75,75,75,75,75,75,75,75,75,75,75,75,75,75],"card_choices":[{"not_picked":["FTL","Go for the Eyes"],"picked":"Streamline","floor":1.0},{"not_picked":["Conserve Battery","Stack"],"picked":"BootSequence","floor":3},{"not_picked":["Redo","Loop"],"picked":"Doom and Gloom","floor":4},{"not_picked":["Hello World","Rip and Tear"],"picked":"Compile Driver","floor":5},{"not_picked":["Steam","Doom and Gloom"],"picked":"Coolheaded","floor":7},{"not_picked":["Tempest","Steam"],"picked":"Auto Shields","floor":8},{"not_picked":["Hello World","Beam Cell"],"picked":"Hologram","floor":10},{"not_picked":["Steam","Go for the Eyes"],"picked":"Core Surge","floor":10},{"not_picked":["Storm","Self Repair"],"picked":"Go for the Eyes","floor":11},{"not_picked":["Storm","Melter"],"picked":"Stack","floor":14},{"not_picked":["Redo","Compile Driver"],"picked":"Coolheaded","floor":14},{"not_picked":["Amplify","Meteor Strike"],"picked":"Fission","floor":16},{"not_picked":["Ball Lightning","Steam"],"picked":"Chill","floor":18},{"not_picked":["Gash","Consume","Skim"],"picked":"SKIP","floor":18},{"not_picked":["Hologram","Coolheaded+1"],"picked":"Compile Driver+1","floor":20},{"not_picked":["Static Discharge","Reboot"],"picked":"Hologram","floor":20},{"not_picked":["Compile Driver","Coolheaded"],"picked":"Stack+1","floor":23},{"not_picked":["Loop","Meteor Strike","White Noise"],"picked":"SKIP","floor":25},{"not_picked":["Turbo","Steam"],"picked":"Conserve Battery+1","floor":27},{"not_picked":["Consume","Stack+1","Steam Power"],"picked":"SKIP","floor":27},{"not_picked":["Redo","Sweeping Beam"],"picked":"Aggregate","floor":29},{"not_picked":["Redo","Reinforced Body","Go for the Eyes"],"picked":"SKIP","floor":29}],"player_experience":151396,"relics_obtained":[{"floor":7,"key":"Bottled Flame"},{"floor":9,"key":"Prayer Wheel"},{"floor":11,"key":"Ornamental Fan"},{"floor":23,"key":"Du-Vu Doll"},{"floor":25,"key":"Ancient Tea Set"},{"floor":26,"key":"Cables"}],"event_choices":[{"damage_healed":0,"gold_gain":0,"player_choice":"Ignored","damage_taken":0,"max_hp_gain":0,"max_hp_loss":0,"event_name":"Liars Game","floor":12,"gold_loss":0},{"damage_healed":0,"gold_gain":0,"player_choice":"Grow","damage_taken":0,"max_hp_gain":0,"max_hp_loss":0,"event_name":"Living Wall","floor":13,"gold_loss":0,"cards_upgraded":["Go for the Eyes"]},{"cards_removed":["Strike_B"],"damage_healed":0,"gold_gain":0,"player_choice":"Gave Gold","damage_taken":0,"max_hp_gain":0,"max_hp_loss":0,"event_name":"Beggar","floor":19,"gold_loss":75},{"damage_healed":0,"gold_gain":200,"player_choice":"Gold","damage_taken":0,"max_hp_gain":0,"max_hp_loss":0,"event_name":"Wheel of Change","floor":22,"gold_loss":0},{"damage_healed":0,"gold_gain":0,"player_choice":"Ignored","damage_taken":0,"max_hp_gain":0,"max_hp_loss":0,"event_name":"Cursed Tome","floor":28,"gold_loss":0}],"is_beta":false,"boss_relics":[{"not_picked":["Lizard Tail","White Beast Statue"],"picked":"Astrolabe"}],"items_purged_floors":[21],"is_endless":false,"potions_floor_spawned":[1,3,4,10,16,23,25,27],"killed_by":"Centurion and Healer","ascension_level":6}