{"gold_per_floor":[111,127,77,77,97,128,128,128,128,128,138,138,138,152,152,257,257,274,89,188,200,200,200,219,219,219,219,231,249,249,269,269,367,367,381,481,493,493,493,493],"floor_reached":40,"playtime":1260,"items_purged":[],"score":585,"play_id":"ba78daee-cf7a-4ea2-8d7b-065f1a860d25","local_time":"20190224125756","is_ascension_mode":true,"campfire_choices":[{"data":"Sunder","floor":7,"key":"SMITH"},{"floor":12,"key":"REST"},{"data":"Defragment","floor":15,"key":"SMITH"},{"data":"Echo Form","floor":23,"key":"SMITH"},{"floor":25,"key":"REST"},{"data":"Dualcast","floor":27,"key":"SMITH"},{"floor":32,"key":"REST"}],"neow_cost":"NONE","seed_source_timestamp":169507341642300,"circlet_count":0,"master_deck":["Strike_B","Defend_B","Defend_B","Defend_B","Defend_B","Zap+1","Dualcast+1","Gash","Gash","Melter","Sunder+1","Coolheaded","Defragment+1","All For One","Scrape","Gash","Echo Form+1","Skim","Beam Cell","Gash+1","Core Surge","Steam","Hologram","Chill","Rebound","Mayhem"],"relics":["Cracked Core","Blood Vial","Turnip","Sundial","Happy Flower","Empty Cage","Ancient Tea Set","Bottled Lightning","Fusion Hammer","Prayer Wheel"],"potions_floor_usage":[16,29,31,31,33,40,40],"damage_taken":[{"damage":2,"enemies":"Jaw Worm","floor":1,"turns":4},{"damage":0,"enemies":"Small Slimes","floor":2,"turns":3},{"damage":1,"enemies":"Cultist","floor":5,"turns":3},{"damage":25,"enemies":"Lagavulin","floor":6,"turns":5},{"damage":24,"enemies":"Exordium Thugs","floor":11,"turns":3},{"damage":11,"enemies":"Looter","floor":14,"turns":2},{"damage":24,"enemies":"Slime Boss","floor":16,"turns":9},{"damage":0,"enemies":"Spheric Guardian","floor":18,"turns":1},{"damage":10,"enemies":"Chosen","floor":21,"turns":4},{"damage":24,"enemies":"Centurion and Healer","floor":24,"turns":5},{"damage":10,"enemies":"3 Cultists","floor":28,"turns":5},{"damage":4,"enemies":"Snake Plant","floor":29,"turns":4},{"damage":18,"enemies":"Shelled Parasite and Fungi","floor":31,"turns":2},{"damage":20,"enemies":"Automaton","floor":33,"turns":6},{"damage":17,"enemies":"Orb Walker","floor":35,"turns":3},{"damage":12,"enemies":"Mind Bloom Boss Battle","floor":36,"turns":6},{"damage":33,"enemies":"3 Darklings","floor":37,"turns":5},{"damage":23,"enemies":"Giant Head","floor":40,"turns":5}],"seed_played":"6693468393618473627","potions_obtained":[{"floor":1,"key":"SpeedPotion"},{"floor":4,"key":"AttackPotion"},{"floor":4,"key":"GamblersBrew"},{"floor":14,"key":"SkillPotion"},{"floor":16,"key":"SkillPotion"},{"floor":29,"key":"AttackPotion"},{"floor":31,"key":"Fire Potion"},{"floor":35,"key":"Energy Potion"},{"floor":37,"key":"GamblersBrew"}],"is_trial":false,"path_per_floor":["M","M","?","?","M","E","R","T","T","?","M","R","$","M","R","B",null,"M","$","?","M","?","R","M","R","T","R","M","M","T","M","R","B",null,"M","?","M","?","?","E"],"character_chosen":"DEFECT","items_purchased":["Gash","Echo Form"],"campfire_rested":3,"item_purchase_floors":[19,19],"current_hp_per_floor":[68,70,70,70,71,48,48,48,48,53,31,55,55,46,46,24,66,68,68,68,60,60,60,38,62,62,62,54,52,52,36,60,42,71,56,46,15,15,15,0],"gold":493,"neow_bonus":"RANDOM_COMMON_RELIC","is_prod":false,"is_daily":false,"chose_seed":false,"campfire_upgraded":4,"win_rate":0,"timestamp":1551031076,"path_taken":["M","M","?","?","?","E","R","?","T","?","M","R","$","M","R","BOSS","M","$","?","M","?","R","?","R","T","R","M","M","?","M","R","BOSS","M","?","M","?","?","E"],"build_version":"2019-01-23","purchased_purges":0,"victory":false,"max_hp_per_floor":[75,75,75,75,75,75,75,75,75,80,80,80,80,80,80,80,80,80,80,80,80,80,80,80,80,80,80,80,80,80,80,80,80,80,80,80,80,80,80,80],"card_choices":[{"not_picked":["Capacitor","White Noise"],"picked":"Gash","floor":1},{"not_picked":["Sweeping Beam","Hello World"],"picked":"Gash","floor":2},{"not_picked":["Redo","Cold Snap"],"picked":"Melter","floor":5},{"not_picked":["Undo","Loop"],"picked":"Sunder","floor":6},{"not_picked":["Consume","Conserve Battery"],"picked":"Coolheaded","floor":11},{"not_picked":["Glacier","Double Energy"],"picked":"Defragment","floor":14},{"not_picked":["Electrodynamics","Amplify"],"picked":"All For One","floor":16},{"not_picked":["Compile Driver","Barrage"],"picked":"Scrape","floor":18},{"not_picked":["Auto Shields","Cold Snap","Turbo"],"picked":"SKIP","floor":21},{"not_picked":["Streamline","Loop"],"picked":"Skim","floor":24},{"not_picked":["Auto Shields","Compile Driver+1"],"picked":"Beam Cell","floor":28},{"not_picked":["Reboot","Redo"],"picked":"Gash+1","floor":29},{"not_picked":["Consume","Leap","Doom and Gloom"],"picked":"SKIP","floor":31},{"not_picked":["Electrodynamics","Rainbow"],"picked":"Core Surge","floor":33},{"not_picked":["Hologram+1","Beam Cell"],"picked":"Steam","floor":35},{"not_picked":["Go for the Eyes","Sweeping Beam+1"],"picked":"Hologram","floor":36},{"not_picked":["Hyperbeam","Force Field"],"picked":"Chill","floor":37},{"not_picked":["Rebound","Turbo+1","Barrage"],"picked":"SKIP","floor":37},{"not_picked":["Turbo+1","Barrage"],"picked":"Rebound","floor":37},{"not_picked":["Jack Of All Trades","Good Instincts"],"picked":"Mayhem","floor":38}],"player_experience":481308,"relics_obtained":[{"floor":6,"key":"Turnip"},{"floor":8,"key":"Sundial"},{"floor":9,"key":"Happy Flower"},{"floor":26,"key":"Ancient Tea Set"},{"floor":30,"key":"Bottled Lightning"},{"floor":36,"key":"Prayer Wheel"}],"event_choices":[{"cards_removed":["Strike_B"],"damage_healed":0,"gold_gain":0,"player_choice":"Card Removal","damage_taken":0,"max_hp_gain":0,"max_hp_loss":0,"event_name":"The Cleric","floor":3,"gold_loss":50},{"damage_healed":0,"gold_gain":0,"player_choice":"Got Potions","damage_taken":0,"max_hp_gain":0,"max_hp_loss":0,"event_name":"Lab","floor":4,"gold_loss":0},{"damage_healed":0,"gold_gain":0,"player_choice":"Donut","damage_taken":0,"max_hp_gain":5,"max_hp_loss":0,"event_name":"Big Fish","floor":10,"gold_loss":0},{"damage_healed":0,"gold_gain":99,"player_choice":"Stole From Cult","damage_taken":0,"max_hp_gain":0,"max_hp_loss":0,"event_name":"Nest","floor":20,"gold_loss":0},{"damage_healed":0,"gold_gain":0,"player_choice":"Forge","damage_taken":0,"max_hp_gain":0,"max_hp_loss":0,"event_name":"Accursed Blacksmith","floor":22,"gold_loss":0,"cards_upgraded":["Zap"]},{"damage_healed":0,"gold_gain":0,"player_choice":"Fight","damage_taken":0,"max_hp_gain":0,"max_hp_loss":0,"event_name":"MindBloom","floor":36,"gold_loss":0},{"damage_healed":0,"gold_gain":0,"player_choice":"Memory 1","damage_taken":0,"max_hp_gain":0,"max_hp_loss":0,"event_name":"SensoryStone","floor":38,"gold_loss":0},{"damage_healed":0,"gold_gain":0,"player_choice":"Ignored","damage_taken":0,"max_hp_gain":0,"max_hp_loss":0,"event_name":"Mysterious Sphere","floor":39,"gold_loss":0}],"is_beta":false,"boss_relics":[{"not_picked":["Orrery","Lizard Tail"],"picked":"Empty Cage"},{"not_picked":["Busted Crown","Pandora\u0027s Box"],"picked":"Fusion Hammer"}],"items_purged_floors":[],"is_endless":false,"potions_floor_spawned":[1,14,16,18,21,29,31,35,37],"killed_by":"Giant Head","ascension_level":9}