{"gold_per_floor":[115,115,15,41,57,57,87,262,287,305,380,380,409,50,50,147,147,162,177,177,189,114,142,162,162,162,162,177,212,222,222,222,321,321,332,282,282,282,295,327,342,342,342,367,277,227,260,260,260,260],"floor_reached":51,"playtime":2409,"items_purged":["Strike_R","Strike_R","Clumsy","Strike_R"],"score":804,"play_id":"32c52c1d-dced-4786-9fbb-f38c3ef8b813","local_time":"20190127153650","is_ascension_mode":false,"campfire_choices":[{"data":"Armaments","floor":6.0,"key":"SMITH"},{"floor":12,"key":"REST"},{"data":"Body Slam","floor":15,"key":"SMITH"},{"floor":27,"key":"REST"},{"data":"Demon Form","floor":32,"key":"SMITH"},{"data":"Shockwave","floor":42,"key":"SMITH"},{"floor":49,"key":"REST"}],"neow_cost":"NONE","seed_source_timestamp":0,"circlet_count":0,"master_deck":["Strike_R","Defend_R","Defend_R","Defend_R","Defend_R","Bash","Armaments+1","Thunderclap+1","Shrug It Off","Shockwave+1","Body Slam+1","Demon Form+1","True Grit+1","Clothesline","Intimidate","Shrug It Off+1","Dropkick","Iron Wave","Juggernaut","Ghostly Armor+1","Dramatic Entrance","Body Slam+1","Ghostly Armor","True Grit+1"],"special_seed":0,"relics":["Burning Blood","Strawberry","Paper Frog","Oddly Smooth Stone","Potion Belt","Mummified Hand","Sozu","Omamori","Ancient Tea Set","Smiling Mask","MutagenicStrength","Calling Bell","Regal Pillow","Frozen Egg 2","Incense Burner","Red Skull","Juzu Bracelet","Darkstone Periapt"],"potions_floor_usage":[50,50,50],"damage_taken":[{"damage":2.0,"enemies":"2 Louse","floor":1.0,"turns":4.0},{"damage":9.0,"enemies":"Cultist","floor":5.0,"turns":4.0},{"damage":31.0,"enemies":"Gremlin Nob","floor":7.0,"turns":6.0},{"damage":10,"enemies":"Small Slimes","floor":10,"turns":4},{"damage":21,"enemies":"3 Sentries","floor":13,"turns":9},{"damage":16,"enemies":"The Guardian","floor":16,"turns":13},{"damage":18,"enemies":"Spheric Guardian","floor":18,"turns":5},{"damage":0,"enemies":"Chosen","floor":19,"turns":4},{"damage":8,"enemies":"Centurion and Healer","floor":21,"turns":5},{"damage":27,"enemies":"Book of Stabbing","floor":23,"turns":6},{"damage":17,"enemies":"Sentry and Sphere","floor":24,"turns":6},{"damage":11,"enemies":"Snake Plant","floor":28,"turns":5},{"damage":27,"enemies":"Slavers","floor":29,"turns":7},{"damage":0,"enemies":"Snecko","floor":30,"turns":7},{"damage":49,"enemies":"Automaton","floor":33,"turns":10},{"damage":10,"enemies":"3 Darklings","floor":35,"turns":7},{"damage":0,"enemies":"3 Shapes","floor":39,"turns":5},{"damage":0,"enemies":"Nemesis","floor":40,"turns":7},{"damage":7,"enemies":"Writhing Mass","floor":41,"turns":7},{"damage":40,"enemies":"Reptomancer","floor":44,"turns":7},{"damage":4,"enemies":"Giant Head","floor":47,"turns":8},{"damage":70,"enemies":"Time Eater","floor":50,"turns":14}],"seed_played":"-2616517602939066083","potions_obtained":[{"floor":1.0,"key":"Weak Potion"},{"floor":2.0,"key":"Block Potion"},{"floor":2.0,"key":"SkillPotion"},{"floor":13,"key":"Strength Potion"}],"is_trial":false,"path_per_floor":["?","T","?","?","?","?","?","M","?","?","?","M","?","?"],"character_chosen":"IRONCLAD","items_purchased":["Shrug It Off","Mummified Hand"],"campfire_rested":3,"item_purchase_floors":[3,14],"current_hp_per_floor":[80,80,80,87,84,84,59,59,59,55,44,70,55,55,55,45,87,75,81,81,79,79,58,47,47,47,73,68,47,53,53,53,10,87,83,83,83,83,87,87,86,86,86,52,52,52,54,54,87,23],"gold":260,"neow_bonus":"THREE_CARDS","is_prod":false,"is_daily":false,"chose_seed":false,"campfire_upgraded":4,"win_rate":0.0,"timestamp":1548632210,"path_taken":["M","?","$","?","M","R","E","?","T","M","?","R","E","$","R","BOSS","M","M","?","M","?","E","M","?","T","R","M","E","?","?","R","BOSS","M","$","?","?","M","E","?","R","T","E","?","$","E","?","R","BOSS"],"build_version":"2019-01-23","purchased_purges":4,"victory":true,"max_hp_per_floor":[80,80,80,87,87,87,87,87,87,87,87,87,87,87,87,87,87,87,87,87,87,87,87,87,87,87,87,87,87,87,87,87,87,87,87,87,87,87,87,87,87,87,87,87,87,87,87,87,87,87],"card_choices":[{"not_picked":["Dual Wield","Clash"],"picked":"Armaments","floor":0.0},{"not_picked":["Hemokinesis","Cleave"],"picked":"Thunderclap","floor":1.0},{"not_picked":["Clash","Flex"],"picked":"Shockwave","floor":5.0},{"not_picked":["Thunderclap","Anger","Clothesline"],"picked":"SKIP","floor":7.0},{"not_picked":["Pommel Strike","Heavy Blade"],"picked":"Iron Wave","floor":10},{"not_picked":["Cleave","Fire Breathing"],"picked":"Body Slam","floor":13},{"not_picked":["Berserk","Reaper"],"picked":"Demon Form","floor":16},{"not_picked":["Sword Boomerang","Anger","Perfected Strike+1"],"picked":"SKIP","floor":18},{"not_picked":["Flex","Perfected Strike"],"picked":"True Grit+1","floor":19},{"not_picked":["Sword Boomerang","Anger"],"picked":"Clothesline","floor":21},{"not_picked":["Feel No Pain","Hemokinesis+1"],"picked":"Intimidate","floor":23},{"not_picked":["Searing Blow+1","Clash+1","Brutality"],"picked":"SKIP","floor":24},{"not_picked":["Burning Pact+1","Sword Boomerang"],"picked":"Shrug It Off+1","floor":28},{"not_picked":["Uppercut+1","Double Tap"],"picked":"Dropkick","floor":29},{"not_picked":["Entrench","Warcry+1"],"picked":"Iron Wave","floor":30},{"not_picked":["Fiend Fire","Offering"],"picked":"Juggernaut","floor":33},{"not_picked":["Pommel Strike","Rampage+1"],"picked":"Ghostly Armor+1","floor":35},{"not_picked":["Panacea","Blind"],"picked":"Dramatic Entrance","floor":37},{"not_picked":["Clash","Perfected Strike+1"],"picked":"Ghostly Armor","floor":39},{"not_picked":["Brutality+1","Clash+1","Clothesline+1"],"picked":"SKIP","floor":40},{"not_picked":["Metallicize+1","Cleave"],"picked":"True Grit+1","floor":41},{"not_picked":["Rampage+1","Searing Blow+1","Thunderclap"],"picked":"SKIP","floor":44},{"not_picked":["Flex","Body Slam","Power Through"],"picked":"SKIP","floor":47}],"player_experience":9577,"relics_obtained":[{"floor":4.0,"key":"Strawberry"},{"floor":7.0,"key":"Paper Frog"},{"floor":9.0,"key":"Oddly Smooth Stone"},{"floor":13,"key":"Potion Belt"},{"floor":23,"key":"Omamori"},{"floor":26,"key":"Ancient Tea Set"},{"floor":29,"key":"Smiling Mask"},{"floor":34,"key":"Regal Pillow"},{"floor":34,"key":"Frozen Egg 2"},{"floor":34,"key":"Incense Burner"},{"floor":40,"key":"Red Skull"},{"floor":44,"key":"Juzu Bracelet"},{"floor":47,"key":"Darkstone Periapt"}],"event_choices":[{"damage_healed":0.0,"max_hp_gain":0.0,"max_hp_loss":0.0,"gold_gain":0.0,"event_name":"Lab","player_choice":"Got Potions","floor":2.0,"gold_loss":0.0,"damage_taken":0.0},{"damage_healed":0.0,"max_hp_gain":0.0,"max_hp_loss":0.0,"gold_gain":175.0,"event_name":"Liars Game","player_choice":"AGREE","floor":8.0,"gold_loss":0.0,"damage_taken":0.0,"cards_obtained":["Doubt"]},{"damage_healed":0,"gold_gain":75,"player_choice":"Gather Gold","damage_taken":11,"max_hp_gain":0,"max_hp_loss":0,"event_name":"World of Goop","floor":11,"gold_loss":0},{"damage_healed":0,"gold_gain":0,"player_choice":"Ignored","damage_taken":0,"max_hp_gain":0,"max_hp_loss":0,"event_name":"Vampires","floor":20,"gold_loss":0},{"cards_removed":["Doubt"],"damage_healed":0,"gold_gain":0,"player_choice":"Gave Gold","damage_taken":0,"max_hp_gain":0,"max_hp_loss":0,"event_name":"Beggar","floor":22,"gold_loss":75},{"damage_healed":0,"gold_gain":0,"cards_transformed":["Strike_R"],"player_choice":"Transformed","damage_taken":0,"max_hp_gain":0,"max_hp_loss":0,"event_name":"Transmorgrifier","floor":25,"gold_loss":0,"cards_obtained":["Flex"]},{"damage_healed":0,"gold_gain":0,"player_choice":"Inject Mutagens","damage_taken":0,"relics_obtained":["MutagenicStrength"],"max_hp_gain":0,"max_hp_loss":0,"event_name":"Drug Dealer","floor":31,"gold_loss":0},{"damage_healed":0,"gold_gain":0,"player_choice":"Memory 1","damage_taken":0,"max_hp_gain":0,"max_hp_loss":0,"event_name":"SensoryStone","floor":37,"gold_loss":0},{"damage_healed":0,"gold_gain":0,"player_choice":"Copied","damage_taken":0,"max_hp_gain":0,"max_hp_loss":0,"event_name":"Duplicator","floor":38,"gold_loss":0,"cards_obtained":["Body Slam"]},{"cards_removed":["Flex"],"damage_healed":0,"gold_gain":0,"player_choice":"Upgrade and Remove","damage_taken":0,"max_hp_gain":0,"max_hp_loss":0,"event_name":"Designer","floor":45,"gold_loss":90,"cards_upgraded":["Thunderclap"]},{"cards_removed":["Iron Wave"],"damage_healed":0,"gold_gain":0,"player_choice":"Removed Attack","damage_taken":0,"max_hp_gain":0,"max_hp_loss":0,"event_name":"Falling","floor":48,"gold_loss":0}],"is_beta":false,"boss_relics":[{"not_picked":["Snecko Eye","Astrolabe"],"picked":"Sozu"},{"not_picked":["Runic Dome","Black Blood"],"picked":"Calling Bell"}],"items_purged_floors":[3,14,36,46],"is_endless":false,"potions_floor_spawned":[1,5,13,21,24,28,39,41,44],"ascension_level":0}