{"gold_per_floor":[119,119,132,151,226,261,61,77,77,105,133,95,107,139,151,260,272,272,272,272,272,172,172,172,172,172,172,172,172,172,172,172,172],"floor_reached":33,"playtime":5368,"items_purged":["Strike_B","Strike_B"],"score":334,"play_id":"50bf350c-1833-48e7-8e48-5cc0bd79a38e","local_time":"20190322163544","is_ascension_mode":true,"campfire_choices":[{"data":"Go for the Eyes","floor":13,"key":"SMITH"},{"data":"Go for the Eyes","floor":15,"key":"SMITH"},{"data":"Consume","floor":23,"key":"SMITH"},{"data":"Self Repair","floor":25,"key":"SMITH"},{"data":"Rainbow","floor":32,"key":"SMITH"}],"neow_cost":"NONE","seed_source_timestamp":208041305337595,"circlet_count":0,"master_deck":["Strike_B","Defend_B","Defend_B","Defend_B","Defend_B","Zap+1","Dualcast","Streamline","Sweeping Beam","Steam","Self Repair+1","Go for the Eyes+1","BootSequence","Cold Snap","Go for the Eyes+1","Chill","Rainbow+1","Consume+1","Ball Lightning","Leap+1","Compile Driver","Ghostly","Ghostly","Ghostly","Ghostly","Ghostly","Leap","Rebound"],"relics":["Cracked Core","Boot","MawBank","Ectoplasm","MutagenicStrength","Bottled Flame","Darkstone Periapt","Gremlin Horn"],"potions_floor_usage":[6,16,16,18,33],"damage_taken":[{"damage":0,"enemies":"2 Louse","floor":1,"turns":2},{"damage":1,"enemies":"Jaw Worm","floor":3,"turns":3},{"damage":2,"enemies":"Small Slimes","floor":4,"turns":2},{"damage":20,"enemies":"Lagavulin","floor":6,"turns":6},{"damage":0,"enemies":"Looter","floor":8,"turns":3},{"damage":0,"enemies":"Red Slaver","floor":10,"turns":4},{"damage":0,"enemies":"2 Fungi Beasts","floor":11,"turns":2},{"damage":2,"enemies":"Blue Slaver","floor":14,"turns":3},{"damage":30,"enemies":"Hexaghost","floor":16,"turns":12},{"damage":0,"enemies":"3 Byrds","floor":18,"turns":3},{"damage":13,"enemies":"Spheric Guardian","floor":20,"turns":4},{"damage":11,"enemies":"3 Cultists","floor":24,"turns":6},{"damage":0,"enemies":"Shelled Parasite and Fungi","floor":29,"turns":6},{"damage":0,"enemies":"Book of Stabbing","floor":30,"turns":7},{"damage":3,"enemies":"Centurion and Healer","floor":31,"turns":9},{"damage":46,"enemies":"Automaton","floor":33,"turns":10}],"seed_played":"-1839237507738187860","potions_obtained":[{"floor":4,"key":"FearPotion"},{"floor":6,"key":"Explosive Potion"},{"floor":11,"key":"GamblersBrew"},{"floor":16,"key":"Ancient Potion"},{"floor":18,"key":"Poison Potion"},{"floor":20,"key":"Strength Potion"},{"floor":24,"key":"FocusPotion"},{"floor":29,"key":"Energy Potion"}],"is_trial":false,"path_per_floor":["?","?","?","?","?","?","T"],"character_chosen":"DEFECT","items_purchased":["Go for the Eyes","EssenceOfSteel"],"campfire_rested":0,"item_purchase_floors":[7,7],"current_hp_per_floor":[82,82,81,79,68,48,48,55,55,62,69,69,69,74,74,51,82,82,82,76,76,76,76,72,72,72,41,41,41,41,41,41,0],"gold":172,"neow_bonus":"TEN_PERCENT_HP_BONUS","is_prod":false,"is_daily":false,"chose_seed":false,"campfire_upgraded":5,"win_rate":0,"timestamp":1553272544,"path_taken":["M","?","M","M","?","E","$","M","T","M","M","?","R","M","R","BOSS","M","?","M","?","$","R","M","R","T","?","?","M","E","M","R","BOSS"],"build_version":"2019-01-23","purchased_purges":2,"victory":false,"max_hp_per_floor":[82,82,82,82,82,82,82,82,82,82,82,82,82,82,82,82,82,82,82,82,82,82,82,82,82,82,41,41,41,41,41,41,41],"card_choices":[{"not_picked":["Darkness","Steam Power"],"picked":"Streamline","floor":1},{"not_picked":["FTL","Redo"],"picked":"Sweeping Beam","floor":3},{"not_picked":["Genetic Algorithm","Hologram"],"picked":"Steam","floor":4},{"not_picked":["Genetic Algorithm","All For One"],"picked":"Self Repair","floor":6},{"not_picked":["Compile Driver","Static Discharge"],"picked":"BootSequence","floor":8},{"not_picked":["Gash","Hello World"],"picked":"Cold Snap","floor":10},{"not_picked":["Undo","Streamline"],"picked":"Go for the Eyes","floor":11},{"not_picked":["Heatsinks","Streamline"],"picked":"Chill","floor":14},{"not_picked":["Seek","All For One"],"picked":"Rainbow","floor":16},{"not_picked":["Static Discharge","Leap"],"picked":"Consume","floor":18},{"not_picked":["Ball Lightning","Undo+1"],"picked":"Leap+1","floor":20},{"not_picked":["Glacier","Gash+1"],"picked":"Compile Driver","floor":24},{"not_picked":["Rebound","Barrage+1"],"picked":"Leap","floor":29},{"not_picked":["Steam","Force Field","Steam Power"],"picked":"SKIP","floor":30},{"not_picked":["Lockon","Beam Cell"],"picked":"Rebound","floor":31}],"player_experience":268552,"relics_obtained":[{"floor":6,"key":"Boot"},{"floor":9,"key":"MawBank"},{"floor":26,"key":"Bottled Flame"},{"floor":28,"key":"Darkstone Periapt"},{"floor":30,"key":"Gremlin Horn"}],"event_choices":[{"damage_healed":0,"gold_gain":0,"player_choice":"Grow","damage_taken":0,"max_hp_gain":0,"max_hp_loss":0,"event_name":"Living Wall","floor":2,"gold_loss":0,"cards_upgraded":["Zap"]},{"damage_healed":0,"gold_gain":75,"player_choice":"Gather Gold","damage_taken":11,"max_hp_gain":0,"max_hp_loss":0,"event_name":"World of Goop","floor":5,"gold_loss":0},{"cards_removed":["Strike_B"],"damage_healed":0,"gold_gain":0,"player_choice":"Card Removal","damage_taken":0,"max_hp_gain":0,"max_hp_loss":0,"event_name":"The Cleric","floor":12,"gold_loss":50},{"damage_healed":0,"gold_gain":0,"player_choice":"Read","damage_taken":0,"max_hp_gain":0,"max_hp_loss":0,"event_name":"The Library","floor":19,"gold_loss":0,"cards_obtained":["Ball Lightning"]},{"damage_healed":0,"gold_gain":0,"player_choice":"Inject Mutagens","damage_taken":0,"relics_obtained":["MutagenicStrength"],"max_hp_gain":0,"max_hp_loss":0,"event_name":"Drug Dealer","floor":21,"gold_loss":0},{"damage_healed":0,"gold_gain":0,"player_choice":"Became a Ghost","damage_taken":0,"max_hp_gain":0,"max_hp_loss":41,"event_name":"Ghosts","floor":27,"gold_loss":0,"cards_obtained":["Ghostly","Ghostly","Ghostly","Ghostly","Ghostly"]}],"is_beta":false,"boss_relics":[{"not_picked":["Calling Bell","Black Star"],"picked":"Ectoplasm"}],"items_purged_floors":[7,22],"is_endless":false,"potions_floor_spawned":[4,6,11,14,16,18,20,24,29],"killed_by":"Automaton","ascension_level":1}