{"gold_per_floor":[20,20,34,34,34,34,66,66,66,85,85,58,58,93,93,188,238,256,181,17,29,6,33,33,33,33,63,77,77,26,26,26,26],"floor_reached":33,"playtime":1226,"items_purged":["Strike_B"],"score":369,"play_id":"d138bcc0-2358-44e7-b8d0-f275b0bd4e25","local_time":"20190129131929","is_ascension_mode":true,"campfire_choices":[{"floor":6.0,"key":"REST"},{"floor":8.0,"key":"REST"},{"data":"Gash","floor":13.0,"key":"SMITH"},{"floor":15.0,"key":"REST"},{"floor":24.0,"key":"REST"},{"data":"Defragment","floor":29.0,"key":"SMITH"},{"floor":32.0,"key":"REST"}],"neow_cost":"NO_GOLD","seed_source_timestamp":410138826705492,"circlet_count":0,"master_deck":["Strike_B+1","Strike_B+1","Defend_B+1","Defend_B+1","Defend_B+1","Defend_B+1","Zap","Dualcast+1","Rebound","Gash+1","Conserve Battery+1","Cold Snap","Electrodynamics+1","Rebound","Coolheaded","Streamline","Gash","Defragment+1","All For One","Doom and Gloom","Go for the Eyes","Steam","Hello World","Sweeping Beam","Go for the Eyes","Lockon","Stack","BootSequence+1","Go for the Eyes","Redo","Rebound+1","Cold Snap","Conserve Battery","Necronomicurse","Steam+1"],"special_seed":0,"relics":["Cracked Core","Prayer Wheel","Lantern","Mummified Hand","Dream Catcher","Bottled Tornado","Tiny House","Bag of Preparation","Darkstone Periapt","Letter Opener","Necronomicon"],"potions_floor_usage":[33],"damage_taken":[{"damage":7.0,"enemies":"Jaw Worm","floor":1.0,"turns":2.0},{"damage":4.0,"enemies":"Small Slimes","floor":3.0,"turns":3.0},{"damage":6.0,"enemies":"3 Sentries","floor":7.0,"turns":8.0},{"damage":0.0,"enemies":"2 Louse","floor":10.0,"turns":1.0},{"damage":35.0,"enemies":"Lagavulin","floor":14.0,"turns":4.0},{"damage":15.0,"enemies":"Hexaghost","floor":16.0,"turns":9.0},{"damage":3.0,"enemies":"Spheric Guardian","floor":18.0,"turns":3.0},{"damage":0.0,"enemies":"3 Byrds","floor":21.0,"turns":2.0},{"damage":50.0,"enemies":"Book of Stabbing","floor":23.0,"turns":5.0},{"damage":10.0,"enemies":"Slavers","floor":27.0,"turns":3.0},{"damage":3.0,"enemies":"Centurion and Healer","floor":28.0,"turns":2.0},{"damage":58,"enemies":"Automaton","floor":33,"turns":6}],"seed_played":"-3211233354155011796","potions_obtained":[{"floor":10.0,"key":"Poison Potion"},{"floor":14.0,"key":"SpeedPotion"},{"floor":16.0,"key":"Ancient Potion"},{"floor":17.0,"key":"GamblersBrew"},{"floor":27.0,"key":"FearPotion"}],"is_trial":false,"path_per_floor":["M","?","M","?","?","R","E","R","T","M","?","$","R","E","R","B",null,"M","?","$","M","$","E","R","?","T","E","M","R","$","?","R","B"],"character_chosen":"DEFECT","items_purchased":["Streamline","Hello World","Sweeping Beam","Stack","Conserve Battery"],"campfire_rested":5,"item_purchase_floors":[12,20,20,22,30],"current_hp_per_floor":[68,53,49,16,16,38,32,54,54,54,54,54,54,19,41,26,80,77,77,77,77,77,27,51,51,51,41,38,38,38,28,53,0],"gold":26,"neow_bonus":"ONE_RARE_RELIC","is_prod":false,"is_daily":false,"chose_seed":false,"campfire_upgraded":2,"win_rate":0,"timestamp":1548785969,"path_taken":["M","?","M","?","?","R","E","R","T","M","?","$","R","E","R","BOSS","M","?","$","M","$","E","R","?","T","E","M","R","$","?","R","BOSS"],"build_version":"2019-01-23","purchased_purges":1,"victory":false,"max_hp_per_floor":[75,75,75,75,75,75,75,75,75,75,75,75,75,75,75,75,80,80,80,80,80,80,80,80,80,80,80,80,80,80,86,86,86],"card_choices":[{"not_picked":["Conserve Battery","Turbo"],"picked":"Rebound","floor":1.0},{"not_picked":["Conserve Battery","Coolheaded"],"picked":"Gash","floor":1.0},{"not_picked":["Stack","Coolheaded"],"picked":"Conserve Battery","floor":3.0},{"not_picked":["Reprogram","Self Repair"],"picked":"Cold Snap","floor":3.0},{"not_picked":["Gash","Lockon"],"picked":"Electrodynamics","floor":7.0},{"not_picked":["Hologram","Fusion"],"picked":"Rebound","floor":10.0},{"not_picked":["Lockon","Barrage"],"picked":"Coolheaded","floor":10.0},{"not_picked":["Undo","Steam"],"picked":"Gash","floor":14.0},{"not_picked":["Cold Snap","Barrage"],"picked":"Defragment","floor":15.0},{"not_picked":["Machine Learning","Creative AI"],"picked":"All For One","floor":16.0},{"not_picked":["Conserve Battery","Chill"],"picked":"Doom and Gloom","floor":17.0},{"not_picked":["Compile Driver","White Noise"],"picked":"Go for the Eyes","floor":18.0},{"not_picked":["Ball Lightning","Skim"],"picked":"Steam","floor":18.0},{"not_picked":["Barrage","Turbo"],"picked":"Go for the Eyes","floor":21.0},{"not_picked":["Fusion+1","Thunder Strike"],"picked":"Lockon","floor":21.0},{"not_picked":["Coolheaded","Lockon"],"picked":"BootSequence+1","floor":23.0},{"not_picked":["Redo","BootSequence"],"picked":"Go for the Eyes","floor":24.0},{"not_picked":["Blizzard+1","Recycle+1"],"picked":"Redo","floor":27.0},{"not_picked":["Skim","Ball Lightning"],"picked":"Rebound+1","floor":28.0},{"not_picked":["Auto Shields","Go for the Eyes"],"picked":"Cold Snap","floor":28.0},{"not_picked":["Glacier+1","Beam Cell"],"picked":"Steam+1","floor":32.0}],"player_experience":160209,"relics_obtained":[{"floor":7.0,"key":"Mummified Hand"},{"floor":9.0,"key":"Dream Catcher"},{"floor":14.0,"key":"Bottled Tornado"},{"floor":23.0,"key":"Bag of Preparation"},{"floor":26.0,"key":"Darkstone Periapt"},{"floor":27.0,"key":"Letter Opener"},{"floor":31.0,"key":"Necronomicon"}],"event_choices":[{"damage_healed":0.0,"max_hp_gain":0.0,"max_hp_loss":0.0,"gold_gain":0.0,"event_name":"Shining Light","player_choice":"Entered Light","floor":2.0,"gold_loss":0.0,"damage_taken":15.0,"cards_upgraded":["Defend_B","Dualcast"]},{"damage_healed":0.0,"max_hp_gain":0.0,"max_hp_loss":0.0,"gold_gain":0.0,"event_name":"Scrap Ooze","player_choice":"Success","floor":4.0,"gold_loss":0.0,"damage_taken":33.0,"relics_obtained":["Lantern"]},{"damage_healed":0.0,"max_hp_gain":0.0,"max_hp_loss":0.0,"gold_gain":0.0,"event_name":"Living Wall","player_choice":"Grow","floor":5.0,"gold_loss":0.0,"damage_taken":0.0,"cards_upgraded":["Conserve Battery"]},{"damage_healed":0.0,"max_hp_gain":0.0,"max_hp_loss":0.0,"gold_gain":0.0,"event_name":"Upgrade Shrine","player_choice":"Upgraded","floor":11.0,"gold_loss":0.0,"damage_taken":0.0,"cards_upgraded":["Electrodynamics"]},{"cards_removed":["Strike_B"],"damage_healed":0.0,"max_hp_gain":0.0,"max_hp_loss":0.0,"gold_gain":0.0,"event_name":"Beggar","player_choice":"Gave Gold","floor":19.0,"gold_loss":75.0,"damage_taken":0.0},{"damage_healed":0.0,"max_hp_gain":0.0,"max_hp_loss":0.0,"gold_gain":0.0,"event_name":"Back to Basics","player_choice":"Simplicity","floor":25.0,"gold_loss":0.0,"damage_taken":0.0,"cards_upgraded":["Strike_B","Defend_B","Defend_B","Defend_B"]},{"damage_healed":0.0,"max_hp_gain":0.0,"max_hp_loss":0.0,"gold_gain":0.0,"event_name":"Cursed Tome","player_choice":"Obtained Book","floor":31.0,"gold_loss":0.0,"damage_taken":16.0}],"is_beta":false,"boss_relics":[{"not_picked":["Orrery","Nuclear Battery"],"picked":"Tiny House"}],"items_purged_floors":[20],"is_endless":false,"potions_floor_spawned":[10,14,16,18,27],"killed_by":"Automaton","ascension_level":4}