{"gold_per_floor":[117,129,147,160,160,160,193,193,219,219,229,229,262,273,273,371,371,381,394,10,10,10],"floor_reached":22,"playtime":963,"items_purged":["Regret"],"score":276,"play_id":"62299ba9-9449-4fcf-85c3-b9581a0ffa95","local_time":"20190411211425","is_ascension_mode":true,"campfire_choices":[{"data":"Dualcast","floor":6,"key":"SMITH"},{"floor":8,"key":"REST"},{"data":"Redo","floor":10,"key":"SMITH"},{"data":"Conserve Battery","floor":12,"key":"SMITH"},{"data":"Echo Form","floor":15,"key":"SMITH"}],"neow_cost":"NONE","seed_source_timestamp":39237159379478,"circlet_count":0,"master_deck":["Strike_B","Strike_B","Defend_B","Defend_B","Defend_B","Zap+1","Dualcast+1","Heatsinks+1","Lockon+1","Rainbow+1","Coolheaded","Coolheaded","Redo+1","Sweeping Beam","Conserve Battery+1","Barrage","Echo Form+1","Conserve Battery","Seek","Decay","Injury","Compile Driver","Chaos","Hologram","Melter","Apotheosis"],"relics":["Astrolabe","Pen Nib","Vajra","Dream Catcher","Calling Bell","Bag of Marbles","Pear","Dead Branch"],"potions_floor_usage":[3,4,11,16],"damage_taken":[{"damage":6,"enemies":"2 Louse","floor":1,"turns":3},{"damage":0,"enemies":"Cultist","floor":2,"turns":3},{"damage":10,"enemies":"Small Slimes","floor":3,"turns":2},{"damage":9,"enemies":"3 Louse","floor":4,"turns":4},{"damage":21,"enemies":"Gremlin Nob","floor":7,"turns":5},{"damage":4,"enemies":"Looter","floor":11,"turns":3},{"damage":0,"enemies":"Lagavulin","floor":13,"turns":4},{"damage":0,"enemies":"Large Slime","floor":14,"turns":5},{"damage":15,"enemies":"Hexaghost","floor":16,"turns":7},{"damage":31,"enemies":"Chosen","floor":18,"turns":5},{"damage":14,"enemies":"Shell Parasite","floor":19,"turns":4},{"damage":37,"enemies":"Colosseum Slavers","floor":22,"turns":2}],"seed_played":"8467807719372606200","potions_obtained":[{"floor":1,"key":"Explosive Potion"},{"floor":3,"key":"Poison Potion"},{"floor":7,"key":"AttackPotion"},{"floor":11,"key":"Ancient Potion"},{"floor":13,"key":"Poison Potion"},{"floor":19,"key":"SpeedPotion"}],"is_trial":false,"path_per_floor":["M","M","M","M","?","R","E","R","T","R","M","R","E","M","R","B",null,"M","M","$","?","?"],"character_chosen":"DEFECT","items_purchased":["Hologram","Melter","Apotheosis"],"campfire_rested":1,"item_purchase_floors":[20,20,20],"current_hp_per_floor":[69,69,59,50,50,50,29,51,51,51,47,47,47,47,47,32,74,43,29,29,29,0],"gold":10,"neow_bonus":"BOSS_RELIC","is_prod":false,"is_daily":false,"chose_seed":false,"campfire_upgraded":4,"win_rate":0,"timestamp":1555031665,"path_taken":["M","M","M","M","?","R","E","R","T","R","M","R","E","?","R","BOSS","M","M","$","?","?"],"build_version":"2019-01-23","purchased_purges":1,"victory":false,"max_hp_per_floor":[75,75,75,75,75,75,75,75,75,75,75,75,75,75,75,75,85,85,85,85,85,85],"card_choices":[{"not_picked":["Blizzard","Cold Snap"],"picked":"Coolheaded","floor":1},{"not_picked":["Recycle","Turbo"],"picked":"Coolheaded","floor":2},{"not_picked":["Aggregate","Turbo"],"picked":"Redo","floor":3},{"not_picked":["Hologram","Redo"],"picked":"Sweeping Beam","floor":4},{"not_picked":["All For One","Reprogram"],"picked":"Conserve Battery","floor":7},{"not_picked":["Cold Snap","Sweeping Beam"],"picked":"Barrage","floor":11},{"not_picked":["Gash","Rebound"],"picked":"Echo Form","floor":13},{"not_picked":["Blizzard","Sweeping Beam"],"picked":"Conserve Battery","floor":14},{"not_picked":["Multi-Cast","Meteor Strike"],"picked":"Seek","floor":16},{"not_picked":["Sunder","Streamline"],"picked":"Compile Driver","floor":18},{"not_picked":["Sweeping Beam","Leap"],"picked":"Chaos","floor":19}],"player_experience":298460,"relics_obtained":[{"floor":7,"key":"Pen Nib"},{"floor":9,"key":"Vajra"},{"floor":13,"key":"Dream Catcher"},{"floor":17,"key":"Bag of Marbles"},{"floor":17,"key":"Pear"},{"floor":17,"key":"Dead Branch"}],"event_choices":[{"damage_healed":0,"gold_gain":0,"player_choice":"Upgraded","damage_taken":0,"max_hp_gain":0,"max_hp_loss":0,"event_name":"Upgrade Shrine","floor":5,"gold_loss":0,"cards_upgraded":["Zap"]},{"damage_healed":0,"gold_gain":0,"player_choice":"Ignored","damage_taken":0,"max_hp_gain":0,"max_hp_loss":0,"event_name":"Cursed Tome","floor":21,"gold_loss":0},{"damage_healed":0,"gold_gain":0,"player_choice":"Fight","damage_taken":0,"max_hp_gain":0,"max_hp_loss":0,"event_name":"Colosseum","floor":22,"gold_loss":0}],"is_beta":false,"boss_relics":[{"not_picked":["Orrery","Runic Pyramid"],"picked":"Calling Bell"}],"items_purged_floors":[20],"is_endless":false,"potions_floor_spawned":[1,3,7,11,13,19],"killed_by":"Colosseum Slavers","ascension_level":5}