{"gold_per_floor":[115,130,80,99,61,61,79,79,104,104,121,131,131,148,148,248,248,264,264,71,86,35,68,68,85,134,134,134,134,134],"floor_reached":30,"playtime":738,"items_purged":[],"score":289,"play_id":"b4c10d5b-dc8c-4358-aa20-2d4c2e964111","local_time":"20181223175233","is_ascension_mode":true,"campfire_choices":[{"data":"Combust","floor":6,"key":"SMITH"},{"data":"Spot Weakness","floor":8,"key":"SMITH"},{"floor":15,"key":"REST"},{"floor":24,"key":"REST"},{"floor":28,"key":"REST"}],"neow_cost":"CURSE","seed_source_timestamp":38053872623800,"circlet_count":0,"master_deck":["Defend_R","Defend_R","Defend_R","Defend_R","Bash","Warcry","Entrench","Sever Soul","Flex","Uppercut","Combust+1","Spot Weakness+1","Flex","Immolate","Combust","Limit Break","Iron Wave","Bite","Bite","Bite","Bite","Bite"],"relics":["Burning Blood","Bronze Scales","Vajra","Busted Crown","HandDrill","Omamori","Strawberry","Blood Vial"],"potions_floor_usage":[11,12,16,16,23,23],"damage_taken":[{"damage":3,"enemies":"2 Louse","floor":1,"turns":3},{"damage":9,"enemies":"Jaw Worm","floor":2,"turns":4},{"damage":24,"enemies":"Small Slimes","floor":4,"turns":7},{"damage":16,"enemies":"Exordium Thugs","floor":7,"turns":3},{"damage":12,"enemies":"Looter","floor":11,"turns":2},{"damage":17,"enemies":"3 Louse","floor":12,"turns":1},{"damage":8,"enemies":"Blue Slaver","floor":14,"turns":2},{"damage":28,"enemies":"Slime Boss","floor":16,"turns":8},{"damage":25,"enemies":"2 Thieves","floor":18,"turns":3},{"damage":25,"enemies":"Shell Parasite","floor":21,"turns":3},{"damage":42,"enemies":"Book of Stabbing","floor":23,"turns":5},{"damage":29,"enemies":"Centurion and Healer","floor":25,"turns":6},{"damage":68,"enemies":"Cultist and Chosen","floor":30,"turns":4}],"seed_played":"-3326152462552993002","potions_obtained":[{"floor":2,"key":"SpeedPotion"},{"floor":4,"key":"Dexterity Potion"},{"floor":7,"key":"Strength Potion"},{"floor":11,"key":"PowerPotion"},{"floor":19,"key":"SpeedPotion"},{"floor":19,"key":"SpeedPotion"},{"floor":19,"key":"SpeedPotion"},{"floor":21,"key":"Regen Potion"},{"floor":25,"key":"Dexterity Potion"}],"is_trial":false,"path_per_floor":["M","M","?","M","$","R","M","R","T","$","M","M","?","M","R","B",null,"M","?","$","M","$","E","R","M","T","?","R","?","M"],"character_chosen":"IRONCLAD","items_purchased":["Combust","HandDrill","Block Potion"],"campfire_rested":3,"item_purchase_floors":[5,20,22],"current_hp_per_floor":[80,77,77,59,59,59,49,49,49,49,43,32,20,18,42,20,80,61,61,61,42,42,18,42,19,26,26,44,44,0],"gold":134,"neow_bonus":"TRANSFORM_TWO_CARDS","is_prod":false,"is_daily":false,"chose_seed":false,"campfire_upgraded":2,"win_rate":0,"timestamp":1545605553,"path_taken":["M","M","?","M","$","R","M","R","T","$","M","M","?","M","R","BOSS","M","?","$","M","?","E","R","M","T","?","R","?","?"],"build_version":"2018-12-20","purchased_purges":0,"victory":false,"max_hp_per_floor":[80,80,80,80,80,80,80,80,80,80,80,80,80,80,80,80,80,80,80,80,80,80,80,80,80,87,60,60,60,60],"card_choices":[{"not_picked":["Pummel","Fire Breathing"],"picked":"Sever Soul","floor":1},{"not_picked":["Seeing Red","True Grit"],"picked":"Flex","floor":2},{"not_picked":["Thunderclap","Evolve"],"picked":"Uppercut","floor":4},{"not_picked":["Wild Strike","Thunderclap"],"picked":"Spot Weakness","floor":7},{"not_picked":["Pummel","Cleave"],"picked":"Flex","floor":11},{"not_picked":["Iron Wave","Clothesline"],"picked":"Immolate","floor":12},{"not_picked":["Rage","Second Wind"],"picked":"Combust","floor":14},{"not_picked":["Berserk","Immolate"],"picked":"Limit Break","floor":16},{"not_picked":[],"picked":"Iron Wave","floor":18},{"not_picked":["Sever Soul"],"picked":"SKIP","floor":21},{"not_picked":["Battle Trance"],"picked":"SKIP","floor":23},{"not_picked":["Havoc"],"picked":"SKIP","floor":25}],"player_experience":325941,"relics_obtained":[{"floor":9,"key":"Bronze Scales"},{"floor":23,"key":"Omamori"},{"floor":26,"key":"Strawberry"}],"event_choices":[{"cards_removed":["Clumsy"],"damage_healed":0,"gold_gain":0,"player_choice":"Card Removal","damage_taken":0,"max_hp_gain":0,"max_hp_loss":0,"event_name":"The Cleric","floor":3,"gold_loss":50},{"damage_healed":0,"gold_gain":0,"player_choice":"Success","damage_taken":12,"relics_obtained":["Vajra"],"max_hp_gain":0,"max_hp_loss":0,"event_name":"Scrap Ooze","floor":13,"gold_loss":0},{"damage_healed":0,"gold_gain":0,"player_choice":"Got Potions","damage_taken":0,"max_hp_gain":0,"max_hp_loss":0,"event_name":"Lab","floor":19,"gold_loss":0},{"damage_healed":0,"gold_gain":0,"player_choice":"Became a vampire","damage_taken":0,"max_hp_gain":0,"max_hp_loss":27,"event_name":"Vampires","floor":27,"gold_loss":0,"cards_obtained":["Bite","Bite","Bite","Bite","Bite"]},{"damage_healed":0,"gold_gain":0,"player_choice":"Stole Relic","damage_taken":0,"relics_obtained":["Blood Vial"],"max_hp_gain":0,"max_hp_loss":0,"event_name":"Addict","floor":29,"gold_loss":0,"cards_obtained":["Shame"]}],"is_beta":false,"boss_relics":[{"not_picked":["Pandora\u0027s Box","Coffee Dripper"],"picked":"Busted Crown"}],"items_purged_floors":[],"is_endless":false,"potions_floor_spawned":[2,4,7,11,21,25],"killed_by":"Cultist and Chosen","ascension_level":2}