{"gold_per_floor":[117,117,117,135,42,42,55,55,80,80,97,107,107,132,132,261,261,275,275,294,35,35,35,35,35,35,114,130,64,89,89,89,190,190,206,49,66,81,98,98,24,24,49,63,108,108,108,118,118,118],"floor_reached":51,"playtime":4498,"items_purged":[],"score":614,"play_id":"6342a61e-1fc6-479f-8c42-3aedd0ae997d","local_time":"20190308180747","is_ascension_mode":false,"campfire_choices":[{"data":"Streamline","floor":6,"key":"SMITH"},{"data":"FTL","floor":8,"key":"SMITH"},{"data":"Go for the Eyes","floor":10,"key":"SMITH"},{"floor":15,"key":"REST"},{"floor":23,"key":"REST"},{"floor":25,"key":"REST"},{"floor":32,"key":"REST"},{"floor":40,"key":"REST"},{"floor":42,"key":"REST"},{"floor":46,"key":"REST"},{"floor":49,"key":"REST"}],"neow_cost":"NONE","seed_source_timestamp":218510505290957,"circlet_count":0,"master_deck":["Strike_B+1","Strike_B+1","Strike_B+1","Strike_B+1","Defend_B+1","Defend_B+1","Defend_B+1","Zap","Dualcast","Go for the Eyes","Regret","Streamline+1","FTL+1","Leap","Go for the Eyes+1","Compile Driver","Cold Snap","Defragment","Creative AI","Loop","RitualDagger","Auto Shields","Doom and Gloom","Streamline","Glacier","Sweeping Beam","Reboot","Capacitor+1","Cold Snap","Static Discharge+1","Doom and Gloom","Defragment+1","Conserve Battery","Heatsinks","Parasite","Barrage","Barrage","Streamline+1"],"relics":["Cracked Core","WingedGreaves","Lantern","Bloody Idol","Fusion Hammer","Bottled Flame","Mummified Hand","The Courier","Sozu","Bag of Marbles","Smiling Mask","FossilizedHelix"],"potions_floor_usage":[22,33,37,50,50],"damage_taken":[{"damage":0,"enemies":"Small Slimes","floor":1,"turns":2},{"damage":10,"enemies":"Jaw Worm","floor":4,"turns":3},{"damage":4,"enemies":"2 Louse","floor":7,"turns":2},{"damage":9,"enemies":"Blue Slaver","floor":11,"turns":3},{"damage":0,"enemies":"Red Slaver","floor":12,"turns":2},{"damage":0,"enemies":"Exordium Wildlife","floor":14,"turns":2},{"damage":22,"enemies":"Hexaghost","floor":16,"turns":10},{"damage":16,"enemies":"Spheric Guardian","floor":18,"turns":4},{"damage":46,"enemies":"3 Byrds","floor":20,"turns":5},{"damage":1,"enemies":"Centurion and Healer","floor":22,"turns":2},{"damage":12,"enemies":"3 Cultists","floor":28,"turns":5},{"damage":2,"enemies":"Snecko","floor":30,"turns":5},{"damage":21,"enemies":"Champ","floor":33,"turns":13},{"damage":7,"enemies":"Orb Walker","floor":35,"turns":2},{"damage":24,"enemies":"3 Darklings","floor":37,"turns":3},{"damage":6,"enemies":"Transient","floor":38,"turns":5},{"damage":17,"enemies":"4 Shapes","floor":39,"turns":5},{"damage":2,"enemies":"Writhing Mass","floor":44,"turns":7},{"damage":44,"enemies":"2 Orb Walkers","floor":45,"turns":4},{"damage":0,"enemies":"3 Darklings","floor":48,"turns":4},{"damage":74,"enemies":"Donu and Deca","floor":50,"turns":12}],"seed_played":"8848769592397189778","potions_obtained":[{"floor":11,"key":"SmokeBomb"},{"floor":12,"key":"LiquidBronze"},{"floor":14,"key":"Ancient Potion"},{"floor":28,"key":"Regen Potion"},{"floor":33,"key":"AttackPotion"}],"is_trial":false,"path_per_floor":["?","?","?","M","?","?","T","M","?","?","?"],"character_chosen":"DEFECT","items_purchased":["FTL","Leap","Bottled Flame","Streamline","Glacier","Cold Snap","Bag of Marbles","Conserve Battery","Heatsinks"],"campfire_rested":8,"item_purchase_floors":[5,5,21,29,29,36,36,41,41],"current_hp_per_floor":[82,75,75,65,65,65,61,61,61,61,52,52,32,32,56,34,82,66,60,14,14,13,37,37,61,61,61,49,49,47,47,71,55,82,80,80,61,60,48,72,72,82,82,82,43,67,67,72,82,22],"gold":118,"neow_bonus":"TEN_PERCENT_HP_BONUS","is_prod":false,"is_daily":false,"chose_seed":false,"campfire_upgraded":3,"win_rate":0.0,"timestamp":1552068467,"path_taken":["M","?","?","M","$","R","M","R","T","R","M","M","?","?","R","BOSS","M","?","M","$","M","R","?","R","T","?","?","$","M","?","R","BOSS","M","$","M","M","M","R","$","R","T","M","?","R","?","M","R","BOSS"],"build_version":"2019-01-23","purchased_purges":0,"victory":true,"max_hp_per_floor":[82,82,82,82,82,82,82,82,82,82,82,82,82,82,82,82,82,82,82,82,82,82,82,82,82,82,82,82,82,82,82,82,82,82,82,82,82,82,82,82,82,82,82,82,82,82,82,82,82,82],"card_choices":[{"not_picked":["Stack","Skim"],"picked":"Go for the Eyes","floor":1},{"not_picked":["Ball Lightning","Turbo"],"picked":"Streamline","floor":4},{"not_picked":["Streamline","Storm"],"picked":"Go for the Eyes","floor":7},{"not_picked":["Gash","Barrage"],"picked":"Compile Driver","floor":11},{"not_picked":["Barrage","Beam Cell"],"picked":"Cold Snap","floor":12},{"not_picked":["Double Energy","Auto Shields"],"picked":"Defragment","floor":14},{"not_picked":["Reboot","Seek"],"picked":"Creative AI","floor":16},{"not_picked":["Compile Driver","Defragment"],"picked":"Loop","floor":18},{"not_picked":["Compile Driver","Beam Cell"],"picked":"Auto Shields","floor":20},{"not_picked":["Self Repair","Chill"],"picked":"Doom and Gloom","floor":28},{"not_picked":["Ball Lightning","Steam Power"],"picked":"Sweeping Beam","floor":30},{"not_picked":["Amplify","Machine Learning"],"picked":"Reboot","floor":33},{"not_picked":["Coolheaded+1","Steam Power"],"picked":"Capacitor+1","floor":35},{"not_picked":["Go for the Eyes","Streamline+1"],"picked":"Static Discharge+1","floor":37},{"not_picked":["Ball Lightning+1","Auto Shields"],"picked":"Doom and Gloom","floor":38},{"not_picked":["Redo","Compile Driver+1"],"picked":"Defragment+1","floor":39},{"not_picked":["Defragment","Skim"],"picked":"Barrage","floor":44},{"not_picked":["Beam Cell","Heatsinks+1"],"picked":"Barrage","floor":45},{"not_picked":["Seek","Turbo","Static Discharge+1"],"picked":"SKIP","floor":48}],"player_experience":137218,"relics_obtained":[{"floor":9,"key":"Lantern"},{"floor":26,"key":"Mummified Hand"},{"floor":27,"key":"The Courier"},{"floor":43,"key":"Smiling Mask"},{"floor":45,"key":"FossilizedHelix"}],"event_choices":[{"cards_removed":["Defend_B"],"damage_healed":0,"gold_gain":0,"player_choice":"Card Removal","damage_taken":7,"max_hp_gain":0,"max_hp_loss":0,"event_name":"Golden Wing","floor":2,"gold_loss":0},{"damage_healed":0,"gold_gain":0,"player_choice":"Box","damage_taken":0,"relics_obtained":["WingedGreaves"],"max_hp_gain":0,"max_hp_loss":0,"event_name":"Big Fish","floor":3,"gold_loss":0,"cards_obtained":["Regret"]},{"damage_healed":0,"gold_gain":0,"player_choice":"Take Damage","damage_taken":20,"relics_obtained":["Golden Idol"],"max_hp_gain":0,"max_hp_loss":0,"event_name":"Golden Idol","floor":13,"gold_loss":0},{"damage_healed":0,"gold_gain":0,"player_choice":"Joined the Cult","damage_taken":6,"max_hp_gain":0,"max_hp_loss":0,"event_name":"Nest","floor":19,"gold_loss":0,"cards_obtained":["RitualDagger"]},{"damage_healed":0,"gold_gain":0,"player_choice":"Simplicity","damage_taken":0,"max_hp_gain":0,"max_hp_loss":0,"event_name":"Back to Basics","floor":24,"gold_loss":0,"cards_upgraded":["Strike_B","Strike_B","Strike_B","Strike_B","Defend_B","Defend_B","Defend_B"]},{"damage_healed":0,"gold_gain":0,"player_choice":"Gave Idol","damage_taken":0,"relics_obtained":["Bloody Idol"],"max_hp_gain":0,"max_hp_loss":0,"event_name":"Forgotten Altar","floor":31,"relics_lost":["Golden Idol"],"gold_loss":0},{"damage_healed":0,"gold_gain":0,"player_choice":"Fight","damage_taken":0,"max_hp_gain":0,"max_hp_loss":0,"event_name":"Mysterious Sphere","floor":45,"gold_loss":0},{"damage_healed":0,"gold_gain":0,"player_choice":"Copied","damage_taken":0,"max_hp_gain":0,"max_hp_loss":0,"event_name":"Duplicator","floor":47,"gold_loss":0,"cards_obtained":["Streamline"]}],"is_beta":false,"boss_relics":[{"not_picked":["White Beast Statue","Philosopher\u0027s Stone"],"picked":"Fusion Hammer"},{"not_picked":["Empty Cage","Cursed Key"],"picked":"Sozu"}],"items_purged_floors":[],"is_endless":false,"potions_floor_spawned":[11,12,14,28,33,37,39,44],"ascension_level":0}