{"gold_per_floor":[112,124,204,154,167,167,167,180,180,241,252,252,287,303,303,407,407,418,108,108,58,70,102,102,116,116,133,5,5,0,26,26,130,130,145,9,23,23,0,0,0,13,63,463,133,133,143,43,43,43],"floor_reached":51,"playtime":5359,"items_purged":["Normality","Injury"],"score":873,"play_id":"333a78cc-8d84-4d45-bec7-a7bc573b7ba2","local_time":"20190404165552","is_ascension_mode":true,"campfire_choices":[{"data":"Zap","floor":6,"key":"SMITH"},{"floor":12,"key":"REST"},{"data":"Dualcast","floor":15,"key":"SMITH"},{"floor":29,"key":"REST"},{"floor":32,"key":"REST"},{"floor":40,"key":"REST"},{"floor":46,"key":"REST"},{"floor":49,"key":"REST"}],"neow_cost":"NONE","seed_source_timestamp":252257497601024,"circlet_count":0,"master_deck":["Defend_B","Defend_B","Defend_B+1","Defend_B","Zap+1","Dualcast+1","Sweeping Beam","Streamline","Glacier+1","Doom and Gloom","Hologram","Conserve Battery","Melter+1","Coolheaded","Seek","Go for the Eyes+1","Creative AI","Go for the Eyes","Reprogram","Reinforced Body","BootSequence","Compile Driver","Barrage","Steam","Rainbow","Stack","Blind","Coolheaded","Ball Lightning","Cold Snap+1","Leap+1","White Noise"],"relics":["Cracked Core","Sundial","Dodecahedron","Cables","Cursed Key","War Paint","Bottled Lightning","Frozen Egg 2","Mercury Hourglass","Inserter","Red Mask","Potion Belt","Old Coin","Whetstone"],"potions_floor_usage":[10,14,23,23,31,33,50,50],"damage_taken":[{"damage":1,"enemies":"Small Slimes","floor":1,"turns":4},{"damage":1,"enemies":"Cultist","floor":2,"turns":3},{"damage":2,"enemies":"2 Louse","floor":5,"turns":3},{"damage":7,"enemies":"Exordium Wildlife","floor":8,"turns":4},{"damage":31,"enemies":"Lagavulin Event","floor":10,"turns":6},{"damage":8,"enemies":"Exordium Thugs","floor":11,"turns":4},{"damage":17,"enemies":"3 Sentries","floor":13,"turns":8},{"damage":7,"enemies":"3 Louse","floor":14,"turns":2},{"damage":15,"enemies":"Slime Boss","floor":16,"turns":8},{"damage":10,"enemies":"Chosen","floor":18,"turns":5},{"damage":4,"enemies":"Shell Parasite","floor":22,"turns":4},{"damage":34,"enemies":"Slavers","floor":23,"turns":5},{"damage":1,"enemies":"3 Cultists","floor":25,"turns":5},{"damage":0,"enemies":"Sentry and Sphere","floor":27,"turns":6},{"damage":22,"enemies":"Gremlin Leader","floor":31,"turns":6},{"damage":25,"enemies":"Automaton","floor":33,"turns":8},{"damage":4,"enemies":"Orb Walker","floor":35,"turns":4},{"damage":25,"enemies":"3 Darklings","floor":37,"turns":7},{"damage":17,"enemies":"Transient","floor":42,"turns":5},{"damage":30,"enemies":"Mind Bloom Boss Battle","floor":44,"turns":7},{"damage":0,"enemies":"Sphere and 2 Shapes","floor":47,"turns":2},{"damage":45,"enemies":"Awakened One","floor":50,"turns":17}],"seed_played":"8026934744810276426","potions_obtained":[{"floor":1,"key":"PowerPotion"},{"floor":11,"key":"Energy Potion"},{"floor":13,"key":"Fruit Juice"},{"floor":18,"key":"Block Potion"},{"floor":25,"key":"Explosive Potion"},{"floor":27,"key":"FocusPotion"},{"floor":31,"key":"SteroidPotion"},{"floor":37,"key":"SteroidPotion"},{"floor":44,"key":"FearPotion"},{"floor":47,"key":"Poison Potion"}],"is_trial":false,"path_per_floor":["?","?","?","M","?","?","?","M","?","?","?","?","$","M","?","$"],"character_chosen":"DEFECT","items_purchased":["Creative AI","War Paint","Barrage","Blind","Coolheaded","White Noise","Whetstone","PowerPotion","AttackPotion"],"campfire_rested":6,"item_purchase_floors":[19,19,28,36,36,45,45,48,48],"current_hp_per_floor":[74,73,73,73,71,71,71,64,64,33,25,49,32,30,30,15,69,59,59,59,59,55,21,21,20,20,20,20,46,46,24,50,25,72,68,68,43,43,43,69,69,52,52,22,22,48,48,48,74,29],"gold":43,"neow_bonus":"TEN_PERCENT_HP_BONUS","is_prod":false,"is_daily":false,"chose_seed":false,"campfire_upgraded":2,"win_rate":0,"timestamp":1554393352,"path_taken":["M","M","?","?","M","R","?","?","T","?","M","R","E","M","R","BOSS","M","$","?","?","?","E","?","M","T","M","$","R","?","E","R","BOSS","M","$","M","?","?","R","?","?","T","?","?","R","M","$","R","BOSS"],"build_version":"2019-01-23","purchased_purges":2,"victory":true,"max_hp_per_floor":[82,82,82,82,82,82,82,82,82,82,82,82,82,87,87,87,87,87,87,87,87,87,87,87,87,87,87,87,87,87,87,87,87,87,87,87,87,87,87,87,87,87,87,87,87,87,87,87,87,87],"card_choices":[{"not_picked":["Lockon","Coolheaded"],"picked":"Sweeping Beam","floor":1},{"not_picked":["Sweeping Beam","Scrape"],"picked":"Streamline","floor":2},{"not_picked":["Ball Lightning","Rebound"],"picked":"Glacier","floor":5},{"not_picked":["Chill","Steam"],"picked":"Doom and Gloom","floor":8},{"not_picked":["Double Energy","Undo"],"picked":"Hologram","floor":10},{"not_picked":["Stack","Static Discharge"],"picked":"Conserve Battery","floor":11},{"not_picked":["Reinforced Body","Thunder Strike"],"picked":"Melter","floor":13},{"not_picked":["Leap","Chaos"],"picked":"Coolheaded","floor":14},{"not_picked":["Biased Cognition","Buffer"],"picked":"Seek","floor":16},{"not_picked":["Recycle","Undo"],"picked":"Go for the Eyes","floor":18},{"not_picked":["Redo+1","Beam Cell"],"picked":"Go for the Eyes","floor":22},{"not_picked":["Scrape","Streamline"],"picked":"Reprogram","floor":23},{"not_picked":["Coolheaded+1","Sweeping Beam"],"picked":"Compile Driver","floor":25},{"not_picked":["Beam Cell","Lockon","Streamline"],"picked":"SKIP","floor":27},{"not_picked":["Rip and Tear","Auto Shields"],"picked":"Steam","floor":31},{"not_picked":["Amplify","Hyperbeam"],"picked":"Rainbow","floor":33},{"not_picked":["Conserve Battery","Go for the Eyes"],"picked":"Stack","floor":35},{"not_picked":["Stack","Rebound+1"],"picked":"Ball Lightning","floor":37},{"not_picked":["Steam+1","Chaos+1"],"picked":"Cold Snap+1","floor":42},{"not_picked":["Storm+1","Static Discharge+1"],"picked":"Leap+1","floor":44},{"not_picked":["Fusion","Storm+1","Stack"],"picked":"SKIP","floor":47}],"player_experience":444348,"relics_obtained":[{"floor":9,"key":"Sundial"},{"floor":13,"key":"Cables"},{"floor":23,"key":"Bottled Lightning"},{"floor":26,"key":"Frozen Egg 2"},{"floor":31,"key":"Mercury Hourglass"},{"floor":43,"key":"Potion Belt"},{"floor":44,"key":"Old Coin"}],"event_choices":[{"damage_healed":0,"gold_gain":80,"player_choice":"Gained Gold","damage_taken":0,"max_hp_gain":0,"max_hp_loss":0,"event_name":"Golden Wing","floor":3,"gold_loss":0},{"cards_removed":["Strike_B"],"damage_healed":0,"gold_gain":0,"player_choice":"Card Removal","damage_taken":0,"max_hp_gain":0,"max_hp_loss":0,"event_name":"The Cleric","floor":4,"gold_loss":50},{"cards_removed":["Strike_B"],"damage_healed":0,"gold_gain":0,"player_choice":"Offered Basic","damage_taken":0,"max_hp_gain":0,"max_hp_loss":0,"event_name":"Bonfire Elementals","floor":7,"gold_loss":0},{"damage_healed":0,"gold_gain":0,"player_choice":"Searched \u00272\u0027 times","damage_taken":0,"relics_obtained":["Dodecahedron"],"max_hp_gain":0,"max_hp_loss":0,"event_name":"Dead Adventurer","floor":10,"gold_loss":0},{"damage_healed":0,"gold_gain":0,"player_choice":"Ignored","damage_taken":0,"max_hp_gain":0,"max_hp_loss":0,"event_name":"Vampires","floor":20,"gold_loss":0},{"damage_healed":0,"gold_gain":0,"player_choice":"Bet on Owner","damage_taken":0,"max_hp_gain":0,"max_hp_loss":0,"event_name":"The Joust","floor":21,"gold_loss":50},{"damage_healed":0,"gold_gain":0,"cards_transformed":["Strike_B","Strike_B"],"player_choice":"Became Test Subject","damage_taken":0,"max_hp_gain":0,"max_hp_loss":0,"event_name":"Drug Dealer","floor":24,"gold_loss":0,"cards_obtained":["Reinforced Body","BootSequence"]},{"damage_healed":0,"gold_gain":0,"player_choice":"Paid Fearfully","damage_taken":0,"max_hp_gain":0,"max_hp_loss":0,"event_name":"Masked Bandits","floor":30,"gold_loss":5},{"damage_healed":0,"gold_gain":0,"player_choice":"Ignored","damage_taken":0,"max_hp_gain":0,"max_hp_loss":0,"event_name":"Mysterious Sphere","floor":38,"gold_loss":0},{"damage_healed":0,"gold_gain":0,"player_choice":"Paid","damage_taken":0,"relics_obtained":["Red Mask"],"max_hp_gain":0,"max_hp_loss":0,"event_name":"Tomb of Lord Red Mask","floor":39,"gold_loss":23},{"damage_healed":0,"gold_gain":0,"player_choice":"Fight","damage_taken":0,"max_hp_gain":0,"max_hp_loss":0,"event_name":"MindBloom","floor":44,"gold_loss":0}],"is_beta":false,"boss_relics":[{"not_picked":["Empty Cage","Velvet Choker"],"picked":"Cursed Key"},{"not_picked":["Busted Crown","Astrolabe"],"picked":"Inserter"}],"items_purged_floors":[28,45],"is_endless":false,"potions_floor_spawned":[1,11,13,18,25,27,31,37,44,47],"ascension_level":6}