{"gold_per_floor":[112,112,132,132,92,133,133,172,172,199,274,292,292,306,306,306],"floor_reached":16,"playtime":291,"items_purged":[],"score":133,"play_id":"dff81dd2-0e6b-4bdd-b77f-e5e8eab879c8","local_time":"20181029211802","is_ascension_mode":false,"campfire_choices":[{"floor":7,"key":"REST"},{"floor":13,"key":"REST"},{"data":"Armaments","floor":15,"key":"SMITH"}],"neow_cost":"NONE","seed_source_timestamp":102408401992900,"circlet_count":0,"master_deck":["Strike_R","Strike_R+1","Strike_R+1","Strike_R","Strike_R","Defend_R","Defend_R","Defend_R","Defend_R","Bash","Armaments+1","Flex","Rupture","Carnage","Heavy Blade","Armaments"],"relics":["Burning Blood","NeowsBlessing","Golden Idol","Mummified Hand","Bag of Preparation","Frozen Egg 2","PreservedInsect"],"potions_floor_usage":[8,16],"damage_taken":[{"damage":0,"enemies":"Small Slimes","floor":1,"turns":1},{"damage":0,"enemies":"2 Louse","floor":3,"turns":1},{"damage":0,"enemies":"Gremlin Nob","floor":6,"turns":1},{"damage":48,"enemies":"Lagavulin","floor":8,"turns":7},{"damage":6,"enemies":"Jaw Worm","floor":12,"turns":2},{"damage":5,"enemies":"Looter","floor":14,"turns":3},{"damage":54,"enemies":"Hexaghost","floor":16,"turns":9}],"seed_played":"1399084443550896870","potions_obtained":[{"floor":3,"key":"Dexterity Potion"},{"floor":6,"key":"GamblersBrew"}],"is_trial":false,"path_per_floor":["M","?","M","?","$","E","R","E","T","T","?","M","R","M","R"],"character_chosen":"IRONCLAD","items_purchased":["Rupture"],"campfire_rested":2,"item_purchase_floors":[5],"current_hp_per_floor":[80,60,66,50,50,56,80,38,38,38,27,27,51,52,52,0],"gold":306,"neow_bonus":"THREE_ENEMY_KILL","is_prod":false,"is_daily":false,"chose_seed":false,"campfire_upgraded":1,"win_rate":0,"timestamp":1540862282,"path_taken":["M","?","M","?","$","E","R","E","T","?","?","?","R","M","R","BOSS"],"build_version":"2018-10-29v2","purchased_purges":0,"victory":false,"max_hp_per_floor":[80,80,80,80,80,80,80,80,80,80,80,80,80,80,80,80],"card_choices":[{"not_picked":["Metallicize","Sword Boomerang"],"picked":"Armaments","floor":1},{"not_picked":["Disarm","Shrug It Off"],"picked":"Flex","floor":3},{"not_picked":["Intimidate","Pommel Strike"],"picked":"Carnage","floor":6},{"not_picked":["Wild Strike","True Grit"],"picked":"Heavy Blade","floor":8},{"not_picked":["Pummel","Intimidate","Iron Wave"],"picked":"SKIP","floor":12},{"not_picked":["True Grit","Evolve+1"],"picked":"Armaments","floor":14}],"player_experience":266411,"relics_obtained":[{"floor":6,"key":"Mummified Hand"},{"floor":8,"key":"Bag of Preparation"},{"floor":9,"key":"Frozen Egg 2"},{"floor":10,"key":"PreservedInsect"}],"event_choices":[{"damage_healed":0,"gold_gain":0,"player_choice":"Take Damage","damage_taken":20,"relics_obtained":["Golden Idol"],"max_hp_gain":0,"max_hp_loss":0,"event_name":"Golden Idol","floor":2,"gold_loss":0},{"damage_healed":0,"gold_gain":0,"player_choice":"Entered Light","damage_taken":16,"max_hp_gain":0,"max_hp_loss":0,"event_name":"Shining Light","floor":4,"gold_loss":0,"cards_upgraded":["Strike_R","Strike_R"]},{"damage_healed":0,"gold_gain":75,"player_choice":"Gather Gold","damage_taken":11,"max_hp_gain":0,"max_hp_loss":0,"event_name":"World of Goop","floor":11,"gold_loss":0}],"is_beta":true,"boss_relics":[],"items_purged_floors":[],"is_endless":false,"potions_floor_spawned":[3,6],"killed_by":"Hexaghost","ascension_level":0}