{"path_per_floor":["M","?","M","M","T","R","$","?","T","E","R","?","R","$","R","B",null,"M","M","?","M","M","R"],"character_chosen":"IRONCLAD","items_purchased":[],"gold_per_floor":[20,20,34,48,48,48,48,48,48,77,77,77,77,77,77,203,203,223,244,144,160,174,174],"floor_reached":24,"campfire_rested":1,"playtime":789,"current_hp_per_floor":[80,80,80,80,80,80,80,80,80,74,74,74,74,74,74,66,80,67,70,70,64,38,62],"items_purged":[],"gold":174,"score":194,"play_id":"a863dab2-9ee1-4820-b410-32075c5c7378","is_prod":false,"is_daily":false,"is_ascension_mode":false,"campfire_upgraded":4,"path_taken":["M","?","?","M","?","R","$","?","T","E","R","?","R","$","R","BOSS","M","M","?","M","?","R","E"],"build_version":"2018-02-12-PROD1","purchased_purges":0,"victory":false,"master_deck":["Strike_R","Strike_R","Strike_R","Strike_R","Strike_R","Defend_R","Defend_R","Defend_R","Defend_R","Bash","Perfected Strike+1","Metallicize+1","Pommel Strike+1","Juggernaut+1","Headbutt","Demon Form","Normality","Writhe","Perfected Strike","J.A.X.","Armaments","Blood for Blood+1"],"max_hp_per_floor":[80,80,80,80,80,80,80,80,80,80,80,80,80,80,80,80,80,80,80,80,80,80,80],"relics":["Burning Blood","Thread and Needle","Du-Vu Doll","Omamori","Bottled Tornado","Golden Idol","Calling Bell","Dream Catcher","Ginger","Prayer Wheel"],"card_choices":[{"not_picked":["Sword Boomerang","True Grit"],"picked":"Perfected Strike"},{"not_picked":["Warcry","True Grit"],"picked":"Metallicize"},{"not_picked":["Heavy Blade","Thunderclap"],"picked":"Pommel Strike"},{"not_picked":["Warcry","Clash"],"picked":"Headbutt"},{"not_picked":["Offering","Juggernaut"],"picked":"Demon Form"},{"not_picked":["Havoc","Searing Blow"],"picked":"Perfected Strike"},{"not_picked":["Battle Trance","Perfected Strike"],"picked":"Armaments"},{"not_picked":["Second Wind","Bloodletting"],"picked":"Blood for Blood"}],"player_experience":85921,"potions_floor_usage":[24],"damage_taken":[{"damage":0.0,"enemies":"Cultist","floor":1.0,"turns":4.0},{"damage":0.0,"enemies":"Small Slimes","floor":3.0,"turns":3.0},{"damage":1.0,"enemies":"Jaw Worm","floor":4.0,"turns":4.0},{"damage":12.0,"enemies":"Gremlin Nob","floor":10.0,"turns":4.0},{"damage":14.0,"enemies":"The Guardian","floor":16.0,"turns":10.0},{"damage":19.0,"enemies":"2 Thieves","floor":18.0,"turns":4.0},{"damage":3.0,"enemies":"Shell Parasite","floor":19.0,"turns":5.0},{"damage":12.0,"enemies":"Centurion and Healer","floor":21.0,"turns":6.0},{"damage":32.0,"enemies":"Cultist and Chosen","floor":22.0,"turns":7.0},{"damage":63,"enemies":"Slavers","floor":24,"turns":5}],"event_choices":[{"event_name":"The Cleric","player_choice":"Leave","floor":2.0,"damage_taken":0.0},{"event_name":"Match and Keep!","player_choice":"1 cards matched","floor":8.0,"damage_taken":0.0},{"event_name":"Golden Idol","player_choice":"Take Wound","floor":12.0,"damage_taken":0.0},{"event_name":"Drug Dealer","player_choice":"Got JAXXED","floor":20.0,"damage_taken":0.0}],"boss_relics":[],"potions_floor_spawned":[4,19,21],"seed_played":"-3079916862330643617","killed_by":"Slavers","ascension_level":0,"is_trial":false}