{"gold_per_floor":[110,110,110,128,139,173,188,188,188,188,211,13,88,122,122,220,220,239,251,1,14,14,49,49,76,101,101,114,147,166,184,184,184],"floor_reached":33,"playtime":1925,"items_purged":[],"score":315,"play_id":"8bddc215-5fbf-49b1-a0c1-cb36de363b8e","local_time":"20190221131506","is_ascension_mode":false,"campfire_choices":[{"floor":10,"key":"REST"},{"data":"Double Energy","floor":15,"key":"SMITH"},{"data":"Gash","floor":24,"key":"SMITH"},{"floor":27,"key":"REST"},{"floor":32,"key":"REST"}],"neow_cost":"NONE","seed_source_timestamp":382380120696136,"circlet_count":0,"master_deck":["Strike_B","Strike_B","Strike_B+1","Strike_B","Defend_B","Defend_B","Defend_B+1","Defend_B","Zap+1","Dualcast","Cold Snap+1","Gash+1","Loop+1","Double Energy+1","Stack","Machine Learning","Electrodynamics","Ball Lightning","Beam Cell+1","Hello World","Beam Cell","Sweeping Beam","Barrage+1","Stack","Leap","Rebound+1"],"relics":["Cracked Core","Thread and Needle","Odd Mushroom","Lee\u0027s Waffle","WingedGreaves","Sozu","Mummified Hand","Ancient Tea Set","Kunai","Potion Belt","Frozen Egg 2"],"potions_floor_usage":[6,29,33],"damage_taken":[{"damage":1,"enemies":"2 Louse","floor":1,"turns":3},{"damage":4,"enemies":"Jaw Worm","floor":4,"turns":2},{"damage":0,"enemies":"Cultist","floor":5,"turns":2},{"damage":18,"enemies":"3 Sentries","floor":6,"turns":7},{"damage":0,"enemies":"Large Slime","floor":7,"turns":5},{"damage":12,"enemies":"The Mushroom Lair","floor":11,"turns":4},{"damage":19,"enemies":"Gremlin Nob","floor":14,"turns":4},{"damage":23,"enemies":"Slime Boss","floor":16,"turns":11},{"damage":0,"enemies":"Spheric Guardian","floor":18,"turns":4},{"damage":16,"enemies":"Shell Parasite","floor":19,"turns":5},{"damage":0,"enemies":"Chosen and Byrds","floor":21,"turns":3},{"damage":5,"enemies":"Gremlin Leader","floor":23,"turns":5},{"damage":34,"enemies":"Slavers","floor":25,"turns":5},{"damage":13,"enemies":"Shelled Parasite and Fungi","floor":28,"turns":5},{"damage":35,"enemies":"Book of Stabbing","floor":29,"turns":5},{"damage":0,"enemies":"Cultist and Chosen","floor":30,"turns":4},{"damage":12,"enemies":"Snake Plant","floor":31,"turns":3},{"damage":34,"enemies":"Automaton","floor":33,"turns":6}],"seed_played":"-7051675335570011796","potions_obtained":[{"floor":5,"key":"AttackPotion"},{"floor":11,"key":"GamblersBrew"},{"floor":16,"key":"Regen Potion"}],"is_trial":false,"path_per_floor":["M","?","?","M","M","E","M","?","T","R","?","$","?","E","R","B",null,"M","M","$","M","?","E","R","E","T","R","M","E","M","M","R","B"],"character_chosen":"DEFECT","items_purchased":["Lee\u0027s Waffle","Mummified Hand"],"campfire_rested":3,"item_purchase_floors":[12,20],"current_hp_per_floor":[74,59,59,55,55,37,37,37,37,59,47,82,71,52,52,29,82,82,66,66,66,66,61,61,27,27,51,38,17,17,5,29,0],"gold":184,"neow_bonus":"UPGRADE_CARD","is_prod":false,"is_daily":false,"chose_seed":false,"campfire_upgraded":2,"win_rate":0,"timestamp":1550772906,"path_taken":["M","?","?","?","M","E","M","?","T","R","?","$","?","E","R","BOSS","M","M","$","M","?","E","R","E","T","R","M","E","M","M","R","BOSS"],"build_version":"2019-01-23","purchased_purges":0,"victory":false,"max_hp_per_floor":[75,75,75,75,75,75,75,75,75,75,75,82,82,82,82,82,82,82,82,82,82,82,82,82,82,82,82,82,82,82,82,82,82],"card_choices":[{"not_picked":["Darkness","Steam"],"picked":"Cold Snap","floor":1},{"not_picked":["Ball Lightning","Hologram"],"picked":"Gash","floor":4},{"not_picked":["Blizzard","Stack","Chaos"],"picked":"SKIP","floor":5},{"not_picked":["White Noise","Leap"],"picked":"Loop","floor":6},{"not_picked":["Blizzard","Melter"],"picked":"Double Energy","floor":7},{"not_picked":["Steam","BootSequence"],"picked":"Stack","floor":11},{"not_picked":["Hologram","Sweeping Beam"],"picked":"Machine Learning","floor":14},{"not_picked":["Reboot","Creative AI"],"picked":"Electrodynamics","floor":16},{"not_picked":["Self Repair","Cold Snap"],"picked":"Ball Lightning","floor":18},{"not_picked":["Chaos","Recycle"],"picked":"Beam Cell+1","floor":19},{"not_picked":["Chaos+1","Cold Snap+1"],"picked":"Hello World","floor":21},{"not_picked":["Redo","Thunder Strike"],"picked":"Beam Cell","floor":23},{"not_picked":["Tempest+1","Turbo"],"picked":"Sweeping Beam","floor":25},{"not_picked":["Rip and Tear","Coolheaded"],"picked":"Barrage+1","floor":28},{"not_picked":["BootSequence","Sunder"],"picked":"Stack","floor":29},{"not_picked":["Cold Snap","Streamline"],"picked":"Leap","floor":30},{"not_picked":["Cold Snap","Consume+1"],"picked":"Rebound+1","floor":31}],"player_experience":208477,"relics_obtained":[{"floor":6,"key":"Thread and Needle"},{"floor":11,"key":"Odd Mushroom"},{"floor":14,"key":"WingedGreaves"},{"floor":23,"key":"Ancient Tea Set"},{"floor":25,"key":"Kunai"},{"floor":26,"key":"Potion Belt"},{"floor":29,"key":"Frozen Egg 2"}],"event_choices":[{"damage_healed":0,"gold_gain":0,"player_choice":"Entered Light","damage_taken":15,"max_hp_gain":0,"max_hp_loss":0,"event_name":"Shining Light","floor":2,"gold_loss":0,"cards_upgraded":["Defend_B","Strike_B"]},{"damage_healed":0,"gold_gain":0,"player_choice":"Upgraded","damage_taken":0,"max_hp_gain":0,"max_hp_loss":0,"event_name":"Upgrade Shrine","floor":3,"gold_loss":0,"cards_upgraded":["Cold Snap"]},{"damage_healed":0,"gold_gain":0,"player_choice":"Grow","damage_taken":0,"max_hp_gain":0,"max_hp_loss":0,"event_name":"Living Wall","floor":8,"gold_loss":0,"cards_upgraded":["Loop"]},{"damage_healed":0,"gold_gain":0,"player_choice":"Fought Mushrooms","damage_taken":0,"max_hp_gain":0,"max_hp_loss":0,"event_name":"Mushrooms","floor":11,"gold_loss":0},{"damage_healed":0,"gold_gain":75,"player_choice":"Gather Gold","damage_taken":11,"max_hp_gain":0,"max_hp_loss":0,"event_name":"World of Goop","floor":13,"gold_loss":0},{"damage_healed":0,"gold_gain":0,"player_choice":"0 cards matched","damage_taken":0,"max_hp_gain":0,"max_hp_loss":0,"event_name":"Match and Keep!","floor":22,"gold_loss":0,"cards_obtained":[]}],"is_beta":false,"boss_relics":[{"not_picked":["Philosopher\u0027s Stone","Runic Dome"],"picked":"Sozu"}],"items_purged_floors":[],"is_endless":false,"potions_floor_spawned":[5,11,16,19,28,30,31],"killed_by":"Automaton","ascension_level":0}