{"gold_per_floor":[114,124,124,135,148,182,196,212,236,236,246,257,257,271,271,373,373,385,405,416,430,229,254,266,285,340,340],"floor_reached":27,"playtime":3747,"items_purged":[],"score":306,"play_id":"0110e2c4-815e-4704-96cb-6e479195c0a6","local_time":"20190317012328","is_ascension_mode":true,"campfire_choices":[{"floor":13,"key":"REST"},{"data":"Metallicize","floor":15,"key":"SMITH"}],"neow_cost":"NONE","seed_source_timestamp":352956063161260,"circlet_count":0,"master_deck":["Strike_R","Strike_R","Strike_R","Strike_R","Strike_R","Defend_R","Defend_R+1","Defend_R","Defend_R","Bash","Armaments+1","Clothesline","Metallicize+1","Body Slam","Reckless Charge","True Grit","Sword Boomerang","Pommel Strike","Ghostly Armor","Immolate","Reckless Charge+1","Feel No Pain","Dropkick+1","Evolve","Finesse","Flame Barrier","Power Through+1","Second Wind"],"relics":["Burning Blood","Strawberry","Oddly Smooth Stone","Mummified Hand","War Paint","Runic Pyramid","Happy Flower","Centennial Puzzle"],"potions_floor_usage":[5,6,7,10,11,12,16,16,20,23],"damage_taken":[{"damage":9,"enemies":"Jaw Worm","floor":1,"turns":5},{"damage":1,"enemies":"Cultist","floor":2,"turns":4},{"damage":1,"enemies":"2 Louse","floor":4,"turns":3},{"damage":29,"enemies":"Gremlin Gang","floor":5,"turns":8},{"damage":34,"enemies":"Gremlin Nob","floor":6,"turns":6},{"damage":15,"enemies":"Exordium Wildlife","floor":7,"turns":6},{"damage":9,"enemies":"3 Louse","floor":8,"turns":6},{"damage":7,"enemies":"Exordium Thugs","floor":11,"turns":6},{"damage":9,"enemies":"2 Fungi Beasts","floor":12,"turns":3},{"damage":5,"enemies":"Blue Slaver","floor":14,"turns":4},{"damage":43,"enemies":"Hexaghost","floor":16,"turns":15},{"damage":12,"enemies":"Shell Parasite","floor":18,"turns":6},{"damage":15,"enemies":"2 Thieves","floor":19,"turns":3},{"damage":28,"enemies":"Snecko","floor":20,"turns":7},{"damage":6,"enemies":"Cultist and Chosen","floor":21,"turns":6},{"damage":29,"enemies":"Book of Stabbing","floor":23,"turns":7},{"damage":14,"enemies":"Chosen and Byrds","floor":24,"turns":6},{"damage":9,"enemies":"3 Cultists","floor":25,"turns":6},{"damage":17,"enemies":"Centurion and Healer","floor":27,"turns":1}],"seed_played":"-3020897110987315264","potions_obtained":[{"floor":1,"key":"Poison Potion"},{"floor":5,"key":"Regen Potion"},{"floor":6,"key":"LiquidBronze"},{"floor":7,"key":"Regen Potion"},{"floor":10,"key":"Fruit Juice"},{"floor":10,"key":"SkillPotion"},{"floor":10,"key":"SneckoOil"},{"floor":11,"key":"Energy Potion"},{"floor":19,"key":"Explosive Potion"},{"floor":21,"key":"BloodPotion"},{"floor":25,"key":"SpeedPotion"}],"is_trial":false,"path_per_floor":["?","?","M","M"],"character_chosen":"IRONCLAD","items_purchased":["Evolve","SteroidPotion","Finesse"],"campfire_rested":1,"item_purchase_floors":[22,22,22],"current_hp_per_floor":[84,87,75,80,57,41,32,29,29,34,33,30,57,58,58,36,78,72,63,41,41,41,27,19,16,16,0],"gold":340,"neow_bonus":"RANDOM_COMMON_RELIC","is_prod":false,"is_daily":false,"chose_seed":false,"campfire_upgraded":1,"win_rate":0,"timestamp":1552785808,"path_taken":["M","M","?","M","M","E","M","M","T","?","?","M","R","M","R","BOSS","M","M","?","M","$","E","M","M","T","M"],"build_version":"2019-01-23","purchased_purges":0,"victory":false,"max_hp_per_floor":[87,87,87,87,87,87,87,87,87,92,92,92,92,92,92,92,92,92,92,92,92,92,92,92,92,92,92],"card_choices":[{"not_picked":["Burning Pact","Flame Barrier"],"picked":"Armaments","floor":1},{"not_picked":["Disarm","True Grit"],"picked":"Clothesline","floor":2},{"not_picked":["Clash","Heavy Blade"],"picked":"Metallicize","floor":4},{"not_picked":["Flex","Spot Weakness"],"picked":"Body Slam","floor":5},{"not_picked":["Body Slam","Pommel Strike"],"picked":"Reckless Charge","floor":6},{"not_picked":["Warcry","Heavy Blade"],"picked":"True Grit","floor":7},{"not_picked":["Headbutt","Uppercut"],"picked":"Sword Boomerang","floor":8},{"not_picked":["Anger","Brutality"],"picked":"Pommel Strike","floor":11},{"not_picked":["Twin Strike","Wild Strike"],"picked":"Ghostly Armor","floor":12},{"not_picked":["Clothesline","Perfected Strike","Wild Strike"],"picked":"SKIP","floor":14},{"not_picked":["Dark Embrace","Demon Form"],"picked":"Immolate","floor":16},{"not_picked":["Headbutt","Wild Strike"],"picked":"Reckless Charge+1","floor":18},{"not_picked":["Pommel Strike","Carnage","Pummel"],"picked":"SKIP","floor":19},{"not_picked":["Anger","Twin Strike+1"],"picked":"Feel No Pain","floor":20},{"not_picked":["Anger","Headbutt"],"picked":"Dropkick+1","floor":21},{"not_picked":["Flex","Pommel Strike"],"picked":"Flame Barrier","floor":23},{"not_picked":["Blood for Blood","Battle Trance+1"],"picked":"Power Through+1","floor":24},{"not_picked":["Wild Strike","Anger+1"],"picked":"Second Wind","floor":25}],"player_experience":250403,"relics_obtained":[{"floor":6,"key":"Mummified Hand"},{"floor":9,"key":"War Paint"},{"floor":23,"key":"Happy Flower"},{"floor":26,"key":"Centennial Puzzle"}],"event_choices":[{"damage_healed":0,"gold_gain":0,"player_choice":"Success","damage_taken":12,"relics_obtained":["Oddly Smooth Stone"],"max_hp_gain":0,"max_hp_loss":0,"event_name":"Scrap Ooze","floor":3,"gold_loss":0},{"damage_healed":0,"gold_gain":0,"player_choice":"Got Potions","damage_taken":0,"max_hp_gain":0,"max_hp_loss":0,"event_name":"Lab","floor":10,"gold_loss":0}],"is_beta":false,"boss_relics":[{"not_picked":["Fusion Hammer","Empty Cage"],"picked":"Runic Pyramid"}],"items_purged_floors":[],"is_endless":false,"potions_floor_spawned":[1,5,6,7,11,19,21,25],"killed_by":"Centurion and Healer","ascension_level":5}