{"path_per_floor":["M","M","M","$","M","R","M","R","T","?","R","M","?","M","R","B",null,"M","M","M","$","M","R","M","?","T","R","E","R","M","M","R","B",null,"M","M"],"character_chosen":"DEFECT","items_purchased":["Capacitor","Ice Cream"],"gold_per_floor":[109,129,145,97,116,116,127,127,180,180,180,194,194,212,212,310,310,294,308,327,23,35,35,45,0,47,47,72,72,90,100,100,202,202,219,238,238],"floor_reached":37,"campfire_rested":3,"playtime":2959,"current_hp_per_floor":[69,69,68,68,65,65,63,63,63,51,51,42,35,35,35,28,75,75,75,68,68,26,48,32,32,32,54,30,52,43,43,43,18,75,58,5,0],"items_purged":[],"gold":238,"score":387,"play_id":"301e828f-04e9-48e9-a513-66ba9229835c","local_time":"20180504115330","is_prod":false,"is_daily":false,"chose_seed":false,"is_ascension_mode":false,"campfire_upgraded":5,"timestamp":1525449210,"path_taken":["M","M","M","$","M","R","?","R","T","?","R","M","?","M","R","BOSS","M","M","M","$","M","R","M","?","T","R","E","R","M","M","R","BOSS","M","M","M"],"build_version":"2018-05-03","seed_source_timestamp":66122363056988,"purchased_purges":0,"victory":false,"master_deck":["Strike_B","Strike_B","Strike_B","Defend_B","Defend_B","Defend_B","Defend_B","Zap+1","Dualcast","Axe Kick","Leap","Rebound","Capacitor+1","Auto Shields+1","Cold Snap","Glacier+1","Capacitor","Undo+1","Impulse","Hologram+1","Go for the Eyes+1","Coolheaded","Parasite","Buffer+1","Hello World+1","Amplify","Barrage","Stack+1"],"max_hp_per_floor":[75,75,75,75,75,75,75,75,75,75,75,75,75,75,75,75,75,75,75,75,75,75,75,75,75,75,75,75,75,75,75,75,75,75,75,75,75],"relics":["Cracked Core","DataDisk","Pen Nib","Gremlin Horn","Cursed Key","Ice Cream","Ancient Tea Set","Happy Flower","Snecko Eye"],"card_choices":[{"not_picked":["Impulse","Beam Cell"],"picked":"Axe Kick","floor":1},{"not_picked":["Sweeping Beam","Skim"],"picked":"Leap","floor":2},{"not_picked":["Coolheaded","Beam Cell"],"picked":"Rebound","floor":3},{"not_picked":["Aggregate","Blizzard"],"picked":"Auto Shields","floor":5},{"not_picked":["Skim","Rebound"],"picked":"Cold Snap","floor":7},{"not_picked":["Cold Snap","Impulse"],"picked":"Glacier","floor":12},{"not_picked":["Aggregate","Reboot"],"picked":"Capacitor","floor":14},{"not_picked":["Axe Kick","Aggregate"],"picked":"Undo","floor":18},{"not_picked":["Rebound","Turbo"],"picked":"Impulse","floor":19},{"not_picked":["Doom and Gloom","Sweeping Beam"],"picked":"Hologram","floor":20},{"not_picked":["Impulse","Genetic Algorithm"],"picked":"Go for the Eyes","floor":22},{"not_picked":["Skim","FTL"],"picked":"Coolheaded","floor":24},{"not_picked":["Conserve Battery","Chill"],"picked":"Buffer","floor":28},{"not_picked":["Chill","Auto Shields"],"picked":"Hello World","floor":30},{"not_picked":["Redo","Nova"],"picked":"Amplify","floor":33},{"not_picked":["Go for the Eyes","Genetic Algorithm"],"picked":"Barrage","floor":35},{"not_picked":["Ball Lightning","Go for the Eyes"],"picked":"Stack","floor":36}],"player_experience":204400,"potions_floor_usage":[16,20,20,28,36],"damage_taken":[{"damage":6,"enemies":"Cultist","floor":1,"turns":3},{"damage":0,"enemies":"2 Louse","floor":2,"turns":2},{"damage":1,"enemies":"Small Slimes","floor":3,"turns":3},{"damage":3,"enemies":"Red Slaver","floor":5,"turns":2},{"damage":2,"enemies":"Blue Slaver","floor":7,"turns":4},{"damage":9,"enemies":"Large Slime","floor":12,"turns":7},{"damage":0,"enemies":"2 Fungi Beasts","floor":14,"turns":2},{"damage":7,"enemies":"The Guardian","floor":16,"turns":17},{"damage":0,"enemies":"2 Thieves","floor":18,"turns":4},{"damage":0,"enemies":"Spheric Guardian","floor":19,"turns":7},{"damage":27,"enemies":"Centurion and Healer","floor":20,"turns":18},{"damage":51,"enemies":"3 Cultists","floor":22,"turns":8},{"damage":16,"enemies":"Snake Plant","floor":24,"turns":7},{"damage":44,"enemies":"Slavers","floor":28,"turns":14},{"damage":9,"enemies":"Slaver and Parasite","floor":30,"turns":13},{"damage":0,"enemies":"Snecko","floor":31,"turns":6},{"damage":25,"enemies":"Automaton","floor":33,"turns":14},{"damage":17,"enemies":"3 Darklings","floor":35,"turns":8},{"damage":53,"enemies":"Flame Bruiser 1 Orb","floor":36,"turns":6},{"damage":11,"enemies":"3 Darklings","floor":37,"turns":1}],"event_choices":[{"event_name":"Scrap Ooze","player_choice":"success","floor":10,"damage_taken":12},{"event_name":"Golden Wing","player_choice":"Card Removal","floor":13,"damage_taken":0},{"event_name":"Masked Bandits","player_choice":"Paid Bandits 45 gold","floor":25,"damage_taken":0}],"boss_relics":[{"not_picked":["Philosopher\u0027s Stone","Calling Bell"],"picked":"Cursed Key"},{"not_picked":["Astrolabe","Tiny House"],"picked":"Snecko Eye"}],"potions_floor_spawned":[2,5,7,12,19,22,30,33],"seed_played":"8528668850195237603","killed_by":"3 Darklings","ascension_level":0,"is_trial":false}