{"gold_per_floor":[116,127,127,46,46,46,72,72,120,150,150,150,184,194,194,299,299,309,320,19,19,19,50,50,50,76,104,117,117,17,47,47,148,148,161,178,190,108,208,241,241,271,271,305,319,319,332,36,36,36],"floor_reached":51,"playtime":2556,"items_purged":["Regret","Shame","Regret"],"score":1067,"play_id":"7a449803-0511-40d0-817a-4e6f364b7e83","local_time":"20190321014621","is_ascension_mode":true,"campfire_choices":[{"data":"Inflame","floor":6,"key":"SMITH"},{"floor":12,"key":"REST"},{"data":"Searing Blow+1","floor":15,"key":"SMITH"},{"floor":25,"key":"REST"},{"data":"1","floor":32,"key":"LIFT"},{"floor":41,"key":"REST"},{"floor":49,"key":"REST"}],"neow_cost":"TEN_PERCENT_HP_LOSS","seed_source_timestamp":169653437156446,"circlet_count":0,"master_deck":["Strike_R+1","Strike_R+1","Strike_R+1","Defend_R+1","Defend_R+1","Defend_R+1","Defend_R+1","Bash","Inflame+1","Carnage","Power Through+1","Evolve","Wild Strike","Dropkick+1","Dropkick+1","Searing Blow+2","Reaper+1","Clothesline+1","Clothesline+1","Flame Barrier","Flame Barrier","Immolate+1","Armaments+1","Sever Soul+1","Carnage+1","Juggernaut","Blood for Blood+1","Clothesline+1","Perfected Strike+1","Mayhem","Perfected Strike+1","Mayhem","Sever Soul+1"],"relics":["Burning Blood","War Paint","Juzu Bracelet","Whetstone","Molten Egg 2","Dead Branch","Regal Pillow","Snecko Eye","Anchor","Boot","Girya","PreservedInsect","Strawberry","Cursed Key","Torii","Centennial Puzzle","Mummified Hand","The Courier","Happy Flower"],"potions_floor_usage":[7,10,13,27,42,44],"damage_taken":[{"damage":6,"enemies":"2 Louse","floor":1,"turns":2},{"damage":6,"enemies":"Jaw Worm","floor":2,"turns":6},{"damage":23,"enemies":"3 Sentries","floor":7,"turns":10},{"damage":16,"enemies":"Gremlin Nob","floor":10,"turns":4},{"damage":22,"enemies":"3 Sentries","floor":13,"turns":7},{"damage":0,"enemies":"Cultist","floor":14,"turns":2},{"damage":43,"enemies":"Slime Boss","floor":16,"turns":10},{"damage":4,"enemies":"Spheric Guardian","floor":18,"turns":3},{"damage":24,"enemies":"Shell Parasite","floor":19,"turns":3},{"damage":32,"enemies":"Slavers","floor":23,"turns":5},{"damage":0,"enemies":"Gremlin Leader","floor":27,"turns":4},{"damage":0,"enemies":"3 Cultists","floor":28,"turns":3},{"damage":22,"enemies":"Book of Stabbing","floor":31,"turns":5},{"damage":64,"enemies":"Collector","floor":33,"turns":7},{"damage":10,"enemies":"3 Darklings","floor":35,"turns":5},{"damage":0,"enemies":"3 Shapes","floor":36,"turns":1},{"damage":5,"enemies":"3 Darklings","floor":37,"turns":3},{"damage":8,"enemies":"Mind Bloom Boss Battle","floor":39,"turns":5},{"damage":31,"enemies":"Giant Head","floor":40,"turns":6},{"damage":25,"enemies":"Reptomancer","floor":42,"turns":4},{"damage":1,"enemies":"Nemesis","floor":44,"turns":3},{"damage":3,"enemies":"Transient","floor":45,"turns":5},{"damage":32,"enemies":"Spire Growth","floor":47,"turns":4},{"damage":53,"enemies":"Donu and Deca","floor":50,"turns":6}],"seed_played":"4160367089094515716","potions_obtained":[{"floor":1,"key":"AttackPotion"},{"floor":2,"key":"Block Potion"},{"floor":7,"key":"Strength Potion"},{"floor":10,"key":"Weak Potion"},{"floor":18,"key":"Fire Potion"},{"floor":23,"key":"SpeedPotion"},{"floor":28,"key":"BloodPotion"},{"floor":42,"key":"FearPotion"},{"floor":44,"key":"PowerPotion"}],"is_trial":false,"path_per_floor":["?","?","?","?","?","?","?","?","?"],"character_chosen":"IRONCLAD","items_purchased":["Evolve","Flame Barrier","Anchor","Blood for Blood+1","Mayhem","Sever Soul+1"],"campfire_rested":4,"item_purchase_floors":[4,20,20,38,48,48],"current_hp_per_floor":[72,72,65,65,72,72,55,55,55,45,45,66,50,56,56,19,59,61,43,43,43,43,27,27,63,63,72,72,72,72,63,63,23,65,79,79,79,79,77,54,79,76,76,79,79,69,43,43,79,44],"gold":36,"neow_bonus":"TRANSFORM_TWO_CARDS","is_prod":false,"is_daily":false,"chose_seed":false,"campfire_upgraded":2,"win_rate":0,"timestamp":1553157981,"path_taken":["M","M","?","$","?","R","E","?","T","E","?","R","E","M","R","BOSS","M","M","$","?","?","E","$","R","T","E","M","?","$","E","R","BOSS","M","M","M","$","?","E","R","E","T","E","M","?","M","$","R","BOSS"],"build_version":"2019-01-23","purchased_purges":3,"victory":true,"max_hp_per_floor":[72,72,72,72,72,72,72,72,72,72,72,72,72,72,72,72,72,72,72,72,72,72,72,72,72,72,72,72,72,72,79,79,79,79,79,79,79,79,79,79,79,79,79,79,79,79,79,79,79,79],"card_choices":[{"not_picked":["Twin Strike","Seeing Red"],"picked":"Carnage","floor":1},{"not_picked":["Sever Soul","Twin Strike"],"picked":"Power Through","floor":2},{"not_picked":["Offering","Havoc"],"picked":"Wild Strike","floor":7},{"not_picked":["Warcry","Infernal Blade"],"picked":"Dropkick","floor":10},{"not_picked":["Pommel Strike+1","Havoc"],"picked":"Dropkick+1","floor":13},{"not_picked":["Battle Trance","Iron Wave+1"],"picked":"Searing Blow+1","floor":14},{"not_picked":["Feed+1","Bludgeon+1"],"picked":"Reaper+1","floor":16},{"not_picked":["Metallicize+1","Pommel Strike+1"],"picked":"Clothesline+1","floor":18},{"not_picked":["Sentinel","Heavy Blade+1"],"picked":"Clothesline+1","floor":19},{"not_picked":["Shockwave","Body Slam+1"],"picked":"Immolate+1","floor":23},{"not_picked":["Thunderclap+1","Disarm","Armaments+1"],"picked":"SKIP","floor":27},{"not_picked":["Thunderclap+1","Disarm"],"picked":"Armaments+1","floor":27},{"not_picked":["Flex+1","True Grit"],"picked":"Sever Soul+1","floor":28},{"not_picked":["Reckless Charge+1","Entrench+1"],"picked":"Carnage+1","floor":31},{"not_picked":["Berserk","Impervious"],"picked":"Juggernaut","floor":33},{"not_picked":["Battle Trance","Warcry+1","Hemokinesis+1"],"picked":"SKIP","floor":35},{"not_picked":["Pummel+1","Battle Trance+1","Shrug It Off+1"],"picked":"SKIP","floor":36},{"not_picked":["Rupture","Battle Trance+1","Sword Boomerang+1"],"picked":"SKIP","floor":37},{"not_picked":["True Grit","Twin Strike+1"],"picked":"Clothesline+1","floor":39},{"not_picked":["Iron Wave+1","Headbutt+1","Armaments+1"],"picked":"SKIP","floor":40},{"not_picked":["Berserk","Battle Trance+1","Wild Strike+1"],"picked":"SKIP","floor":42},{"not_picked":["Berserk","Battle Trance+1","Wild Strike+1"],"picked":"SKIP","floor":42},{"not_picked":["Armaments","Warcry"],"picked":"Perfected Strike+1","floor":44},{"not_picked":["Entrench+1","Dropkick+1","True Grit"],"picked":"SKIP","floor":45},{"not_picked":["Forethought","Purity"],"picked":"Mayhem","floor":46},{"not_picked":["Warcry+1","Headbutt+1"],"picked":"Perfected Strike+1","floor":47}],"player_experience":85068,"relics_obtained":[{"floor":7,"key":"Juzu Bracelet"},{"floor":9,"key":"Whetstone"},{"floor":10,"key":"Molten Egg 2"},{"floor":13,"key":"Regal Pillow"},{"floor":23,"key":"Girya"},{"floor":27,"key":"PreservedInsect"},{"floor":31,"key":"Strawberry"},{"floor":39,"key":"Torii"},{"floor":40,"key":"Centennial Puzzle"},{"floor":42,"key":"Mummified Hand"},{"floor":43,"key":"The Courier"},{"floor":44,"key":"Happy Flower"}],"event_choices":[{"damage_healed":0,"gold_gain":0,"player_choice":"Success","damage_taken":7,"relics_obtained":["War Paint"],"max_hp_gain":0,"max_hp_loss":0,"event_name":"Scrap Ooze","floor":3,"gold_loss":0},{"cards_removed":["Hemokinesis"],"damage_healed":7,"gold_gain":0,"player_choice":"Offered Uncommon","damage_taken":0,"max_hp_gain":0,"max_hp_loss":0,"event_name":"Bonfire Elementals","floor":5,"gold_loss":0},{"damage_healed":0,"gold_gain":0,"player_choice":"Ignored","damage_taken":0,"max_hp_gain":0,"max_hp_loss":0,"event_name":"Liars Game","floor":8,"gold_loss":0},{"damage_healed":0,"gold_gain":0,"player_choice":"Box","damage_taken":0,"relics_obtained":["Dead Branch"],"max_hp_gain":0,"max_hp_loss":0,"event_name":"Big Fish","floor":11,"gold_loss":0,"cards_obtained":["Regret"]},{"damage_healed":0,"gold_gain":0,"player_choice":"Read","damage_taken":0,"max_hp_gain":0,"max_hp_loss":0,"event_name":"The Library","floor":21,"gold_loss":0,"cards_obtained":["Flame Barrier"]},{"damage_healed":0,"gold_gain":0,"player_choice":"Stole Relic","damage_taken":0,"relics_obtained":["Boot"],"max_hp_gain":0,"max_hp_loss":0,"event_name":"Addict","floor":22,"gold_loss":0,"cards_obtained":["Shame"]},{"damage_healed":0,"gold_gain":0,"player_choice":"Simplicity","damage_taken":0,"max_hp_gain":0,"max_hp_loss":0,"event_name":"Back to Basics","floor":29,"gold_loss":0,"cards_upgraded":["Strike_R","Defend_R","Defend_R","Defend_R"]},{"damage_healed":0,"gold_gain":0,"player_choice":"Fight","damage_taken":0,"max_hp_gain":0,"max_hp_loss":0,"event_name":"MindBloom","floor":39,"gold_loss":0},{"damage_healed":0,"gold_gain":0,"player_choice":"Memory 3","damage_taken":10,"max_hp_gain":0,"max_hp_loss":0,"event_name":"SensoryStone","floor":46,"gold_loss":0}],"is_beta":false,"boss_relics":[{"not_picked":["Runic Dome","Tiny House"],"picked":"Snecko Eye"},{"not_picked":["Lizard Tail","Coffee Dripper"],"picked":"Cursed Key"}],"items_purged_floors":[20,30,48],"is_endless":false,"potions_floor_spawned":[1,2,7,10,18,23,28,36,37,40,42,44],"ascension_level":6}