{"gold_per_floor":[117,117,67,67,81,91,91,65,65,65,140,154,175,175],"floor_reached":14,"playtime":276,"items_purged":[],"score":86,"play_id":"12da4844-0f9d-416c-b95b-62520d3ca0d0","local_time":"20181211002102","is_ascension_mode":true,"campfire_choices":[{"data":"Conserve Battery","floor":7,"key":"SMITH"},{"data":"Zap","floor":10,"key":"SMITH"}],"neow_cost":"NONE","seed_source_timestamp":39937301453700,"circlet_count":0,"master_deck":["Strike_B","Strike_B","Strike_B","Defend_B","Defend_B","Defend_B","Defend_B","Zap+1","Dualcast","Turbo+1","Leap","Conserve Battery+1","Leap","Gash"],"relics":["Cracked Core","NeowsBlessing","Bag of Marbles","Odd Mushroom"],"potions_floor_usage":[12,14],"damage_taken":[{"damage":0,"enemies":"Jaw Worm","floor":1,"turns":1},{"damage":0,"enemies":"Small Slimes","floor":5,"turns":1},{"damage":0,"enemies":"2 Louse","floor":6,"turns":1},{"damage":10,"enemies":"2 Fungi Beasts","floor":12,"turns":4},{"damage":23,"enemies":"The Mushroom Lair","floor":13,"turns":6},{"damage":42,"enemies":"Gremlin Nob","floor":14,"turns":4}],"seed_played":"6025926054939117001","potions_obtained":[{"floor":5,"key":"SkillPotion"},{"floor":6,"key":"Energy Potion"},{"floor":13,"key":"Swift Potion"}],"is_trial":false,"path_per_floor":["M","?","?","$","M","M","R","$","T","R","?","M","?","E"],"character_chosen":"DEFECT","items_purchased":["Leap"],"campfire_rested":0,"item_purchase_floors":[8],"current_hp_per_floor":[75,75,75,75,75,75,75,75,75,75,64,54,31,0],"gold":175,"neow_bonus":"THREE_ENEMY_KILL","is_prod":false,"is_daily":false,"chose_seed":false,"campfire_upgraded":2,"win_rate":0,"timestamp":1544505662,"path_taken":["M","?","?","?","?","M","R","$","T","R","?","M","?","E"],"build_version":"2018-12-06","purchased_purges":0,"victory":false,"max_hp_per_floor":[75,75,75,75,75,75,75,75,75,75,75,75,75,75],"card_choices":[{"not_picked":["Reinforced Body","Cold Snap"],"picked":"Turbo","floor":1},{"not_picked":["Heatsinks","Go for the Eyes"],"picked":"Leap","floor":5},{"not_picked":["Loop","Stack"],"picked":"Conserve Battery","floor":6},{"not_picked":["Sweeping Beam","BootSequence"],"picked":"Gash","floor":12}],"player_experience":297548,"relics_obtained":[{"floor":9,"key":"Bag of Marbles"},{"floor":13,"key":"Odd Mushroom"}],"event_choices":[{"damage_healed":0,"gold_gain":0,"player_choice":"Grow","damage_taken":0,"max_hp_gain":0,"max_hp_loss":0,"event_name":"Living Wall","floor":2,"gold_loss":0,"cards_upgraded":["Turbo"]},{"cards_removed":["Strike_B"],"damage_healed":0,"gold_gain":0,"player_choice":"Card Removal","damage_taken":0,"max_hp_gain":0,"max_hp_loss":0,"event_name":"The Cleric","floor":3,"gold_loss":50},{"damage_healed":0,"gold_gain":75,"player_choice":"Gather Gold","damage_taken":11,"max_hp_gain":0,"max_hp_loss":0,"event_name":"World of Goop","floor":11,"gold_loss":0},{"damage_healed":0,"gold_gain":0,"player_choice":"Fought Mushrooms","damage_taken":0,"max_hp_gain":0,"max_hp_loss":0,"event_name":"Mushrooms","floor":13,"gold_loss":0}],"is_beta":true,"boss_relics":[],"items_purged_floors":[],"is_endless":false,"potions_floor_spawned":[5,6,13],"killed_by":"Gremlin Nob","ascension_level":2}