{"gold_per_floor":[110,121,134,151,168,203,217,232,300,300,300,327,327,342,342,446,446,460,460,460,460,470,470,72,87,110,144,144,157,172,72,72,167,167,183,229,229,104,115,115,115],"floor_reached":41,"playtime":1926,"items_purged":["Dodge and Roll","Strike_G+1","Strike_G+1"],"score":510,"play_id":"90e1a9c4-7fd6-42ca-bb00-df3380ad85b1","local_time":"20190207014607","is_ascension_mode":true,"campfire_choices":[{"data":"Masterful Stab","floor":11.0,"key":"SMITH"},{"floor":13.0,"key":"REST"},{"floor":15.0,"key":"REST"},{"data":"Envenom","floor":23.0,"key":"SMITH"},{"data":"Storm of Steel","floor":28.0,"key":"SMITH"},{"floor":32.0,"key":"REST"},{"data":"Storm of Steel","floor":40,"key":"SMITH"}],"neow_cost":"NONE","seed_source_timestamp":53479378229300,"circlet_count":0,"master_deck":["Defend_G+1","Defend_G+1","Defend_G+1","Defend_G+1","Defend_G+1","Strike_G+1","Strike_G+1","Strike_G+1","Survivor","Neutralize","Masterful Stab+1","Backstab","PiercingWail","Deadly Poison","Dagger Spray","Adrenaline","Sucker Punch+1","Blur","Crippling Poison","Envenom+1","Wraith Form v2","Cloak And Dagger+1","Storm of Steel+1","Infinite Blades","Accuracy","Cloak And Dagger+1","A Thousand Cuts","Storm of Steel+1"],"special_seed":0,"relics":["Ring of the Snake","Dead Branch","Meat on the Bone","Strawberry","Runic Pyramid","Enchiridion","Vajra","Snake Skull","Blood Vial","Sundial","Sozu","Turnip"],"potions_floor_usage":[36],"damage_taken":[{"damage":0.0,"enemies":"Cultist","floor":1.0,"turns":3.0},{"damage":0.0,"enemies":"Jaw Worm","floor":2.0,"turns":4.0},{"damage":0.0,"enemies":"Small Slimes","floor":3.0,"turns":2.0},{"damage":7.0,"enemies":"Gremlin Gang","floor":4.0,"turns":7.0},{"damage":0.0,"enemies":"2 Fungi Beasts","floor":5.0,"turns":3.0},{"damage":27.0,"enemies":"Lagavulin","floor":6.0,"turns":6.0},{"damage":0.0,"enemies":"Looter","floor":7.0,"turns":1.0},{"damage":6.0,"enemies":"Blue Slaver","floor":8.0,"turns":2.0},{"damage":23.0,"enemies":"3 Sentries","floor":12.0,"turns":7.0},{"damage":6.0,"enemies":"3 Louse","floor":14.0,"turns":3.0},{"damage":18.0,"enemies":"The Guardian","floor":16.0,"turns":13.0},{"damage":0.0,"enemies":"3 Byrds","floor":18.0,"turns":3.0},{"damage":10.0,"enemies":"2 Thieves","floor":22.0,"turns":3.0},{"damage":4.0,"enemies":"3 Cultists","floor":25.0,"turns":4.0},{"damage":19.0,"enemies":"Slavers","floor":27.0,"turns":4.0},{"damage":28.0,"enemies":"Shelled Parasite and Fungi","floor":29.0,"turns":5.0},{"damage":11.0,"enemies":"Snake Plant","floor":30.0,"turns":5.0},{"damage":30.0,"enemies":"Automaton","floor":33.0,"turns":10.0},{"damage":0,"enemies":"Orb Walker","floor":35,"turns":4},{"damage":27,"enemies":"2 Orb Walkers","floor":36,"turns":4},{"damage":4,"enemies":"3 Darklings","floor":39,"turns":4},{"damage":51,"enemies":"Reptomancer","floor":41,"turns":2}],"seed_played":"-5940672618217725379","potions_obtained":[{"floor":1.0,"key":"SpeedPotion"},{"floor":5.0,"key":"Strength Potion"},{"floor":12.0,"key":"Strength Potion"},{"floor":14.0,"key":"Explosive Potion"},{"floor":16.0,"key":"Weak Potion"},{"floor":18.0,"key":"Dexterity Potion"},{"floor":25.0,"key":"Fire Potion"},{"floor":33.0,"key":"Fire Potion"}],"is_trial":false,"path_per_floor":["M","M","M","M","M","E","M","M","T","?","R","E","R","M","R","B",null,"M","?","?","T","M","R","$","M","T","E","R","M","M","$","R","B",null,"M","?","?","$","M","R","E"],"character_chosen":"THE_SILENT","items_purchased":["Snake Skull","Storm of Steel","Infinite Blades"],"campfire_rested":3,"item_purchase_floors":[24,24,24],"current_hp_per_floor":[70,70,70,63,63,36,36,30,30,30,30,26,49,43,66,48,77,77,77,61,61,51,51,51,47,47,42,42,28,31,31,54,38,77,77,50,50,50,48,48,0],"gold":115,"neow_bonus":"THREE_CARDS","is_prod":false,"is_daily":false,"chose_seed":false,"campfire_upgraded":4,"win_rate":0,"timestamp":1549521967,"path_taken":["M","M","?","?","M","E","M","M","T","?","R","E","R","M","R","BOSS","M","?","?","?","M","R","$","M","T","E","R","M","?","$","R","BOSS","M","?","?","$","M","R","E"],"build_version":"2019-01-23","purchased_purges":3,"victory":false,"max_hp_per_floor":[70,70,70,70,70,70,70,70,70,70,70,77,77,77,77,77,77,77,77,77,77,77,77,77,77,77,77,77,77,77,77,77,77,77,77,77,77,77,77,77,77],"card_choices":[{"not_picked":["Blade Dance","Distraction"],"picked":"Masterful Stab","floor":0.0},{"not_picked":["Deflect","Slice"],"picked":"Backstab","floor":1.0},{"not_picked":["Distraction","Deadly Poison"],"picked":"PiercingWail","floor":2.0},{"not_picked":["Deflect","Quick Slash"],"picked":"Deadly Poison","floor":3.0},{"not_picked":["Choke","Prepared"],"picked":"Dagger Spray","floor":4.0},{"not_picked":["Infinite Blades","Dash"],"picked":"Adrenaline","floor":5.0},{"not_picked":["Dagger Throw","Underhanded Strike"],"picked":"Sucker Punch","floor":6.0},{"not_picked":["Quick Slash","Acrobatics"],"picked":"Dodge and Roll","floor":7.0},{"not_picked":["Flying Knee","Concentrate"],"picked":"Blur","floor":8.0},{"not_picked":["Expertise","Flechettes"],"picked":"Crippling Poison","floor":12.0},{"not_picked":["Heel Hook","Dagger Spray"],"picked":"Envenom","floor":14.0},{"not_picked":["Unload","Phantasmal Killer"],"picked":"Wraith Form v2","floor":16.0},{"not_picked":["Dodge and Roll","Underhanded Strike+1"],"picked":"Cloak And Dagger+1","floor":18.0},{"not_picked":["Dagger Throw","Reflex","Dagger Spray"],"picked":"SKIP","floor":22.0},{"not_picked":["Bane","Dagger Throw+1","Deadly Poison"],"picked":"SKIP","floor":25.0},{"not_picked":["All Out Attack+1","Well Laid Plans+1"],"picked":"Accuracy","floor":27.0},{"not_picked":["Blade Dance","Poisoned Stab"],"picked":"Cloak And Dagger+1","floor":29.0},{"not_picked":["Dodge and Roll","Dagger Throw+1","Reflex+1"],"picked":"SKIP","floor":30.0},{"not_picked":["Envenom","Adrenaline"],"picked":"A Thousand Cuts","floor":33.0},{"not_picked":["Dodge and Roll","Cloak And Dagger","Prepared+1"],"picked":"SKIP","floor":35},{"not_picked":["Blade Dance","Prepared","PiercingWail+1"],"picked":"SKIP","floor":39}],"player_experience":394161,"relics_obtained":[{"floor":6.0,"key":"Dead Branch"},{"floor":9.0,"key":"Meat on the Bone"},{"floor":12.0,"key":"Strawberry"},{"floor":20.0,"key":"Enchiridion"},{"floor":21.0,"key":"Vajra"},{"floor":26.0,"key":"Blood Vial"},{"floor":27.0,"key":"Sundial"},{"floor":36,"key":"Turnip"}],"event_choices":[{"damage_healed":0.0,"max_hp_gain":0.0,"max_hp_loss":0.0,"gold_gain":0.0,"event_name":"Living Wall","player_choice":"Grow","floor":10.0,"gold_loss":0.0,"damage_taken":0.0,"cards_upgraded":["Sucker Punch"]},{"damage_healed":0.0,"max_hp_gain":0.0,"max_hp_loss":0.0,"gold_gain":0.0,"event_name":"Back to Basics","player_choice":"Simplicity","floor":19.0,"gold_loss":0.0,"damage_taken":0.0,"cards_upgraded":["Defend_G","Defend_G","Defend_G","Defend_G","Defend_G","Strike_G","Strike_G","Strike_G","Strike_G","Strike_G"]},{"damage_healed":0.0,"max_hp_gain":0.0,"max_hp_loss":0.0,"gold_gain":0.0,"event_name":"Cursed Tome","player_choice":"Obtained Book","floor":20.0,"gold_loss":0.0,"damage_taken":16.0},{"damage_healed":0,"gold_gain":0,"player_choice":"Fight","damage_taken":0,"max_hp_gain":0,"max_hp_loss":0,"event_name":"Mysterious Sphere","floor":36,"gold_loss":0},{"damage_healed":0,"gold_gain":0,"player_choice":"1 cards matched","damage_taken":0,"max_hp_gain":0,"max_hp_loss":0,"event_name":"Match and Keep!","floor":37,"gold_loss":0,"cards_obtained":["Storm of Steel"]}],"is_beta":false,"boss_relics":[{"not_picked":["Lizard Tail","Astrolabe"],"picked":"Runic Pyramid"},{"not_picked":["Busted Crown","Snecko Eye"],"picked":"Sozu"}],"items_purged_floors":[24,31,38],"is_endless":false,"potions_floor_spawned":[1,5,12,14,16,18,25,33,36,39],"killed_by":"Reptomancer","ascension_level":4}