{"gold_per_floor":[119,119,134,145,58,58,93,104,104,104,279,279,279,305,305,305],"floor_reached":16,"playtime":604,"items_purged":[],"score":98,"play_id":"4ebae2d7-20f1-420e-bfd1-e1cfd913802e","local_time":"20190224142942","is_ascension_mode":false,"campfire_choices":[{"data":"Loop","floor":6,"key":"SMITH"},{"floor":13,"key":"REST"},{"data":"Double Energy","floor":15,"key":"SMITH"}],"neow_cost":"NONE","seed_source_timestamp":153505063474214,"circlet_count":0,"master_deck":["Strike_B+1","Strike_B","Strike_B+1","Strike_B+1","Defend_B","Defend_B","Defend_B","Defend_B","Zap","Dualcast","Multi-Cast+1","Rebound","Sweeping Beam","Loop+1","Bandage Up","Ball Lightning","Ball Lightning","Doubt","Double Energy+1"],"relics":["Cracked Core","Whetstone","Pen Nib","Odd Mushroom"],"potions_floor_usage":[7,14],"damage_taken":[{"damage":13,"enemies":"Jaw Worm","floor":1,"turns":3},{"damage":6,"enemies":"Small Slimes","floor":3,"turns":3},{"damage":0,"enemies":"2 Louse","floor":4,"turns":2},{"damage":21,"enemies":"3 Sentries","floor":7,"turns":5},{"damage":15,"enemies":"Lots of Slimes","floor":8,"turns":3},{"damage":4,"enemies":"The Mushroom Lair","floor":14,"turns":3},{"damage":42,"enemies":"Hexaghost","floor":16,"turns":7}],"seed_played":"-8037802526451496434","potions_obtained":[{"floor":3,"key":"EssenceOfSteel"},{"floor":4,"key":"FocusPotion"},{"floor":8,"key":"Fire Potion"}],"is_trial":false,"path_per_floor":["M","?","M","M","$","R","E","M","T","?","?","?","R","?","R","B"],"character_chosen":"DEFECT","items_purchased":["Bandage Up"],"campfire_rested":1,"item_purchase_floors":[5],"current_hp_per_floor":[62,62,56,56,56,56,39,24,24,9,9,14,38,38,38,0],"gold":305,"neow_bonus":"ONE_RANDOM_RARE_CARD","is_prod":false,"is_daily":false,"chose_seed":false,"campfire_upgraded":2,"win_rate":0,"timestamp":1551036582,"path_taken":["M","?","M","M","$","R","E","M","T","?","?","?","R","?","R","BOSS"],"build_version":"2019-01-23","purchased_purges":0,"victory":false,"max_hp_per_floor":[75,75,75,75,75,75,75,75,75,75,75,80,80,80,80,80],"card_choices":[{"not_picked":["Hologram","Go for the Eyes"],"picked":"Rebound","floor":1},{"not_picked":["Steam","Go for the Eyes"],"picked":"Sweeping Beam","floor":3},{"not_picked":["Hologram","FTL"],"picked":"Loop","floor":4},{"not_picked":["Hologram","Compile Driver"],"picked":"Ball Lightning","floor":7},{"not_picked":["Stack","Rip and Tear"],"picked":"Ball Lightning","floor":8},{"not_picked":["Steam","Beam Cell"],"picked":"Double Energy","floor":14}],"player_experience":212324,"relics_obtained":[{"floor":7,"key":"Whetstone"},{"floor":9,"key":"Pen Nib"},{"floor":14,"key":"Odd Mushroom"}],"event_choices":[{"damage_healed":0,"gold_gain":0,"player_choice":"Ignored","damage_taken":0,"max_hp_gain":0,"max_hp_loss":0,"event_name":"Golden Wing","floor":2,"gold_loss":0},{"damage_healed":0,"gold_gain":0,"player_choice":"Entered Light","damage_taken":15,"max_hp_gain":0,"max_hp_loss":0,"event_name":"Shining Light","floor":10,"gold_loss":0,"cards_upgraded":["Strike_B","Multi-Cast"]},{"damage_healed":0,"gold_gain":175,"player_choice":"AGREE","damage_taken":0,"max_hp_gain":0,"max_hp_loss":0,"event_name":"Liars Game","floor":11,"gold_loss":0,"cards_obtained":["Doubt"]},{"damage_healed":0,"gold_gain":0,"player_choice":"Donut","damage_taken":0,"max_hp_gain":5,"max_hp_loss":0,"event_name":"Big Fish","floor":12,"gold_loss":0},{"damage_healed":0,"gold_gain":0,"player_choice":"Fought Mushrooms","damage_taken":0,"max_hp_gain":0,"max_hp_loss":0,"event_name":"Mushrooms","floor":14,"gold_loss":0}],"is_beta":false,"boss_relics":[],"items_purged_floors":[],"is_endless":false,"potions_floor_spawned":[3,4,8],"killed_by":"Hexaghost","ascension_level":0}