{"gold_per_floor":[110,110,110,124,183,215,215,233,280,280,280,315,335,352,352,450,450,470,470,163,180,194,223,223,273,273,323,70,140,150,200,200,305,305,316,332,345,245,346,372,422,472,472,522,522,98,112,129,129,129,129,129,19,50,50],"floor_reached":55,"playtime":2366,"items_purged":["Strike_B","Decay","Parasite","Doubt"],"score":1195,"play_id":"3cf7eacb-33d2-42bc-8749-d2678d08ddb5","local_time":"20190419173036","is_ascension_mode":true,"campfire_choices":[{"data":"Streamline","floor":7.0,"key":"SMITH"},{"data":"Steam","floor":10.0,"key":"SMITH"},{"data":"Hologram","floor":15.0,"key":"SMITH"},{"data":"Biased Cognition","floor":24.0,"key":"SMITH"},{"data":"Defragment","floor":32.0,"key":"SMITH"},{"floor":45.0,"key":"RECALL"},{"data":"Fission","floor":49.0,"key":"SMITH"},{"data":"Defragment","floor":52.0,"key":"SMITH"}],"neow_cost":"NONE","seed_source_timestamp":0,"circlet_count":0,"master_deck":["AscendersBane","Strike_B+1","Strike_B+1","Strike_B+1","Defend_B+1","Defend_B+1","Defend_B+1","Defend_B+1","Zap+1","Dualcast+1","Compile Driver","Steam+1","Hologram+1","Chaos","Conserve Battery","Biased Cognition+1","Capacitor","Electrodynamics","Coolheaded","Tempest","Defragment+1","Glacier","Seek","Fission+1","Defragment+1","Creative AI","Static Discharge"],"special_seed":0,"relics":["Cracked Core","NeowsBlessing","Bronze Scales","Meat on the Bone","Ancient Tea Set","Anchor","Cursed Key","SsserpentHead","Medical Kit","Pantograph","Singing Bowl","Bottled Tornado","Runic Pyramid","Mango","Happy Flower","Omamori","Membership Card","Molten Egg 2","Cables"],"potions_floor_usage":[],"damage_taken":[{"damage":0.0,"enemies":"2 Louse","floor":1.0,"turns":1.0},{"damage":0.0,"enemies":"Jaw Worm","floor":4.0,"turns":1.0},{"damage":0.0,"enemies":"Lagavulin","floor":6.0,"turns":1.0},{"damage":1.0,"enemies":"Cultist","floor":8.0,"turns":2.0},{"damage":12.0,"enemies":"3 Sentries","floor":12.0,"turns":6.0},{"damage":0.0,"enemies":"2 Fungi Beasts","floor":13.0,"turns":2.0},{"damage":0.0,"enemies":"3 Louse","floor":14.0,"turns":2.0},{"damage":39.0,"enemies":"Hexaghost","floor":16.0,"turns":10.0},{"damage":0.0,"enemies":"Chosen","floor":18.0,"turns":3.0},{"damage":17.0,"enemies":"Spheric Guardian","floor":21.0,"turns":4.0},{"damage":15.0,"enemies":"Snake Plant","floor":22.0,"turns":3.0},{"damage":15.0,"enemies":"Gremlin Leader","floor":23.0,"turns":5.0},{"damage":12.0,"enemies":"Chosen and Byrds","floor":29.0,"turns":5.0},{"damage":0.0,"enemies":"3 Cultists","floor":30.0,"turns":3.0},{"damage":46.0,"enemies":"Collector","floor":33.0,"turns":11.0},{"damage":3.0,"enemies":"3 Shapes","floor":35.0,"turns":2.0},{"damage":0.0,"enemies":"Orb Walker","floor":36.0,"turns":2.0},{"damage":10.0,"enemies":"3 Darklings","floor":37.0,"turns":4.0},{"damage":0.0,"enemies":"2 Orb Walkers","floor":39.0,"turns":2.0},{"damage":24.0,"enemies":"Nemesis","floor":40.0,"turns":13.0},{"damage":0.0,"enemies":"Jaw Worm Horde","floor":47.0,"turns":2.0},{"damage":15.0,"enemies":"Sphere and 2 Shapes","floor":48.0,"turns":4.0},{"damage":31.0,"enemies":"Donu and Deca","floor":50.0,"turns":7.0},{"damage":63,"enemies":"Shield and Spear","floor":54,"turns":5},{"damage":65,"enemies":"The Heart","floor":55,"turns":2}],"seed_played":"-2956548141700946038","potions_obtained":[{"floor":8.0,"key":"SkillPotion"},{"floor":13.0,"key":"SpeedPotion"},{"floor":14.0,"key":"AttackPotion"},{"floor":16.0,"key":"SpeedPotion"},{"floor":22.0,"key":"Regen Potion"},{"floor":23.0,"key":"SkillPotion"},{"floor":37.0,"key":"Block Potion"},{"floor":39.0,"key":"Ancient Potion"}],"is_trial":false,"path_per_floor":["M","?","?","M","?","E","R","M","T","R","?","E","M","M","R","B",null,"M","?","$","M","M","E","R","?","T","?","$","M","M","?","R","B",null,"M","M","M","$","?","E","?","T","T","?","R","$","M","M","R","B",null,"R","$","E","B"],"character_chosen":"DEFECT","items_purchased":["Capacitor","Medical Kit","Bottled Tornado","Membership Card","Molten Egg 2","PowerPotion","Static Discharge"],"campfire_rested":0,"item_purchase_floors":[20,20,28,46,46,46,53],"current_hp_per_floor":[68,65,65,65,65,65,65,64,64,64,64,52,52,52,52,25,63,63,63,63,46,43,40,40,65,65,65,65,53,53,53,53,41,67,66,68,58,58,72,50,50,50,50,52,52,52,54,53,53,59,88,88,88,39,0],"gold":50,"neow_bonus":"THREE_ENEMY_KILL","is_prod":false,"is_daily":false,"chose_seed":false,"campfire_upgraded":7,"win_rate":0,"timestamp":1555709436,"path_taken":["M","?","?","?","?","E","R","M","T","R","?","E","M","M","R","BOSS","M","?","?","M","M","E","R","?","T","?","$","?","M","?","R","BOSS","M","M","M","$","?","E","?","?","T","?","R","$","M","M","R","BOSS","R","$","E","BOSS"],"build_version":"2019-01-23","purchased_purges":4,"victory":false,"max_hp_per_floor":[75,75,75,75,75,75,75,75,75,75,75,75,75,75,75,75,75,75,75,75,75,75,75,75,75,75,75,75,75,75,75,75,75,75,77,79,79,79,93,95,95,95,95,97,97,94,96,98,98,98,98,98,98,100,100],"card_choices":[{"not_picked":["Beam Cell","Coolheaded"],"picked":"Compile Driver","floor":1.0},{"not_picked":["Hologram","Redo"],"picked":"Streamline","floor":4.0},{"not_picked":["Sunder","Rip and Tear"],"picked":"Sweeping Beam","floor":6.0},{"not_picked":["Turbo","Heatsinks"],"picked":"Steam","floor":8.0},{"not_picked":["Beam Cell","Compile Driver"],"picked":"Hologram","floor":12.0},{"not_picked":["Genetic Algorithm","Amplify"],"picked":"Chaos","floor":13.0},{"not_picked":["Hello World","Steam"],"picked":"Conserve Battery","floor":14.0},{"not_picked":["Buffer","Reboot"],"picked":"Biased Cognition","floor":16.0},{"not_picked":["Barrage","Ball Lightning+1","Go for the Eyes"],"picked":"SKIP","floor":18.0},{"not_picked":["Auto Shields","Rebound"],"picked":"Electrodynamics","floor":21.0},{"not_picked":["Static Discharge","Steam Power"],"picked":"Coolheaded","floor":22.0},{"not_picked":["Blizzard+1","Genetic Algorithm","Chaos"],"picked":"SKIP","floor":23.0},{"not_picked":["Chaos","Rip and Tear"],"picked":"Tempest","floor":29.0},{"not_picked":["Ball Lightning","Recycle"],"picked":"Defragment","floor":30.0},{"not_picked":["Electrodynamics","Meteor Strike"],"picked":"Fission","floor":33.0},{"not_picked":["Consume","Sweeping Beam","Cold Snap"],"picked":"Singing Bowl","floor":35.0},{"not_picked":["Melter","Doom and Gloom","Rebound"],"picked":"Singing Bowl","floor":36.0},{"not_picked":["Scrape","Lockon+1"],"picked":"Defragment","floor":37.0},{"not_picked":["Compile Driver","Steam+1"],"picked":"Creative AI","floor":39.0},{"not_picked":["Rebound","Streamline","Redo"],"picked":"Singing Bowl","floor":40.0},{"not_picked":["HandOfGreed","Finesse","Deep Breath"],"picked":"Singing Bowl","floor":44.0},{"not_picked":["BootSequence","Conserve Battery","Cold Snap+1"],"picked":"Singing Bowl","floor":47.0},{"not_picked":["Aggregate","Leap","Streamline+1"],"picked":"Singing Bowl","floor":48.0},{"not_picked":["Sweeping Beam+1","Doom and Gloom+1","Redo+1"],"picked":"Singing Bowl","floor":54}],"player_experience":595133,"relics_obtained":[{"floor":6.0,"key":"Meat on the Bone"},{"floor":9.0,"key":"Ancient Tea Set"},{"floor":12.0,"key":"Anchor"},{"floor":23.0,"key":"Pantograph"},{"floor":26.0,"key":"Singing Bowl"},{"floor":39.0,"key":"Mango"},{"floor":40.0,"key":"Happy Flower"},{"floor":43.0,"key":"Omamori"},{"floor":54,"key":"Cables"}],"event_choices":[{"damage_healed":0.0,"max_hp_gain":0.0,"max_hp_loss":0.0,"gold_gain":0.0,"event_name":"Scrap Ooze","player_choice":"Success","floor":2.0,"gold_loss":0.0,"damage_taken":3.0,"relics_obtained":["Bronze Scales"]},{"damage_healed":0.0,"max_hp_gain":0.0,"max_hp_loss":0.0,"gold_gain":0.0,"event_name":"Upgrade Shrine","player_choice":"Upgraded","floor":3.0,"gold_loss":0.0,"damage_taken":0.0,"cards_upgraded":["Zap"]},{"damage_healed":0.0,"max_hp_gain":0.0,"max_hp_loss":0.0,"gold_gain":59.0,"event_name":"Golden Wing","player_choice":"Gained Gold","floor":5.0,"gold_loss":0.0,"damage_taken":0.0},{"damage_healed":0.0,"max_hp_gain":0.0,"max_hp_loss":0.0,"gold_gain":0.0,"event_name":"Living Wall","player_choice":"Grow","floor":11.0,"gold_loss":0.0,"damage_taken":0.0,"cards_upgraded":["Dualcast"]},{"damage_healed":0.0,"max_hp_gain":0.0,"max_hp_loss":0.0,"gold_gain":0.0,"event_name":"FaceTrader","player_choice":"Trade","floor":19.0,"gold_loss":0.0,"damage_taken":0.0,"relics_obtained":["SsserpentHead"]},{"damage_healed":25.0,"max_hp_gain":0.0,"max_hp_loss":0.0,"gold_gain":0.0,"event_name":"The Library","player_choice":"Heal","floor":25.0,"gold_loss":0.0,"damage_taken":0.0},{"damage_healed":0.0,"max_hp_gain":0.0,"max_hp_loss":0.0,"gold_gain":0.0,"event_name":"Back to Basics","player_choice":"Simplicity","floor":27.0,"gold_loss":0.0,"damage_taken":0.0,"cards_upgraded":["Strike_B","Strike_B","Strike_B","Defend_B","Defend_B","Defend_B","Defend_B"]},{"damage_healed":0.0,"max_hp_gain":0.0,"max_hp_loss":0.0,"gold_gain":0.0,"cards_transformed":["Streamline","Sweeping Beam"],"event_name":"Drug Dealer","player_choice":"Became Test Subject","floor":31.0,"gold_loss":0.0,"damage_taken":0.0,"cards_obtained":["Glacier","Seek"]},{"damage_healed":0.0,"max_hp_gain":0.0,"max_hp_loss":0.0,"gold_gain":0.0,"event_name":"Mysterious Sphere","player_choice":"Fight","floor":39.0,"gold_loss":0.0,"damage_taken":0.0},{"damage_healed":0.0,"max_hp_gain":0.0,"max_hp_loss":0.0,"gold_gain":0.0,"event_name":"Tomb of Lord Red Mask","player_choice":"Ignored","floor":41.0,"gold_loss":0.0,"damage_taken":0.0},{"damage_healed":0.0,"max_hp_gain":0.0,"max_hp_loss":0.0,"gold_gain":0.0,"event_name":"SensoryStone","player_choice":"Memory 1","floor":44.0,"gold_loss":0.0,"damage_taken":0.0}],"is_beta":false,"boss_relics":[{"not_picked":["Calling Bell","Velvet Choker"],"picked":"Cursed Key"},{"not_picked":["Coffee Dripper","Busted Crown"],"picked":"Runic Pyramid"}],"items_purged_floors":[20,38,46,53],"is_endless":false,"potions_floor_spawned":[8,13,14,16,22,23,37,39,47,48],"killed_by":"The Heart","ascension_level":12}