{"gold_per_floor":[116,134,134,134,56,56,94,94,121,159,173,216,216,235,235,364,364,389,389,413,440,440,440,474,474,474,399,417,417,442,119,119,249,249,263,263,388,26,49,49,80,80,156,156,190,0,0,21,21,21,21,21,21,21],"floor_reached":54,"playtime":1598,"items_purged":["Doubt"],"score":1153,"play_id":"7648b518-fba2-4bd2-a503-e0ba9d38fd7d","local_time":"20190421183949","is_ascension_mode":true,"campfire_choices":[{"data":"Bash","floor":6.0,"key":"SMITH"},{"data":"Flex","floor":8.0,"key":"SMITH"},{"data":"Heavy Blade","floor":13.0,"key":"SMITH"},{"data":"Feel No Pain","floor":15.0,"key":"SMITH"},{"floor":23.0,"key":"REST"},{"floor":25.0,"key":"REST"},{"floor":29.0,"key":"REST"},{"data":"Limit Break","floor":32.0,"key":"SMITH"},{"data":"Feel No Pain","floor":40.0,"key":"SMITH"},{"floor":42,"key":"REST"},{"floor":44,"key":"RECALL"},{"floor":47,"key":"REST"},{"floor":49,"key":"REST"},{"data":"Limit Break","floor":52,"key":"SMITH"}],"neow_cost":"NONE","seed_source_timestamp":544948839780800,"circlet_count":0,"master_deck":["AscendersBane","Strike_R+1","Strike_R+1","Strike_R+1","Strike_R+1","Strike_R+1","Defend_R+1","Defend_R+1","Defend_R+1","Defend_R+1","Bash+1","Feel No Pain+1","Whirlwind+1","Flex+1","Spot Weakness+1","Heavy Blade+1","Limit Break+1","Feel No Pain+1","Corruption","Injury","Reaper","Shrug It Off+1","Flame Barrier+1","Flame Barrier","Decay","Limit Break+1","Metallicize","Evolve+1","Shockwave+1"],"special_seed":0,"relics":["Burning Blood","NeowsBlessing","Golden Idol","Bottled Lightning","Potion Belt","Dream Catcher","Happy Flower","Cursed Key","Whetstone","Enchiridion","Pear","Letter Opener","Chemical X","Black Star","FossilizedHelix","Membership Card","Meat on the Bone","Anchor","War Paint","PreservedInsect","Oddly Smooth Stone","Strawberry"],"potions_floor_usage":[54],"damage_taken":[{"damage":0.0,"enemies":"2 Louse","floor":1.0,"turns":1.0},{"damage":0.0,"enemies":"Jaw Worm","floor":2.0,"turns":1.0},{"damage":0.0,"enemies":"3 Sentries","floor":7.0,"turns":1.0},{"damage":45.0,"enemies":"Lagavulin","floor":10.0,"turns":6.0},{"damage":0.0,"enemies":"Small Slimes","floor":11.0,"turns":3.0},{"damage":10.0,"enemies":"3 Sentries","floor":12.0,"turns":2.0},{"damage":12.0,"enemies":"Exordium Wildlife","floor":14.0,"turns":2.0},{"damage":35.0,"enemies":"Hexaghost","floor":16.0,"turns":7.0},{"damage":12.0,"enemies":"Chosen","floor":18.0,"turns":3.0},{"damage":22.0,"enemies":"Spheric Guardian","floor":20.0,"turns":4.0},{"damage":26.0,"enemies":"Gremlin Leader","floor":24.0,"turns":5.0},{"damage":20.0,"enemies":"Cultist and Chosen","floor":28.0,"turns":7.0},{"damage":23.0,"enemies":"Centurion and Healer","floor":30.0,"turns":5.0},{"damage":34.0,"enemies":"Collector","floor":33.0,"turns":6.0},{"damage":21.0,"enemies":"3 Darklings","floor":35.0,"turns":4.0},{"damage":0.0,"enemies":"Mind Bloom Boss Battle","floor":37.0,"turns":2.0},{"damage":28.0,"enemies":"Orb Walker","floor":39.0,"turns":3.0},{"damage":28,"enemies":"Nemesis","floor":41,"turns":7},{"damage":54,"enemies":"Reptomancer","floor":45,"turns":7},{"damage":38,"enemies":"4 Shapes","floor":48,"turns":2},{"damage":58,"enemies":"Donu and Deca","floor":50,"turns":8},{"damage":118,"enemies":"Shield and Spear","floor":54,"turns":5}],"seed_played":"7378789357316682622","potions_obtained":[{"floor":10.0,"key":"FearPotion"},{"floor":11.0,"key":"Explosive Potion"},{"floor":14.0,"key":"Fire Potion"},{"floor":16.0,"key":"Weak Potion"},{"floor":18.0,"key":"GamblersBrew"},{"floor":20.0,"key":"FairyPotion"},{"floor":28.0,"key":"SteroidPotion"},{"floor":30.0,"key":"AttackPotion"},{"floor":33.0,"key":"Dexterity Potion"},{"floor":39.0,"key":"SpeedPotion"}],"is_trial":false,"path_per_floor":["M","M","?","?","$","R","E","R","T","E","M","E","R","M","R","B",null,"M","?","M","T","?","R","E","R","T","?","M","R","M","$","R","B",null,"M","?","?","$","M","R","E","R","T","R","E","$","R","M","R","B",null,"R","$","E"],"character_chosen":"IRONCLAD","items_purchased":["Whirlwind","Chemical X","SteroidPotion","Membership Card","Meat on the Bone","LiquidBronze","Limit Break","Strawberry","Energy Potion","Metallicize"],"campfire_rested":6,"item_purchase_floors":[5,31,31,38,38,38,46,46,46,46],"current_hp_per_floor":[78,80,85,79,79,79,79,79,79,40,46,42,42,36,36,7,61,55,55,39,39,23,46,36,62,62,62,48,74,57,57,57,29,74,59,59,65,65,55,55,45,71,71,71,35,42,70,64,92,78,92,92,92,0],"gold":21,"neow_bonus":"THREE_ENEMY_KILL","is_prod":false,"is_daily":false,"chose_seed":false,"campfire_upgraded":7,"win_rate":0,"timestamp":1555886389,"path_taken":["M","M","?","?","$","R","E","R","T","E","M","E","R","M","R","BOSS","M","?","M","?","?","R","E","R","T","?","M","R","?","$","R","BOSS","M","?","?","$","M","R","E","R","T","R","E","$","R","M","R","BOSS","R","$","E"],"build_version":"2019-01-23","purchased_purges":1,"victory":false,"max_hp_per_floor":[80,80,85,79,79,79,79,79,79,79,79,79,79,79,79,79,79,79,79,79,79,79,79,89,89,89,89,89,89,89,89,89,89,89,89,89,89,89,89,89,89,89,89,89,89,96,96,96,96,96,96,96,96,96],"card_choices":[{"not_picked":["Flex","Blood for Blood"],"picked":"Thunderclap","floor":1.0},{"not_picked":["Battle Trance","Metallicize"],"picked":"Feel No Pain","floor":2.0},{"not_picked":["Bloodletting","Twin Strike"],"picked":"Flex","floor":7.0},{"not_picked":["Immolate","Sentinel"],"picked":"Spot Weakness","floor":10.0},{"not_picked":["Armaments","Clash"],"picked":"Heavy Blade","floor":11.0},{"not_picked":["Anger","Twin Strike","Sword Boomerang"],"picked":"SKIP","floor":12.0},{"not_picked":["Pommel Strike","Rampage","Reckless Charge"],"picked":"SKIP","floor":14.0},{"not_picked":["Impervious","Dark Embrace"],"picked":"Limit Break","floor":16.0},{"not_picked":["Uppercut+1","Heavy Blade","Flex"],"picked":"SKIP","floor":18.0},{"not_picked":["Entrench","Uppercut+1"],"picked":"Feel No Pain","floor":20.0},{"not_picked":["Exhume","Body Slam","Seeing Red"],"picked":"SKIP","floor":24.0},{"not_picked":["Heavy Blade","Armaments"],"picked":"Corruption","floor":25.0},{"not_picked":["Thunderclap","Twin Strike","Exhume"],"picked":"SKIP","floor":28.0},{"not_picked":["Carnage","Armaments+1","Flex"],"picked":"SKIP","floor":30.0},{"not_picked":["Demon Form","Impervious"],"picked":"Reaper","floor":33.0},{"not_picked":["Heavy Blade+1","Combust+1"],"picked":"Shrug It Off+1","floor":35.0},{"not_picked":["Thunderclap+1","Spot Weakness","Sword Boomerang"],"picked":"SKIP","floor":39.0},{"not_picked":["Ghostly Armor","Clothesline"],"picked":"Flame Barrier","floor":41},{"not_picked":["Dual Wield","Battle Trance+1"],"picked":"Flame Barrier","floor":42},{"not_picked":["Twin Strike+1","Headbutt","Clothesline+1"],"picked":"SKIP","floor":45},{"not_picked":["Heavy Blade+1","Uppercut"],"picked":"Evolve+1","floor":48},{"not_picked":["Clash+1","Reckless Charge"],"picked":"Shockwave+1","floor":49}],"player_experience":607445,"relics_obtained":[{"floor":7.0,"key":"Bottled Lightning"},{"floor":9.0,"key":"Potion Belt"},{"floor":10.0,"key":"Dream Catcher"},{"floor":12.0,"key":"Happy Flower"},{"floor":21.0,"key":"Whetstone"},{"floor":22.0,"key":"Enchiridion"},{"floor":24.0,"key":"Pear"},{"floor":26.0,"key":"Letter Opener"},{"floor":37.0,"key":"FossilizedHelix"},{"floor":41,"key":"Anchor"},{"floor":41,"key":"War Paint"},{"floor":45,"key":"PreservedInsect"},{"floor":45,"key":"Oddly Smooth Stone"}],"event_choices":[{"damage_healed":0.0,"max_hp_gain":5.0,"max_hp_loss":0.0,"gold_gain":0.0,"event_name":"Big Fish","player_choice":"Donut","floor":3.0,"gold_loss":0.0,"damage_taken":0.0},{"damage_healed":0.0,"max_hp_gain":0.0,"max_hp_loss":6.0,"gold_gain":0.0,"event_name":"Golden Idol","player_choice":"Lose Max HP","floor":4.0,"gold_loss":0.0,"damage_taken":0.0,"relics_obtained":["Golden Idol"]},{"damage_healed":0.0,"max_hp_gain":0.0,"max_hp_loss":0.0,"gold_gain":0.0,"event_name":"Back to Basics","player_choice":"Simplicity","floor":19.0,"gold_loss":0.0,"damage_taken":0.0,"cards_upgraded":["Strike_R","Strike_R","Strike_R","Strike_R","Strike_R","Defend_R","Defend_R","Defend_R","Defend_R"]},{"damage_healed":0.0,"max_hp_gain":0.0,"max_hp_loss":0.0,"gold_gain":0.0,"event_name":"Cursed Tome","player_choice":"Obtained Book","floor":22.0,"gold_loss":0.0,"damage_taken":16.0},{"cards_removed":["Thunderclap"],"damage_healed":0.0,"max_hp_gain":0.0,"max_hp_loss":0.0,"gold_gain":0.0,"event_name":"Beggar","player_choice":"Gave Gold","floor":27.0,"gold_loss":75.0,"damage_taken":0.0},{"damage_healed":0.0,"max_hp_gain":0.0,"max_hp_loss":0.0,"gold_gain":0.0,"event_name":"SensoryStone","player_choice":"Memory 1","floor":36.0,"gold_loss":0.0,"damage_taken":0.0},{"damage_healed":0.0,"max_hp_gain":0.0,"max_hp_loss":0.0,"gold_gain":0.0,"event_name":"MindBloom","player_choice":"Fight","floor":37.0,"gold_loss":0.0,"damage_taken":0.0}],"is_beta":false,"boss_relics":[{"not_picked":["Ectoplasm","Runic Pyramid"],"picked":"Cursed Key"},{"not_picked":["White Beast Statue","Velvet Choker"],"picked":"Black Star"}],"items_purged_floors":[31],"is_endless":false,"potions_floor_spawned":[10,11,14,16,18,20,28,30,33,39],"killed_by":"Shield and Spear","ascension_level":10}