{"gold_per_floor":[114,125,125,50,50,50,50,50,50,64,64,74,90,106,106,106],"floor_reached":16,"playtime":228,"items_purged":["Strike_R"],"score":92,"play_id":"36338843-ddaf-480a-b1b8-f1cd20daf82a","local_time":"20190208160705","is_ascension_mode":false,"campfire_choices":[{"data":"Bash","floor":6,"key":"SMITH"},{"floor":8,"key":"REST"},{"data":"Defend_R","floor":15,"key":"SMITH"}],"neow_cost":"NONE","seed_source_timestamp":9676487323600,"circlet_count":0,"master_deck":["Strike_R","Strike_R","Strike_R","Defend_R+1","Defend_R","Defend_R","Defend_R","Bash+1"],"relics":["Burning Blood","NeowsBlessing","Red Skull","Centennial Puzzle"],"potions_floor_usage":[12],"damage_taken":[{"damage":0,"enemies":"Jaw Worm","floor":1,"turns":1},{"damage":0,"enemies":"2 Louse","floor":2,"turns":1},{"damage":0,"enemies":"Cultist","floor":10,"turns":1},{"damage":18,"enemies":"Lots of Slimes","floor":12,"turns":3},{"damage":22,"enemies":"2 Fungi Beasts","floor":13,"turns":5},{"damage":12,"enemies":"Blue Slaver","floor":14,"turns":2},{"damage":46,"enemies":"Slime Boss","floor":16,"turns":5}],"seed_played":"-1956111314054337948","potions_obtained":[{"floor":2,"key":"AttackPotion"},{"floor":10,"key":"BloodPotion"}],"is_trial":false,"path_per_floor":["M","M","?","$","?","R","$","R","T","M","?","M","M","M","R","B"],"character_chosen":"IRONCLAD","items_purchased":[],"campfire_rested":1,"item_purchase_floors":[],"current_hp_per_floor":[80,80,80,80,47,47,47,71,71,77,77,65,49,43,43,0],"gold":106,"neow_bonus":"THREE_ENEMY_KILL","is_prod":false,"is_daily":false,"chose_seed":false,"campfire_upgraded":2,"win_rate":0,"timestamp":1549660025,"path_taken":["M","M","?","$","?","R","$","R","T","M","?","M","M","M","R","BOSS"],"build_version":"2019-01-23","purchased_purges":1,"victory":false,"max_hp_per_floor":[80,80,80,80,80,80,80,80,80,80,80,80,80,80,80,80],"card_choices":[{"not_picked":["Clash","Rampage","Bloodletting"],"picked":"SKIP","floor":1},{"not_picked":["Burning Pact","Flex","Infernal Blade"],"picked":"SKIP","floor":2},{"not_picked":["Burning Pact","Flex","Infernal Blade"],"picked":"SKIP","floor":2},{"not_picked":["Power Through","Blood for Blood","Combust"],"picked":"SKIP","floor":10},{"not_picked":["Perfected Strike","Clothesline","Warcry"],"picked":"SKIP","floor":12},{"not_picked":["Pommel Strike","Flame Barrier","Burning Pact"],"picked":"SKIP","floor":13},{"not_picked":["Shrug It Off","Headbutt","Wild Strike"],"picked":"SKIP","floor":14}],"player_experience":421987,"relics_obtained":[{"floor":9,"key":"Centennial Puzzle"}],"event_choices":[{"cards_removed":["Strike_R"],"damage_healed":0,"gold_gain":0,"player_choice":"Forget","damage_taken":0,"max_hp_gain":0,"max_hp_loss":0,"event_name":"Living Wall","floor":3,"gold_loss":0},{"damage_healed":0,"gold_gain":0,"player_choice":"Success","damage_taken":33,"relics_obtained":["Red Skull"],"max_hp_gain":0,"max_hp_loss":0,"event_name":"Scrap Ooze","floor":5,"gold_loss":0},{"damage_healed":0,"gold_gain":0,"player_choice":"Bought 0 Potions","damage_taken":0,"max_hp_gain":0,"max_hp_loss":0,"event_name":"The Woman in Blue","floor":11,"gold_loss":0}],"is_beta":false,"boss_relics":[],"items_purged_floors":[4],"is_endless":false,"potions_floor_spawned":[2,10],"killed_by":"Slime Boss","ascension_level":0}