{"gold_per_floor":[109,284,27,102,112,112,138,138,138,138,150,162,180,213,213,313,313,326,139,157,172,188,188,219,230,230,240,270,283,315,333,333,438,438,453,472,79,79,98,131,155,75,75,101,1,1,18,34,34,34],"floor_reached":51,"playtime":3022,"items_purged":["Doubt","Parasite","Writhe"],"score":869,"play_id":"7543dbd9-682e-4290-806b-7e6d2708c018","local_time":"20181105163412","is_ascension_mode":true,"campfire_choices":[{"data":"The Bomb","floor":6.0,"key":"SMITH"},{"data":"Glacier","floor":8.0,"key":"SMITH"},{"floor":15.0,"key":"REST"},{"data":"Apotheosis","floor":23.0,"key":"SMITH"},{"data":"Machine Learning","floor":32.0,"key":"SMITH"},{"floor":46,"key":"REST"},{"floor":49,"key":"REST"}],"neow_cost":"NONE","seed_source_timestamp":0,"circlet_count":0,"master_deck":["Strike_B","Strike_B","Strike_B","Strike_B","Defend_B","Defend_B","Defend_B","Defend_B","Zap","Dualcast","Ball Lightning","The Bomb+1","Chaos","Glacier+1","Rebound","Echo Form","Undo","Go for the Eyes","Machine Learning+1","Tempest","Apotheosis+1","Static Discharge","Self Repair","Sunder+1","Self Repair","Double Energy+1","Buffer"],"special_seed":0,"relics":["Cracked Core","Shuriken","Bottled Lightning","Kunai","Snecko Eye","Meat on the Bone","The Courier","Strawberry","Singing Bowl","Sozu","Oddly Smooth Stone","Tiny Chest","Dodecahedron","Darkstone Periapt","Lantern","Blue Candle","Matryoshka"],"potions_floor_usage":[35],"damage_taken":[{"damage":0.0,"enemies":"2 Louse","floor":1.0,"turns":2.0},{"damage":6.0,"enemies":"Jaw Worm","floor":5.0,"turns":2.0},{"damage":13.0,"enemies":"Lagavulin","floor":7.0,"turns":4.0},{"damage":0.0,"enemies":"Small Slimes","floor":11.0,"turns":3.0},{"damage":5.0,"enemies":"Looter","floor":12.0,"turns":3.0},{"damage":7.0,"enemies":"Gremlin Gang","floor":13.0,"turns":3.0},{"damage":17.0,"enemies":"3 Sentries","floor":14.0,"turns":3.0},{"damage":27.0,"enemies":"Slime Boss","floor":16.0,"turns":8.0},{"damage":8.0,"enemies":"Shell Parasite","floor":18.0,"turns":6.0},{"damage":13.0,"enemies":"3 Byrds","floor":20.0,"turns":3.0},{"damage":14.0,"enemies":"Cultist and Chosen","floor":21.0,"turns":7.0},{"damage":6.0,"enemies":"Chosen and Byrds","floor":22.0,"turns":4.0},{"damage":0.0,"enemies":"Book of Stabbing","floor":24.0,"turns":7.0},{"damage":20.0,"enemies":"Shelled Parasite and Fungi","floor":25.0,"turns":9.0},{"damage":0.0,"enemies":"Centurion and Healer","floor":27.0,"turns":5.0},{"damage":29.0,"enemies":"Gremlin Leader","floor":28.0,"turns":9.0},{"damage":2.0,"enemies":"Snake Plant","floor":29.0,"turns":3.0},{"damage":49.0,"enemies":"Slavers","floor":30.0,"turns":5.0},{"damage":24.0,"enemies":"Chosen and Byrds","floor":31.0,"turns":4.0},{"damage":41.0,"enemies":"Collector","floor":33.0,"turns":8.0},{"damage":0,"enemies":"Orb Walker","floor":35,"turns":4},{"damage":16,"enemies":"3 Darklings","floor":36,"turns":4},{"damage":4,"enemies":"Writhing Mass","floor":39,"turns":7},{"damage":30,"enemies":"Nemesis","floor":40,"turns":7},{"damage":51,"enemies":"Reptomancer","floor":44,"turns":7},{"damage":40,"enemies":"Spire Growth","floor":47,"turns":5},{"damage":16,"enemies":"4 Shapes","floor":48,"turns":3},{"damage":94,"enemies":"Awakened One","floor":50,"turns":20}],"seed_played":"7175545519122392778","potions_obtained":[{"floor":5.0,"key":"SteroidPotion"},{"floor":10.0,"key":"GamblersBrew"},{"floor":10.0,"key":"Block Potion"},{"floor":14.0,"key":"SteroidPotion"},{"floor":18.0,"key":"PowerPotion"},{"floor":25.0,"key":"PowerPotion"},{"floor":28.0,"key":"Weak Potion"},{"floor":33.0,"key":"Block Potion"}],"is_trial":false,"path_per_floor":["M","?","$","?","M","R","E","R","T","?","M","M","M","E","R","B",null,"M","$","M","M","M","R","E","M","T","M","E","M","E","M","R","B",null,"M","M","$","?","M","E","T","$","T","E","$","R","M","M","R","B",null],"character_chosen":"DEFECT","items_purchased":["The Bomb","Apotheosis","Oddly Smooth Stone","Tiny Chest","Dodecahedron"],"campfire_rested":3,"item_purchase_floors":[3,19,37,37,37],"current_hp_per_floor":[82,82,82,71,65,65,52,52,52,52,52,47,40,23,47,20,82,74,74,61,47,41,41,41,53,53,67,89,87,72,58,58,39,91,93,79,79,95,97,89,89,89,89,92,92,98,80,76,102,50],"gold":34,"neow_bonus":"TEN_PERCENT_HP_BONUS","is_prod":false,"is_daily":false,"chose_seed":false,"campfire_upgraded":4,"win_rate":0,"timestamp":1541453652,"path_taken":["M","?","$","?","M","R","E","R","T","?","M","M","?","E","R","BOSS","M","$","M","M","M","R","E","M","T","M","E","M","E","M","R","BOSS","M","M","?","?","M","E","?","?","T","E","$","R","M","M","R","BOSS"],"build_version":"2018-11-02","purchased_purges":3,"victory":true,"max_hp_per_floor":[82,82,82,82,82,82,82,82,82,82,82,82,82,82,82,82,82,82,82,82,82,82,82,82,82,82,82,89,89,91,91,91,91,91,93,95,95,95,97,99,99,96,96,98,98,98,100,102,102,102],"card_choices":[{"not_picked":["Coolheaded","Turbo"],"picked":"Ball Lightning","floor":1.0},{"not_picked":["Barrage","Coolheaded"],"picked":"Chaos","floor":5.0},{"not_picked":["Darkness","Cold Snap"],"picked":"Glacier","floor":7.0},{"not_picked":["Scrape","Barrage"],"picked":"Rebound","floor":11.0},{"not_picked":["Sweeping Beam","Rebound"],"picked":"Echo Form","floor":12.0},{"not_picked":["Stack","Beam Cell"],"picked":"Undo","floor":13.0},{"not_picked":["Scrape","Streamline"],"picked":"Go for the Eyes","floor":14.0},{"not_picked":["Meteor Strike","Multi-Cast"],"picked":"Machine Learning","floor":16.0},{"not_picked":["Ball Lightning","Leap"],"picked":"Tempest","floor":18.0},{"not_picked":["Chaos","Reprogram","Redo"],"picked":"SKIP","floor":20.0},{"not_picked":["Stack","Lockon","Beam Cell+1"],"picked":"SKIP","floor":21.0},{"not_picked":["Lockon+1","Redo+1"],"picked":"Static Discharge","floor":22.0},{"not_picked":["Scrape+1","Coolheaded+1"],"picked":"Self Repair","floor":24.0},{"not_picked":["Turbo","Rebound"],"picked":"Sunder+1","floor":25.0},{"not_picked":["Hologram","Turbo+1"],"picked":"Self Repair","floor":27.0},{"not_picked":["Gash","Reboot","Stack"],"picked":"SKIP","floor":28.0},{"not_picked":["Turbo+1","Steam Power","Barrage"],"picked":"SKIP","floor":29.0},{"not_picked":["Genetic Algorithm","Beam Cell+1","Heatsinks"],"picked":"Singing Bowl","floor":30.0},{"not_picked":["Conserve Battery","Doom and Gloom"],"picked":"Double Energy+1","floor":31.0},{"not_picked":["Machine Learning","Rainbow"],"picked":"Buffer","floor":33.0},{"not_picked":["Beam Cell","Steam","Go for the Eyes+1"],"picked":"Singing Bowl","floor":35},{"not_picked":["Sweeping Beam","Leap+1","Stack"],"picked":"Singing Bowl","floor":36},{"not_picked":["Leap","Streamline","Steam"],"picked":"Singing Bowl","floor":39},{"not_picked":["Streamline","Cold Snap+1","Storm"],"picked":"Singing Bowl","floor":40},{"not_picked":["Chill+1","Barrage+1","Fusion+1"],"picked":"Singing Bowl","floor":44},{"not_picked":["Hologram","White Noise+1","Stack+1"],"picked":"Singing Bowl","floor":47},{"not_picked":["Rainbow","Streamline+1","Reprogram+1"],"picked":"Singing Bowl","floor":48}],"player_experience":268905,"relics_obtained":[{"floor":7.0,"key":"Shuriken"},{"floor":9.0,"key":"Bottled Lightning"},{"floor":14.0,"key":"Kunai"},{"floor":24.0,"key":"Meat on the Bone"},{"floor":26.0,"key":"The Courier"},{"floor":28.0,"key":"Strawberry"},{"floor":30.0,"key":"Singing Bowl"},{"floor":40,"key":"Darkstone Periapt"},{"floor":41,"key":"Lantern"},{"floor":43,"key":"Blue Candle"},{"floor":44,"key":"Matryoshka"}],"event_choices":[{"damage_healed":0.0,"max_hp_gain":0.0,"max_hp_loss":0.0,"gold_gain":175.0,"event_name":"Liars Game","player_choice":"AGREE","floor":2.0,"gold_loss":0.0,"damage_taken":0.0,"cards_obtained":["Doubt"]},{"damage_healed":0.0,"max_hp_gain":0.0,"max_hp_loss":0.0,"gold_gain":75.0,"event_name":"World of Goop","player_choice":"Gather Gold","floor":4.0,"gold_loss":0.0,"damage_taken":11.0},{"damage_healed":0.0,"max_hp_gain":0.0,"max_hp_loss":0.0,"gold_gain":0.0,"event_name":"The Lab","player_choice":"Got Potions","floor":10.0,"gold_loss":0.0,"damage_taken":0.0},{"damage_healed":24,"gold_gain":0,"player_choice":"Writhe","damage_taken":0,"max_hp_gain":0,"max_hp_loss":0,"event_name":"Winding Halls","floor":38,"gold_loss":0,"cards_obtained":["Writhe"]}],"is_beta":true,"boss_relics":[{"not_picked":["Calling Bell","Velvet Choker"],"picked":"Snecko Eye"},{"not_picked":["Philosopher\u0027s Stone","Inserter"],"picked":"Sozu"}],"items_purged_floors":[3,42,45],"is_endless":false,"potions_floor_spawned":[5,14,18,20,25,28,33,36,40,44,47],"ascension_level":1}