{"gold_per_floor":[118,133,133,147,160,160,194,194,273,300,300,335,335,352,352,450,450,465,207,220,220],"floor_reached":21,"playtime":823,"items_purged":[],"score":219,"play_id":"b158513c-8d27-4262-badb-056a58a01dfd","local_time":"20181223174001","is_ascension_mode":true,"campfire_choices":[{"data":"Armaments","floor":6.0,"key":"SMITH"},{"floor":8.0,"key":"REST"},{"floor":13.0,"key":"REST"},{"floor":15.0,"key":"REST"}],"neow_cost":"TEN_PERCENT_HP_LOSS","seed_source_timestamp":37169738634700,"circlet_count":0,"master_deck":["Strike_R","Strike_R","Strike_R","Strike_R","Defend_R","Defend_R","Defend_R","Defend_R","Bash","Second Wind","Corruption","Rampage","Sentinel","Armaments+1","Feel No Pain","Ghostly Armor","Pommel Strike","Limit Break","Shrug It Off+1","Spot Weakness"],"special_seed":0,"relics":["Burning Blood","Charon\u0027s Ashes","Gambling Chip","Gremlin Horn","Pen Nib","Ornamental Fan","Eternal Feather","Shuriken"],"potions_floor_usage":[21],"damage_taken":[{"damage":0.0,"enemies":"Small Slimes","floor":1.0,"turns":4.0},{"damage":4.0,"enemies":"Jaw Worm","floor":2.0,"turns":4.0},{"damage":1.0,"enemies":"Cultist","floor":4.0,"turns":4.0},{"damage":30.0,"enemies":"Gremlin Gang","floor":5.0,"turns":4.0},{"damage":21.0,"enemies":"Lagavulin","floor":7.0,"turns":6.0},{"damage":36.0,"enemies":"Gremlin Nob","floor":10.0,"turns":5.0},{"damage":13.0,"enemies":"Lagavulin","floor":12.0,"turns":5.0},{"damage":1.0,"enemies":"2 Fungi Beasts","floor":14.0,"turns":3.0},{"damage":15.0,"enemies":"Hexaghost","floor":16.0,"turns":8.0},{"damage":15.0,"enemies":"Shell Parasite","floor":18.0,"turns":6.0},{"damage":44.0,"enemies":"3 Byrds","floor":20.0,"turns":5.0},{"damage":27,"enemies":"Shelled Parasite and Fungi","floor":21,"turns":3}],"seed_played":"661068303608080109","potions_obtained":[{"floor":4.0,"key":"Energy Potion"},{"floor":14.0,"key":"GamblersBrew"},{"floor":16.0,"key":"PowerPotion"},{"floor":20.0,"key":"PowerPotion"}],"is_trial":false,"path_per_floor":["M","M","?","M","M","R","E","R","T","E","?","E","R","M","R","B",null,"M","$","M","M"],"character_chosen":"IRONCLAD","items_purchased":["Shuriken"],"campfire_rested":3,"item_purchase_floors":[19],"current_hp_per_floor":[72,72,72,72,48,48,33,54,54,24,29,22,43,48,69,60,72,63,63,25,0],"gold":220,"neow_bonus":"ONE_RARE_RELIC","is_prod":false,"is_daily":false,"chose_seed":false,"campfire_upgraded":1,"win_rate":0,"timestamp":1545604801,"path_taken":["M","M","?","M","M","R","E","R","T","E","?","E","R","M","R","BOSS","M","$","M","?"],"build_version":"2018-12-20","purchased_purges":0,"victory":false,"max_hp_per_floor":[72,72,72,72,72,72,72,72,72,72,72,72,72,72,72,72,72,72,72,72,72],"card_choices":[{"not_picked":["Flex","Dropkick"],"picked":"Second Wind","floor":1.0},{"not_picked":["Perfected Strike","Cleave"],"picked":"Corruption","floor":2.0},{"not_picked":["Headbutt","Clash"],"picked":"Sentinel","floor":4.0},{"not_picked":["Flex","Thunderclap"],"picked":"Armaments","floor":5.0},{"not_picked":["Perfected Strike","Clash"],"picked":"Flex","floor":7.0},{"not_picked":["Wild Strike","Sword Boomerang"],"picked":"Feel No Pain","floor":10.0},{"not_picked":["Thunderclap","Iron Wave"],"picked":"Ghostly Armor","floor":12.0},{"not_picked":["Fire Breathing","Feed"],"picked":"Pommel Strike","floor":14.0},{"not_picked":["Reaper","Berserk"],"picked":"Limit Break","floor":16.0},{"not_picked":["Wild Strike","Heavy Blade+1"],"picked":"Shrug It Off+1","floor":18.0},{"not_picked":["Cleave","Intimidate"],"picked":"Spot Weakness","floor":20.0}],"player_experience":325118,"relics_obtained":[{"floor":7.0,"key":"Gambling Chip"},{"floor":9.0,"key":"Gremlin Horn"},{"floor":10.0,"key":"Pen Nib"},{"floor":12.0,"key":"Ornamental Fan"}],"event_choices":[{"damage_healed":0.0,"max_hp_gain":0.0,"max_hp_loss":0.0,"gold_gain":0.0,"cards_transformed":["Strike_R"],"event_name":"Living Wall","player_choice":"Change","floor":3.0,"gold_loss":0.0,"damage_taken":0.0,"cards_obtained":["Rampage"]},{"cards_removed":["Flex"],"damage_healed":5.0,"max_hp_gain":0.0,"max_hp_loss":0.0,"gold_gain":0.0,"event_name":"Bonfire Elementals","player_choice":"Offered Common","floor":11.0,"gold_loss":0.0,"damage_taken":0.0},{"cards_removed":["Flex"],"damage_healed":5.0,"max_hp_gain":0.0,"max_hp_loss":0.0,"gold_gain":0.0,"event_name":"Bonfire Elementals","player_choice":"Offered Special","floor":11.0,"gold_loss":0.0,"damage_taken":0.0}],"is_beta":false,"boss_relics":[{"not_picked":["Runic Dome","Coffee Dripper"],"picked":"Eternal Feather"}],"items_purged_floors":[],"is_endless":false,"potions_floor_spawned":[4,14,16,20],"killed_by":"Shelled Parasite and Fungi","ascension_level":2}