{"gold_per_floor":[116,126,201,201,201,201,212,212,265,283,283,283,61,80,80,80],"floor_reached":16,"playtime":322,"items_purged":["Strike_R"],"score":90,"play_id":"78b0b7ed-90d3-445a-bed1-69d278fea746","local_time":"20190208163746","is_ascension_mode":false,"campfire_choices":[{"floor":6,"key":"REST"},{"floor":12,"key":"REST"},{"floor":15,"key":"REST"}],"neow_cost":"NONE","seed_source_timestamp":11424000956900,"circlet_count":0,"master_deck":["Strike_R","Strike_R","Strike_R","Strike_R","Defend_R","Defend_R","Defend_R","Defend_R","Bash"],"relics":["Burning Blood","NeowsBlessing","Pantograph","Dream Catcher","Orichalcum","Bag of Marbles"],"potions_floor_usage":[16],"damage_taken":[{"damage":0,"enemies":"Cultist","floor":1,"turns":1},{"damage":0,"enemies":"2 Louse","floor":2,"turns":1},{"damage":0,"enemies":"Jaw Worm","floor":7,"turns":1},{"damage":9,"enemies":"Exordium Wildlife","floor":10,"turns":4},{"damage":16,"enemies":"2 Fungi Beasts","floor":14,"turns":5},{"damage":86,"enemies":"Slime Boss","floor":16,"turns":14}],"seed_played":"6847591745572817947","potions_obtained":[{"floor":7,"key":"LiquidBronze"},{"floor":14,"key":"Weak Potion"}],"is_trial":false,"path_per_floor":["M","M","?","?","T","R","M","?","T","M","?","R","$","M","R","B"],"character_chosen":"IRONCLAD","items_purchased":["Bag of Marbles"],"campfire_rested":3,"item_purchase_floors":[13],"current_hp_per_floor":[80,80,69,62,62,80,80,80,80,77,82,85,85,75,85,0],"gold":80,"neow_bonus":"THREE_ENEMY_KILL","is_prod":false,"is_daily":false,"chose_seed":false,"campfire_upgraded":0,"win_rate":0,"timestamp":1549661866,"path_taken":["M","M","?","?","?","R","?","?","T","M","?","R","$","M","R","BOSS"],"build_version":"2019-01-23","purchased_purges":1,"victory":false,"max_hp_per_floor":[80,80,80,80,80,80,80,80,80,80,85,85,85,85,85,85],"card_choices":[{"not_picked":["Flex","Havoc","Twin Strike"],"picked":"SKIP","floor":1},{"not_picked":["Dual Wield","Wild Strike","Flex"],"picked":"SKIP","floor":2},{"not_picked":["Second Wind","Twin Strike","Fire Breathing"],"picked":"SKIP","floor":7},{"not_picked":["Perfected Strike","Infernal Blade","Disarm"],"picked":"SKIP","floor":10},{"not_picked":["Evolve","Warcry","Armaments"],"picked":"SKIP","floor":14}],"player_experience":423556,"relics_obtained":[{"floor":5,"key":"Dream Catcher"},{"floor":9,"key":"Orichalcum"}],"event_choices":[{"damage_healed":0,"gold_gain":75,"player_choice":"Gather Gold","damage_taken":11,"max_hp_gain":0,"max_hp_loss":0,"event_name":"World of Goop","floor":3,"gold_loss":0},{"damage_healed":0,"gold_gain":0,"player_choice":"Success","damage_taken":7,"relics_obtained":["Pantograph"],"max_hp_gain":0,"max_hp_loss":0,"event_name":"Scrap Ooze","floor":4,"gold_loss":0},{"damage_healed":0,"gold_gain":0,"player_choice":"Ignored","damage_taken":0,"max_hp_gain":0,"max_hp_loss":0,"event_name":"Liars Game","floor":8,"gold_loss":0},{"damage_healed":0,"gold_gain":0,"player_choice":"Donut","damage_taken":0,"max_hp_gain":5,"max_hp_loss":0,"event_name":"Big Fish","floor":11,"gold_loss":0}],"is_beta":false,"boss_relics":[],"items_purged_floors":[13],"is_endless":false,"potions_floor_spawned":[7,14],"killed_by":"Slime Boss","ascension_level":0}