{"path_per_floor":["M","?","M","?","M","R","M","M","T","?","R","M","M","M","R","B",null,"M","?","M","?","$","E","R","M","T","R","M","?","M"],"character_chosen":"DEFECT","items_purchased":["Apotheosis"],"gold_per_floor":[110,110,121,71,88,88,99,114,114,114,114,127,144,157,157,257,287,303,303,322,322,114,144,144,155,208,208,228,153,173,173],"floor_reached":31,"campfire_rested":1,"playtime":1633,"current_hp_per_floor":[70,70,70,70,69,69,62,64,64,64,64,60,65,48,48,23,80,73,73,72,72,72,42,42,37,37,61,80,80,68,0],"items_purged":[],"gold":173,"score":251,"play_id":"3f491236-1e3f-4a4c-a890-3d4ea299d759","local_time":"20180430001124","is_prod":false,"is_daily":false,"chose_seed":false,"is_ascension_mode":false,"campfire_upgraded":4,"timestamp":1525061484,"path_taken":["M","?","M","?","M","R","M","M","T","?","R","M","M","M","R","BOSS","M","?","?","?","$","E","R","M","T","R","M","?","M","M"],"build_version":"2018-04-27v3","seed_source_timestamp":46772899031516,"purchased_purges":0,"victory":false,"master_deck":["Defend_B","Defend_B","Defend_B","Defend_B","Zap+1","Dualcast","Rainbow","Rebound+1","Ball Lightning","Impulse","Self Repair","Leap","All For One+1","Streamline","Static Discharge+1","Echo Form","Conserve Battery","Self Repair","White Noise","Apotheosis+1","Seek","Self Repair+1"],"max_hp_per_floor":[75,75,75,75,75,75,75,75,75,75,75,75,75,75,75,75,80,80,80,80,80,80,80,80,80,80,80,80,80,80,80],"relics":["Cracked Core","Peace Pipe","Tiny House","Dead Branch","Prayer Wheel"],"card_choices":[{"not_picked":["Go for the Eyes","Hologram"],"picked":"Rebound","floor":1},{"not_picked":["Blizzard","Cold Snap"],"picked":"Ball Lightning","floor":3},{"not_picked":["Sweeping Beam","Go for the Eyes"],"picked":"Impulse","floor":5},{"not_picked":["Leap","Cold Snap"],"picked":"Self Repair","floor":7},{"not_picked":["Hologram","Coolheaded"],"picked":"Leap","floor":8},{"not_picked":["Doom and Gloom","Buffer"],"picked":"Streamline","floor":12},{"not_picked":["Impulse","FTL"],"picked":"Static Discharge","floor":14},{"not_picked":["Redo","Reboot"],"picked":"Echo Form","floor":16},{"not_picked":["Go for the Eyes","Stack"],"picked":"Chaos","floor":17},{"not_picked":["Sweeping Beam","Beam Cell"],"picked":"Conserve Battery","floor":18},{"not_picked":["Rebound","Hello World"],"picked":"White Noise","floor":20},{"not_picked":["Barrage","Stack"],"picked":"Seek","floor":23},{"not_picked":["Capacitor","Scrape"],"picked":"Self Repair","floor":30}],"player_experience":167777,"potions_floor_usage":[12,16,23,28],"damage_taken":[{"damage":5,"enemies":"2 Louse","floor":1,"turns":3},{"damage":0,"enemies":"Cultist","floor":3,"turns":4},{"damage":1,"enemies":"Jaw Worm","floor":5,"turns":3},{"damage":7,"enemies":"Blue Slaver","floor":7,"turns":3},{"damage":5,"enemies":"Looter","floor":8,"turns":3},{"damage":11,"enemies":"Large Slime","floor":12,"turns":4},{"damage":2,"enemies":"3 Louse","floor":13,"turns":3},{"damage":24,"enemies":"Gremlin Gang","floor":14,"turns":4},{"damage":47,"enemies":"The Guardian","floor":16,"turns":10},{"damage":7,"enemies":"Spheric Guardian","floor":18,"turns":3},{"damage":8,"enemies":"Chosen","floor":20,"turns":4},{"damage":50,"enemies":"Book of Stabbing","floor":23,"turns":6},{"damage":32,"enemies":"Centurion and Healer","floor":25,"turns":9},{"damage":11,"enemies":"Snake Plant","floor":28,"turns":4},{"damage":52,"enemies":"Cultist and Chosen","floor":30,"turns":8},{"damage":68,"enemies":"Sentry and Sphere","floor":31,"turns":7}],"event_choices":[{"event_name":"Purifier","player_choice":"One Purge","floor":2,"damage_taken":0},{"event_name":"The Cleric","player_choice":"Card Removal","floor":4,"damage_taken":0},{"event_name":"Transmorgrifier","player_choice":"Transform","floor":10,"damage_taken":0},{"event_name":"The Library","player_choice":"Read","floor":19,"damage_taken":0},{"event_name":"Back to Basics","player_choice":"Elegance","floor":21,"damage_taken":0},{"event_name":"Beggar","player_choice":"Gave Gold","floor":29,"damage_taken":0}],"boss_relics":[{"not_picked":["Philosopher\u0027s Stone","Runic Pyramid"],"picked":"Tiny House"}],"potions_floor_spawned":[7,13,14,25],"seed_played":"-5561719929233519484","killed_by":"Sentry and Sphere","ascension_level":0,"is_trial":false}