{"gold_per_floor":[116,116,81,81,33,66,90,103,103,143,143,184,200,224,224,354,354,373,373,373,12,25,63,63,107,154,170,95,128,60,74,74,198,198,212,231,247,267,283,319,319,140,140,184,215,268,149,169,169,169],"floor_reached":51,"playtime":2532,"items_purged":["Strike_R","Strike_R"],"score":1230,"play_id":"a9d23a0b-777f-492c-835b-c172da85170b","local_time":"20190207142611","is_ascension_mode":true,"campfire_choices":[{"data":"Seeing Red","floor":11.0,"key":"SMITH"},{"data":"Havoc","floor":15.0,"key":"SMITH"},{"data":"Corruption","floor":24.0,"key":"SMITH"},{"data":"Sentinel","floor":32.0,"key":"SMITH"},{"floor":49,"key":"RECALL"}],"neow_cost":"NONE","seed_source_timestamp":14128420410000,"circlet_count":0,"master_deck":["Defend_R+1","Defend_R","Defend_R+1","Defend_R","Bash","Thunderclap","Anger","Seeing Red+1","Anger","Thunderclap","Dropkick","Disarm","Havoc+1","Dropkick","Offering+1","Rampage+1","Ghostly","Ghostly","Ghostly","Ghostly","Ghostly","Corruption+1","Flame Barrier+1","Body Slam+1","Shockwave+1","Sentinel+1","Barricade","Evolve+1","Uppercut+1","Cleave+1","Anger+1","Feel No Pain","Spot Weakness","Metallicize","Rage+1","Demon Form","Corruption","Havoc"],"special_seed":0,"relics":["Burning Blood","NeowsBlessing","Golden Idol","Blue Candle","Bird Faced Urn","Blood Vial","Paper Frog","Black Star","Unceasing Top","PreservedInsect","Pantograph","Lantern","Pear","Pen Nib","Singing Bowl","War Paint","Astrolabe","Kunai","Anchor","Ornamental Fan","Mummified Hand","MawBank","Dodecahedron","Bag of Preparation"],"potions_floor_usage":[50],"damage_taken":[{"damage":0.0,"enemies":"2 Louse","floor":1.0,"turns":1.0},{"damage":0.0,"enemies":"Lagavulin","floor":6.0,"turns":1.0},{"damage":0.0,"enemies":"Jaw Worm","floor":7.0,"turns":1.0},{"damage":3.0,"enemies":"Small Slimes","floor":8.0,"turns":4.0},{"damage":25.0,"enemies":"Gremlin Nob","floor":10.0,"turns":4.0},{"damage":25.0,"enemies":"3 Sentries","floor":12.0,"turns":7.0},{"damage":6.0,"enemies":"3 Louse","floor":13.0,"turns":2.0},{"damage":0.0,"enemies":"2 Fungi Beasts","floor":14.0,"turns":2.0},{"damage":24.0,"enemies":"Hexaghost","floor":16.0,"turns":8.0},{"damage":38.0,"enemies":"Shell Parasite","floor":18.0,"turns":6.0},{"damage":8.0,"enemies":"2 Thieves","floor":22.0,"turns":5.0},{"damage":11.0,"enemies":"Gremlin Leader","floor":23.0,"turns":3.0},{"damage":3.0,"enemies":"Book of Stabbing","floor":25.0,"turns":6.0},{"damage":4.0,"enemies":"3 Cultists","floor":27.0,"turns":3.0},{"damage":2.0,"enemies":"Gremlin Leader","floor":29.0,"turns":5.0},{"damage":12.0,"enemies":"Sentry and Sphere","floor":31.0,"turns":3.0},{"damage":4.0,"enemies":"Automaton","floor":33.0,"turns":7.0},{"damage":5.0,"enemies":"3 Shapes","floor":35.0,"turns":4.0},{"damage":10.0,"enemies":"3 Darklings","floor":36.0,"turns":5.0},{"damage":8.0,"enemies":"4 Shapes","floor":37.0,"turns":5.0},{"damage":6.0,"enemies":"Jaw Worm Horde","floor":38.0,"turns":6.0},{"damage":1.0,"enemies":"Spire Growth","floor":39.0,"turns":5.0},{"damage":13.0,"enemies":"Reptomancer","floor":40.0,"turns":6.0},{"damage":6.0,"enemies":"Nemesis","floor":44.0,"turns":9.0},{"damage":7.0,"enemies":"3 Darklings","floor":45.0,"turns":4.0},{"damage":1,"enemies":"Giant Head","floor":46,"turns":5},{"damage":6,"enemies":"Jaw Worm Horde","floor":48,"turns":2},{"damage":1,"enemies":"Awakened One","floor":50,"turns":5}],"seed_played":"-6951448821959480806","potions_obtained":[{"floor":7.0,"key":"EssenceOfSteel"},{"floor":10.0,"key":"Fire Potion"},{"floor":12.0,"key":"SmokeBomb"},{"floor":14.0,"key":"Fire Potion"},{"floor":22.0,"key":"SmokeBomb"},{"floor":23.0,"key":"Regen Potion"},{"floor":37.0,"key":"Block Potion"},{"floor":45.0,"key":"SteroidPotion"}],"is_trial":false,"path_per_floor":["M","?","?","?","$","E","M","M","T","E","R","E","M","M","R","B",null,"M","?","?","$","M","E","R","E","T","M","$","E","$","M","R","B",null,"M","M","M","M","M","E","?","$","T","E","M","E","$","M","R","B",null],"character_chosen":"IRONCLAD","items_purchased":["Anger","Unceasing Top","Corruption","Sentinel","Metallicize","Corruption","Havoc"],"campfire_rested":0,"item_purchase_floors":[5,21,21,30,42,47,47],"current_hp_per_floor":[80,60,80,64,64,70,76,79,79,60,60,43,45,53,53,37,80,48,40,40,40,40,35,35,50,50,50,50,50,50,46,46,52,52,52,54,53,56,58,55,55,55,55,60,60,60,60,62,62,62],"gold":169,"neow_bonus":"THREE_ENEMY_KILL","is_prod":false,"is_daily":false,"chose_seed":false,"campfire_upgraded":4,"win_rate":0,"timestamp":1549567571,"path_taken":["M","?","?","?","$","E","M","M","T","E","R","E","M","M","R","BOSS","M","?","?","$","?","E","R","E","T","?","$","E","$","M","R","BOSS","M","M","?","M","?","E","?","$","T","E","M","E","$","M","R","BOSS"],"build_version":"2019-01-23","purchased_purges":2,"victory":true,"max_hp_per_floor":[80,80,80,80,80,80,80,80,80,80,80,80,80,80,80,80,80,80,40,40,40,40,40,40,50,50,50,50,50,50,52,52,52,52,52,54,54,56,58,58,58,58,58,60,60,60,60,62,62,62],"card_choices":[{"not_picked":["Heavy Blade","Perfected Strike"],"picked":"Thunderclap","floor":1.0},{"not_picked":["Clash","Fire Breathing"],"picked":"Seeing Red","floor":6.0},{"not_picked":["Twin Strike","Reckless Charge"],"picked":"Anger","floor":7.0},{"not_picked":["Evolve","Entrench"],"picked":"Thunderclap","floor":8.0},{"not_picked":["Infernal Blade","Headbutt"],"picked":"Dropkick","floor":10.0},{"not_picked":["Anger","Whirlwind"],"picked":"Disarm","floor":12.0},{"not_picked":["Clothesline","Sword Boomerang"],"picked":"Havoc","floor":13.0},{"not_picked":["Warcry","Wild Strike"],"picked":"Dropkick","floor":14.0},{"not_picked":["Double Tap","Dark Embrace"],"picked":"Offering","floor":16.0},{"not_picked":["Clash+1","Iron Wave"],"picked":"Rampage+1","floor":18.0},{"not_picked":["Power Through+1","Armaments","Perfected Strike"],"picked":"SKIP","floor":22.0},{"not_picked":["Twin Strike","Warcry+1","Second Wind"],"picked":"SKIP","floor":23.0},{"not_picked":["Sword Boomerang","Cleave"],"picked":"Flame Barrier+1","floor":25.0},{"not_picked":["Impervious","Anger"],"picked":"Body Slam+1","floor":27.0},{"not_picked":["Warcry+1","Pommel Strike"],"picked":"Shockwave","floor":29.0},{"not_picked":["Armaments","Whirlwind+1","Fiend Fire"],"picked":"Singing Bowl","floor":31.0},{"not_picked":["Exhume","Impervious"],"picked":"Barricade","floor":33.0},{"not_picked":["Shrug It Off+1","Reckless Charge"],"picked":"Anger+1","floor":35.0},{"not_picked":["Second Wind+1","Armaments","Pummel+1"],"picked":"Singing Bowl","floor":36.0},{"not_picked":["Wild Strike+1","Clothesline+1"],"picked":"Feel No Pain","floor":37.0},{"not_picked":["Clash","Inflame+1","Combust+1"],"picked":"Singing Bowl","floor":38.0},{"not_picked":["Shrug It Off","Cleave+1","Iron Wave+1"],"picked":"Singing Bowl","floor":39.0},{"not_picked":["Exhume","Cleave"],"picked":"Spot Weakness","floor":40.0},{"not_picked":["Blood for Blood","Pommel Strike+1","Brutality"],"picked":"Singing Bowl","floor":44.0},{"not_picked":["Cleave+1","Clash"],"picked":"Rage+1","floor":45.0},{"not_picked":["Berserk","Intimidate+1"],"picked":"Demon Form","floor":46},{"not_picked":["Anger","Flame Barrier+1","True Grit"],"picked":"Singing Bowl","floor":48}],"player_experience":398411,"relics_obtained":[{"floor":6.0,"key":"Blue Candle"},{"floor":9.0,"key":"Bird Faced Urn"},{"floor":10.0,"key":"Blood Vial"},{"floor":12.0,"key":"Paper Frog"},{"floor":23.0,"key":"PreservedInsect"},{"floor":23.0,"key":"Pantograph"},{"floor":25.0,"key":"Lantern"},{"floor":25.0,"key":"Pear"},{"floor":26.0,"key":"Pen Nib"},{"floor":29.0,"key":"Singing Bowl"},{"floor":29.0,"key":"War Paint"},{"floor":40.0,"key":"Kunai"},{"floor":40.0,"key":"Anchor"},{"floor":43.0,"key":"Ornamental Fan"},{"floor":44.0,"key":"Mummified Hand"},{"floor":44.0,"key":"MawBank"},{"floor":46,"key":"Dodecahedron"},{"floor":46,"key":"Bag of Preparation"}],"event_choices":[{"damage_healed":0.0,"max_hp_gain":0.0,"max_hp_loss":0.0,"gold_gain":0.0,"event_name":"Golden Idol","player_choice":"Take Damage","floor":2.0,"gold_loss":0.0,"damage_taken":20.0,"relics_obtained":["Golden Idol"]},{"damage_healed":20.0,"max_hp_gain":0.0,"max_hp_loss":0.0,"gold_gain":0.0,"event_name":"The Cleric","player_choice":"Healed","floor":3.0,"gold_loss":35.0,"damage_taken":0.0},{"damage_healed":0.0,"max_hp_gain":0.0,"max_hp_loss":0.0,"gold_gain":0.0,"event_name":"Shining Light","player_choice":"Entered Light","floor":4.0,"gold_loss":0.0,"damage_taken":16.0,"cards_upgraded":["Defend_R","Strike_R"]},{"damage_healed":0.0,"max_hp_gain":0.0,"max_hp_loss":40.0,"gold_gain":0.0,"event_name":"Ghosts","player_choice":"Became a Ghost","floor":19.0,"gold_loss":0.0,"damage_taken":0.0,"cards_obtained":["Ghostly","Ghostly","Ghostly","Ghostly","Ghostly"]},{"damage_healed":0.0,"max_hp_gain":0.0,"max_hp_loss":0.0,"gold_gain":0.0,"event_name":"Accursed Blacksmith","player_choice":"Forge","floor":20.0,"gold_loss":0.0,"damage_taken":0.0,"cards_upgraded":["Offering"]},{"damage_healed":0.0,"max_hp_gain":0.0,"max_hp_loss":0.0,"gold_gain":0.0,"event_name":"Tomb of Lord Red Mask","player_choice":"Ignored","floor":41.0,"gold_loss":0.0,"damage_taken":0.0}],"is_beta":false,"boss_relics":[{"not_picked":["Coffee Dripper","Runic Dome"],"picked":"Black Star"},{"not_picked":["Runic Pyramid","Philosopher\u0027s Stone"],"picked":"Astrolabe"}],"items_purged_floors":[28,42],"is_endless":false,"potions_floor_spawned":[7,10,12,14,22,23,25,37,39,45,46],"ascension_level":4}