{"gold_per_floor":[113,125,136,136,153,153,169,24,48,12,38,48,67,80,80,184,184,198,214,231,231,244,244,256,275,322,322,17,33,33,33,33,129,129,143,163,10,10,10],"floor_reached":39,"playtime":4126,"items_purged":["Strike_G"],"score":379,"play_id":"d3a01a64-779f-489e-bd22-76c96024d4fc","local_time":"20181128000707","is_ascension_mode":false,"campfire_choices":[{"floor":15,"key":"REST"},{"floor":23,"key":"REST"},{"floor":32,"key":"REST"}],"neow_cost":"NONE","seed_source_timestamp":726260972873868,"circlet_count":0,"master_deck":["Defend_G","Defend_G","Strike_G","Strike_G","Survivor","Neutralize","PiercingWail","Infinite Blades","Dodge and Roll","Endless Agony","Blade Dance","Bandage Up","Dodge and Roll","Footwork","Flying Knee","Caltrops","A Thousand Cuts","Blur+1","Crippling Poison+1","Slice+1","Dash","Prepared","Finisher","Well Laid Plans","Doppelganger","Poisoned Stab","A Thousand Cuts","Terror","Poisoned Stab","Footwork","Madness","Madness"],"relics":["Ring of the Snake","Snake Skull","Centennial Puzzle","Astrolabe","Regal Pillow","Kunai","Pantograph","Busted Crown"],"potions_floor_usage":[7,16,20,25,25,29,33,39],"damage_taken":[{"damage":7,"enemies":"Cultist","floor":1,"turns":6},{"damage":13,"enemies":"Jaw Worm","floor":2,"turns":8},{"damage":8,"enemies":"2 Louse","floor":3,"turns":3},{"damage":5,"enemies":"2 Fungi Beasts","floor":5,"turns":5},{"damage":6,"enemies":"Red Slaver","floor":7,"turns":5},{"damage":16,"enemies":"Exordium Thugs","floor":12,"turns":7},{"damage":3,"enemies":"Large Slime","floor":13,"turns":7},{"damage":0,"enemies":"Exordium Wildlife","floor":14,"turns":5},{"damage":30,"enemies":"Slime Boss","floor":16,"turns":18},{"damage":13,"enemies":"Shell Parasite","floor":18,"turns":6},{"damage":22,"enemies":"Chosen","floor":19,"turns":6},{"damage":14,"enemies":"Snake Plant","floor":20,"turns":5},{"damage":6,"enemies":"Chosen and Byrds","floor":22,"turns":5},{"damage":28,"enemies":"3 Cultists","floor":24,"turns":5},{"damage":15,"enemies":"Centurion and Healer","floor":25,"turns":7},{"damage":7,"enemies":"Snake Plant","floor":29,"turns":5},{"damage":46,"enemies":"Collector","floor":33,"turns":13},{"damage":18,"enemies":"3 Shapes","floor":35,"turns":4},{"damage":16,"enemies":"3 Darklings","floor":36,"turns":5},{"damage":65,"enemies":"2 Orb Walkers","floor":39,"turns":3}],"seed_played":"308065296426957964","potions_obtained":[{"floor":3,"key":"Dexterity Potion"},{"floor":5,"key":"Energy Potion"},{"floor":14,"key":"Ancient Potion"},{"floor":16,"key":"GhostInAJar"},{"floor":18,"key":"GhostInAJar"},{"floor":19,"key":"EssenceOfSteel"},{"floor":25,"key":"Block Potion"},{"floor":33,"key":"PowerPotion"},{"floor":35,"key":"Ancient Potion"}],"is_trial":false,"path_per_floor":["M","M","M","?","M","?","M","$","T","$","T","M","M","M","R","B",null,"M","M","M","?","M","R","M","M","T","?","$","M","T","$","R","B",null,"M","M","$","?","?"],"character_chosen":"THE_SILENT","items_purchased":["Bandage Up","Dodge and Roll","Footwork","Kunai","Strength Potion","Footwork"],"campfire_rested":3,"item_purchase_floors":[8,8,10,28,28,37],"current_hp_per_floor":[70,57,49,42,37,37,31,31,31,31,31,19,20,24,47,21,77,68,50,40,26,24,48,24,13,13,13,13,10,10,10,49,32,82,68,56,56,46,0],"gold":10,"neow_bonus":"TEN_PERCENT_HP_BONUS","is_prod":false,"is_daily":false,"chose_seed":false,"campfire_upgraded":0,"win_rate":0.0,"timestamp":1543381627,"path_taken":["M","M","M","?","M","?","M","$","T","$","?","M","?","M","R","BOSS","M","M","M","?","M","R","M","M","T","?","$","?","?","?","R","BOSS","M","M","$","?","?"],"build_version":"2018-11-15","purchased_purges":1,"victory":false,"max_hp_per_floor":[77,77,77,77,77,77,77,77,77,77,77,77,77,77,77,77,77,77,77,77,82,82,82,82,82,82,82,82,82,82,82,82,82,82,82,82,82,82,82],"card_choices":[{"not_picked":["Outmaneuver","Dash"],"picked":"PiercingWail","floor":1},{"not_picked":["Footwork","Expertise"],"picked":"Infinite Blades","floor":2},{"not_picked":["Dagger Throw","Poisoned Stab"],"picked":"Dodge and Roll","floor":3},{"not_picked":["Outmaneuver","Dodge and Roll"],"picked":"Endless Agony","floor":5},{"not_picked":["Acrobatics","Footwork"],"picked":"Blade Dance","floor":7},{"not_picked":["Footwork","Dodge and Roll"],"picked":"Flying Knee","floor":12},{"not_picked":["Quick Slash","Dagger Spray"],"picked":"Caltrops","floor":13},{"not_picked":["Dagger Spray","Masterful Stab","Eviscerate"],"picked":"SKIP","floor":14},{"not_picked":["Malaise","Envenom"],"picked":"A Thousand Cuts","floor":16},{"not_picked":["Dagger Throw","PiercingWail"],"picked":"Dash","floor":18},{"not_picked":["Calculated Gamble+1","Dash"],"picked":"Prepared","floor":19},{"not_picked":["Acrobatics+1","Predator"],"picked":"Finisher","floor":20},{"not_picked":["Finisher","Deadly Poison"],"picked":"Well Laid Plans","floor":22},{"not_picked":["Predator","Dagger Spray"],"picked":"Doppelganger","floor":24},{"not_picked":["Backflip","Reflex"],"picked":"Poisoned Stab","floor":25},{"not_picked":["Reflex","Underhanded Strike+1","Poisoned Stab+1"],"picked":"SKIP","floor":29},{"not_picked":["Malaise","Venomology"],"picked":"A Thousand Cuts","floor":33},{"not_picked":[],"picked":"Terror","floor":35},{"not_picked":[],"picked":"Poisoned Stab","floor":36}],"player_experience":10687,"relics_obtained":[{"floor":9,"key":"Snake Skull"},{"floor":11,"key":"Centennial Puzzle"},{"floor":26,"key":"Regal Pillow"},{"floor":30,"key":"Pantograph"}],"event_choices":[{"cards_removed":["Defend_G"],"damage_healed":0,"gold_gain":0,"player_choice":"Card Removal","damage_taken":7,"max_hp_gain":0,"max_hp_loss":0,"event_name":"Golden Wing","floor":4,"gold_loss":0},{"damage_healed":0,"gold_gain":0,"player_choice":"Ignored","damage_taken":0,"max_hp_gain":0,"max_hp_loss":0,"event_name":"Liars Game","floor":6,"gold_loss":0},{"damage_healed":0,"gold_gain":0,"player_choice":"Shed Blood","damage_taken":19,"max_hp_gain":5,"max_hp_loss":0,"event_name":"Forgotten Altar","floor":21,"gold_loss":0},{"cards_removed":["Defend_G"],"damage_healed":0,"gold_gain":0,"player_choice":"Purged","damage_taken":0,"max_hp_gain":0,"max_hp_loss":0,"event_name":"Purifier","floor":27,"gold_loss":0},{"damage_healed":0,"gold_gain":0,"player_choice":"Embrace Madness","damage_taken":10,"max_hp_gain":0,"max_hp_loss":0,"event_name":"Winding Halls","floor":38,"gold_loss":0,"cards_obtained":["Madness","Madness"]},{"damage_healed":0,"gold_gain":0,"player_choice":"Fight","damage_taken":0,"max_hp_gain":0,"max_hp_loss":0,"event_name":"Mysterious Sphere","floor":39,"gold_loss":0}],"is_beta":false,"boss_relics":[{"not_picked":["Black Star","Eternal Feather"],"picked":"Astrolabe"},{"not_picked":["Philosopher\u0027s Stone","Runic Dome"],"picked":"Busted Crown"}],"items_purged_floors":[37],"is_endless":false,"potions_floor_spawned":[3,5,14,16,18,19,25,33,35],"killed_by":"2 Orb Walkers","ascension_level":0}