{"gold_per_floor":[110,185,185,185,196,196,196,224,224,244,244,254,268,302,302,373,373,390,12,23,23,41,41,66,99,99,99,112,112,139,139],"floor_reached":31,"playtime":1779,"items_purged":["Strike_G"],"score":566,"play_id":"1948023f-de80-4e9c-b4d0-6a2b17e56fc3","local_time":"20190422123726","is_ascension_mode":true,"campfire_choices":[{"data":"Poisoned Stab","floor":6,"key":"SMITH"},{"data":"Neutralize","floor":11,"key":"SMITH"},{"data":"Noxious Fumes","floor":15,"key":"SMITH"},{"data":"Catalyst","floor":23,"key":"SMITH"},{"data":"After Image","floor":29,"key":"SMITH"}],"neow_cost":"TEN_PERCENT_HP_LOSS","seed_source_timestamp":348146195703483,"circlet_count":0,"master_deck":["AscendersBane","Defend_G","Defend_G","Defend_G","Defend_G","Defend_G","Strike_G","Strike_G","Strike_G","Survivor","Neutralize+1","Poisoned Stab+1","Dagger Spray","Dash","After Image+1","Noxious Fumes+1","PiercingWail","Deadly Poison","Night Terror","PiercingWail","Calculated Gamble","Leg Sweep","Catalyst+1","Dodge and Roll+1","Tools of the Trade","Backflip","Deflect"],"relics":["Ring of the Snake","Dead Branch","Turnip","Mummified Hand","Pantograph","Runic Pyramid","OrangePellets","Ancient Tea Set","Red Mask","Art of War","PreservedInsect"],"potions_floor_usage":[14,14,24,25,30],"damage_taken":[{"damage":7,"enemies":"Small Slimes","floor":1,"turns":6},{"damage":0,"enemies":"2 Louse","floor":5,"turns":4},{"damage":12,"enemies":"3 Sentries","floor":8,"turns":7},{"damage":0,"enemies":"Jaw Worm","floor":10,"turns":4},{"damage":0,"enemies":"Red Slaver","floor":12,"turns":3},{"damage":1,"enemies":"Lots of Slimes","floor":13,"turns":3},{"damage":21,"enemies":"Gremlin Nob","floor":14,"turns":4},{"damage":7,"enemies":"Hexaghost","floor":16,"turns":9},{"damage":1,"enemies":"Spheric Guardian","floor":18,"turns":6},{"damage":0,"enemies":"Chosen","floor":20,"turns":4},{"damage":0,"enemies":"Centurion and Healer","floor":22,"turns":9},{"damage":13,"enemies":"Gremlin Leader","floor":24,"turns":8},{"damage":7,"enemies":"Masked Bandits","floor":25,"turns":5},{"damage":0,"enemies":"Shelled Parasite and Fungi","floor":28,"turns":7},{"damage":18,"enemies":"Slavers","floor":30,"turns":6},{"damage":23,"enemies":"Cultist and Chosen","floor":31,"turns":3}],"seed_played":"-5173759292880193646","potions_obtained":[{"floor":8,"key":"FearPotion"},{"floor":10,"key":"Explosive Potion"},{"floor":16,"key":"AttackPotion"},{"floor":20,"key":"SteroidPotion"},{"floor":22,"key":"SkillPotion"},{"floor":24,"key":"Ancient Potion"}],"is_trial":false,"path_per_floor":["?","?","?","?","?","?","T","M"],"character_chosen":"THE_SILENT","items_purchased":["OrangePellets","Calculated Gamble"],"campfire_rested":0,"item_purchase_floors":[19,19],"current_hp_per_floor":[52,41,34,34,34,34,54,42,42,42,42,42,41,20,20,38,55,54,54,54,54,54,54,41,34,34,34,34,34,16,0],"gold":139,"neow_bonus":"ONE_RARE_RELIC","is_prod":false,"is_daily":false,"chose_seed":false,"campfire_upgraded":5,"win_rate":0,"timestamp":1555925846,"path_taken":["M","?","?","?","M","R","?","E","T","M","R","M","M","E","R","BOSS","M","$","M","?","M","R","E","?","T","?","M","R","E","?"],"build_version":"2019-01-23","purchased_purges":1,"victory":false,"max_hp_per_floor":[60,60,60,60,60,60,60,60,60,60,60,60,60,60,60,60,60,60,60,60,60,60,60,60,60,60,60,60,60,60,60],"card_choices":[{"not_picked":["Dagger Spray","Sucker Punch"],"picked":"Poisoned Stab","floor":1},{"not_picked":["Backflip","Acrobatics"],"picked":"Dagger Spray","floor":5},{"not_picked":["Tactician","Slice"],"picked":"Dash","floor":8},{"not_picked":["Flying Knee","PiercingWail"],"picked":"After Image","floor":10},{"not_picked":["Poisoned Stab","Dagger Throw"],"picked":"Noxious Fumes","floor":12},{"not_picked":["Quick Slash","Slice"],"picked":"PiercingWail","floor":13},{"not_picked":["Acrobatics","Doppelganger"],"picked":"Deadly Poison","floor":14},{"not_picked":["Adrenaline","Grand Finale"],"picked":"Night Terror","floor":16},{"not_picked":["Dagger Spray","All Out Attack+1"],"picked":"PiercingWail","floor":18},{"not_picked":["Deflect","Deadly Poison"],"picked":"Leg Sweep","floor":20},{"not_picked":["Acrobatics","Blade Dance"],"picked":"Dodge and Roll+1","floor":22},{"not_picked":["Concentrate","Eviscerate"],"picked":"Tools of the Trade","floor":24},{"not_picked":["Bane","Eviscerate"],"picked":"Backflip","floor":25},{"not_picked":["Underhanded Strike","Outmaneuver","Sucker Punch"],"picked":"SKIP","floor":28},{"not_picked":["Heel Hook","Blade Dance"],"picked":"Deflect","floor":30}],"player_experience":1794702,"relics_obtained":[{"floor":8,"key":"Turnip"},{"floor":9,"key":"Mummified Hand"},{"floor":14,"key":"Pantograph"},{"floor":24,"key":"Ancient Tea Set"},{"floor":25,"key":"Red Mask"},{"floor":27,"key":"Art of War"},{"floor":30,"key":"PreservedInsect"}],"event_choices":[{"damage_healed":0,"gold_gain":75,"player_choice":"Gather Gold","damage_taken":11,"max_hp_gain":0,"max_hp_loss":0,"event_name":"World of Goop","floor":2,"gold_loss":0},{"cards_removed":["Strike_G"],"damage_healed":0,"gold_gain":0,"player_choice":"Card Removal","damage_taken":7,"max_hp_gain":0,"max_hp_loss":0,"event_name":"Golden Wing","floor":3,"gold_loss":0},{"damage_healed":0,"gold_gain":0,"player_choice":"Fled","damage_taken":0,"max_hp_gain":0,"max_hp_loss":0,"event_name":"Scrap Ooze","floor":4,"gold_loss":0},{"damage_healed":20,"gold_gain":0,"player_choice":"Banana","damage_taken":0,"max_hp_gain":0,"max_hp_loss":0,"event_name":"Big Fish","floor":7,"gold_loss":0},{"damage_healed":0,"gold_gain":0,"player_choice":"Read","damage_taken":0,"max_hp_gain":0,"max_hp_loss":0,"event_name":"The Library","floor":21,"gold_loss":0,"cards_obtained":["Catalyst"]},{"damage_healed":0,"gold_gain":0,"player_choice":"Fought Bandits","damage_taken":0,"max_hp_gain":0,"max_hp_loss":0,"event_name":"Masked Bandits","floor":25,"gold_loss":0}],"is_beta":false,"boss_relics":[{"not_picked":["HoveringKite","White Beast Statue"],"picked":"Runic Pyramid"}],"items_purged_floors":[19],"is_endless":false,"potions_floor_spawned":[8,10,13,16,20,22,24],"killed_by":"Cultist and Chosen","ascension_level":20}