{"gold_per_floor":[110,186,186,186,114,147,167,197,197,197,147,164,95,115,115,214,214,233,246,41,41,41,41,76,76,76,108,108,139,139],"floor_reached":30,"playtime":872,"items_purged":[],"score":469,"play_id":"d696a1c9-8181-4320-ba27-982490bac549","local_time":"20190228140400","is_ascension_mode":true,"campfire_choices":[{"data":"Whirlwind","floor":10,"key":"SMITH"},{"floor":15,"key":"REST"},{"data":"Barricade","floor":23,"key":"SMITH"},{"floor":28,"key":"REST"}],"neow_cost":"NONE","seed_source_timestamp":519480137113500,"circlet_count":0,"master_deck":["Defend_R","Defend_R","Defend_R+1","Defend_R+1","Bash+1","Clothesline","Whirlwind+1","Battle Trance","Thunderclap","Combust","Combust","Barricade+1","Combust","Rupture","Bite","Bite","Bite","Bite","Bite","Shame","Armaments","Reaper"],"relics":["Burning Blood","NeowsBlessing","Mango","War Paint","Mummified Hand","Du-Vu Doll","Philosopher\u0027s Stone","Tiny Chest","Letter Opener","Dream Catcher","Sundial","Question Card","Peace Pipe","Smiling Mask"],"potions_floor_usage":[16,24,27,29,30],"damage_taken":[{"damage":0,"enemies":"Jaw Worm","floor":1,"turns":1},{"damage":0,"enemies":"3 Sentries","floor":6,"turns":2},{"damage":0,"enemies":"2 Louse","floor":7,"turns":1},{"damage":29,"enemies":"Lagavulin","floor":8,"turns":8},{"damage":5,"enemies":"Small Slimes","floor":12,"turns":3},{"damage":34,"enemies":"Exordium Thugs","floor":14,"turns":4},{"damage":43,"enemies":"The Guardian","floor":16,"turns":10},{"damage":12,"enemies":"Chosen","floor":18,"turns":6},{"damage":12,"enemies":"Spheric Guardian","floor":19,"turns":4},{"damage":63,"enemies":"Book of Stabbing","floor":24,"turns":5},{"damage":22,"enemies":"Gremlin Leader","floor":27,"turns":7},{"damage":53,"enemies":"Book of Stabbing","floor":29,"turns":5},{"damage":21,"enemies":"Centurion and Healer","floor":30,"turns":2}],"seed_played":"-6801811552360533939","potions_obtained":[{"floor":1,"key":"SteroidPotion"},{"floor":8,"key":"Weak Potion"},{"floor":19,"key":"PowerPotion"},{"floor":24,"key":"Explosive Potion"},{"floor":29,"key":"Energy Potion"}],"is_trial":false,"path_per_floor":["M","?","?","?","$","E","M","E","T","R","?","M","$","M","R","B",null,"M","M","$","?","?","R","E","T","T","E","R","E","M"],"character_chosen":"IRONCLAD","items_purchased":["Whirlwind","Combust","Rupture","Tiny Chest"],"campfire_rested":2,"item_purchase_floors":[5,13,20,20],"current_hp_per_floor":[78,78,89,89,89,94,94,71,71,71,71,72,72,44,72,35,79,73,67,67,65,65,65,19,19,19,28,47,13,0],"gold":139,"neow_bonus":"THREE_ENEMY_KILL","is_prod":false,"is_daily":false,"chose_seed":false,"campfire_upgraded":2,"win_rate":0,"timestamp":1551380640,"path_taken":["M","?","?","?","$","E","?","E","T","R","?","M","?","M","R","BOSS","M","?","$","?","?","R","E","?","T","E","R","E","M"],"build_version":"2019-01-23","purchased_purges":0,"victory":false,"max_hp_per_floor":[80,80,94,94,94,94,94,94,94,94,94,94,94,94,94,94,94,94,94,94,65,65,65,65,65,65,65,65,65,65],"card_choices":[{"not_picked":["Second Wind","True Grit"],"picked":"Clothesline","floor":1},{"not_picked":["Body Slam","Blood for Blood"],"picked":"Battle Trance","floor":6},{"not_picked":["Twin Strike","Feel No Pain","Body Slam"],"picked":"SKIP","floor":7},{"not_picked":["Pommel Strike","Dual Wield"],"picked":"Thunderclap","floor":8},{"not_picked":["Warcry","Headbutt"],"picked":"Combust","floor":12},{"not_picked":["Twin Strike","Second Wind","Flex"],"picked":"SKIP","floor":14},{"not_picked":["Brutality","Impervious"],"picked":"Barricade","floor":16},{"not_picked":["Power Through","Thunderclap","Headbutt"],"picked":"SKIP","floor":18},{"not_picked":["Shrug It Off","Clothesline"],"picked":"Combust","floor":19},{"not_picked":["Infernal Blade+1","Shrug It Off"],"picked":"Armaments","floor":24},{"not_picked":["Dark Embrace","Body Slam","Iron Wave"],"picked":"Reaper","floor":27},{"not_picked":["Rage","Berserk","Bloodletting","Clothesline+1"],"picked":"SKIP","floor":29}],"player_experience":500981,"relics_obtained":[{"floor":6,"key":"War Paint"},{"floor":8,"key":"Mummified Hand"},{"floor":9,"key":"Du-Vu Doll"},{"floor":24,"key":"Dream Catcher"},{"floor":25,"key":"Sundial"},{"floor":26,"key":"Question Card"},{"floor":27,"key":"Peace Pipe"},{"floor":29,"key":"Smiling Mask"}],"event_choices":[{"damage_healed":0,"gold_gain":76,"player_choice":"Gained Gold","damage_taken":0,"max_hp_gain":0,"max_hp_loss":0,"event_name":"Golden Wing","floor":2,"gold_loss":0},{"damage_healed":0,"gold_gain":0,"player_choice":"Success","damage_taken":3,"relics_obtained":["Mango"],"max_hp_gain":0,"max_hp_loss":0,"event_name":"Scrap Ooze","floor":3,"gold_loss":0},{"damage_healed":0,"gold_gain":0,"player_choice":"Grow","damage_taken":0,"max_hp_gain":0,"max_hp_loss":0,"event_name":"Living Wall","floor":4,"gold_loss":0,"cards_upgraded":["Bash"]},{"cards_removed":["Strike_R"],"damage_healed":0,"gold_gain":0,"player_choice":"Card Removal","damage_taken":0,"max_hp_gain":0,"max_hp_loss":0,"event_name":"The Cleric","floor":11,"gold_loss":50},{"damage_healed":0,"gold_gain":0,"player_choice":"Became a vampire","damage_taken":0,"max_hp_gain":0,"max_hp_loss":29,"event_name":"Vampires","floor":21,"gold_loss":0,"cards_obtained":["Bite","Bite","Bite","Bite","Bite"]},{"damage_healed":0,"gold_gain":0,"player_choice":"Stole Relic","damage_taken":0,"relics_obtained":["Letter Opener"],"max_hp_gain":0,"max_hp_loss":0,"event_name":"Addict","floor":22,"gold_loss":0,"cards_obtained":["Shame"]}],"is_beta":false,"boss_relics":[{"not_picked":["Coffee Dripper","Pandora\u0027s Box"],"picked":"Philosopher\u0027s Stone"}],"items_purged_floors":[],"is_endless":false,"potions_floor_spawned":[1,8,19,24,29],"killed_by":"Centurion and Healer","ascension_level":8}