{"gold_per_floor":[116,41,41,41,58,86,86,69,151,151,151,169,169,203,203,331,331,331,109,109,24,24,24,24,24,24,24,24],"floor_reached":28,"playtime":3113,"items_purged":["Strike_R","Parasite"],"score":396,"play_id":"5d901ee7-b16c-4890-ad68-dd798e06de7e","local_time":"20190401180339","is_ascension_mode":true,"campfire_choices":[{"data":"Uppercut","floor":7.0,"key":"SMITH"},{"floor":13.0,"key":"REST"},{"data":"Clothesline","floor":15,"key":"SMITH"},{"data":"Demon Form","floor":23,"key":"SMITH"},{"data":"Whirlwind","floor":25,"key":"SMITH"}],"neow_cost":"NONE","seed_source_timestamp":0,"circlet_count":0,"master_deck":["AscendersBane","Strike_R","Strike_R","Strike_R","Strike_R","Defend_R","Defend_R","Defend_R","Defend_R","Bash","Uppercut+1","Clothesline+1","Disarm","Carnage","Flame Barrier+1","Power Through+1","Demon Form+1","Inflame","Limit Break+1","Headbutt","Whirlwind+1","Warcry+1"],"special_seed":0,"relics":["Burning Blood","Mango","Toxic Egg 2","Golden Idol","Ancient Tea Set","Ectoplasm","Self Forming Clay","Tiny Chest","Lantern","Ginger"],"potions_floor_usage":[24,27,27,27,28],"damage_taken":[{"damage":6.0,"enemies":"Cultist","floor":1.0,"turns":4.0},{"damage":0.0,"enemies":"Small Slimes","floor":3.0,"turns":3.0},{"damage":9.0,"enemies":"2 Louse","floor":5.0,"turns":3.0},{"damage":57.0,"enemies":"3 Sentries","floor":6.0,"turns":10.0},{"damage":20.0,"enemies":"Exordium Thugs","floor":8.0,"turns":5.0},{"damage":9.0,"enemies":"Looter","floor":12.0,"turns":4.0},{"damage":18.0,"enemies":"Lagavulin","floor":14.0,"turns":9.0},{"damage":62,"enemies":"Slime Boss","floor":16,"turns":22},{"damage":8,"enemies":"Chosen","floor":18,"turns":5},{"damage":7,"enemies":"3 Byrds","floor":20,"turns":6},{"damage":12,"enemies":"Book of Stabbing","floor":24,"turns":8},{"damage":43,"enemies":"Gremlin Leader","floor":27,"turns":8},{"damage":28,"enemies":"Centurion and Healer","floor":28,"turns":8}],"seed_played":"2544762010403110905","potions_obtained":[{"floor":1.0,"key":"Swift Potion"},{"floor":5.0,"key":"Fire Potion"},{"floor":14.0,"key":"BloodPotion"},{"floor":16,"key":"Block Potion"},{"floor":20,"key":"Energy Potion"},{"floor":24,"key":"Weak Potion"},{"floor":27,"key":"AttackPotion"}],"is_trial":false,"path_per_floor":["M","$","?","?","?","?"],"character_chosen":"IRONCLAD","items_purchased":["Limit Break+1","PowerPotion"],"campfire_rested":1,"item_purchase_floors":[19,19],"current_hp_per_floor":[80,80,86,86,83,46,46,32,32,32,55,52,80,68,68,12,74,72,72,71,71,71,71,65,65,65,28,0],"gold":24,"neow_bonus":"TEN_PERCENT_HP_BONUS","is_prod":false,"is_daily":false,"chose_seed":false,"campfire_upgraded":4,"win_rate":0,"timestamp":1554138219,"path_taken":["M","$","?","?","M","E","R","M","T","?","?","M","R","E","R","BOSS","M","$","M","?","?","R","E","R","T","E","M"],"build_version":"2019-01-23","purchased_purges":2,"victory":false,"max_hp_per_floor":[88,88,88,88,88,102,102,102,102,94,94,94,94,94,94,94,94,94,91,91,91,91,91,91,91,91,91,91],"card_choices":[{"not_picked":["Clothesline","Heavy Blade"],"picked":"Uppercut","floor":1.0},{"not_picked":["Searing Blow","Clash"],"picked":"Clothesline","floor":3.0},{"not_picked":["Searing Blow","Infernal Blade","Whirlwind"],"picked":"SKIP","floor":5.0},{"not_picked":["Sword Boomerang","True Grit"],"picked":"Disarm","floor":6.0},{"not_picked":["Flex","Sever Soul"],"picked":"Carnage","floor":8.0},{"not_picked":["Body Slam","Perfected Strike"],"picked":"Flame Barrier+1","floor":12.0},{"not_picked":["Bloodletting+1","Sword Boomerang"],"picked":"Power Through+1","floor":14.0},{"not_picked":["Brutality","Immolate"],"picked":"Demon Form","floor":16},{"not_picked":["Sword Boomerang","Power Through+1"],"picked":"Inflame","floor":18},{"not_picked":["Dropkick+1","Wild Strike"],"picked":"Headbutt","floor":20},{"not_picked":["Demon Form","Shrug It Off+1"],"picked":"Whirlwind","floor":24},{"not_picked":["Heavy Blade+1","Havoc+1"],"picked":"Warcry+1","floor":27}],"player_experience":420889,"relics_obtained":[{"floor":6.0,"key":"Mango"},{"floor":9.0,"key":"Toxic Egg 2"},{"floor":14.0,"key":"Ancient Tea Set"},{"floor":24,"key":"Tiny Chest"},{"floor":26,"key":"Lantern"},{"floor":27,"key":"Ginger"}],"event_choices":[{"damage_healed":0.0,"max_hp_gain":0.0,"max_hp_loss":8.0,"gold_gain":0.0,"event_name":"Golden Idol","player_choice":"Lose Max HP","floor":10.0,"gold_loss":0.0,"damage_taken":0.0,"relics_obtained":["Golden Idol"]},{"damage_healed":23.0,"max_hp_gain":0.0,"max_hp_loss":0.0,"gold_gain":0.0,"event_name":"Mushrooms","player_choice":"Healed and dodged fight","floor":11.0,"gold_loss":0.0,"damage_taken":0.0,"cards_obtained":["Parasite"]},{"damage_healed":0,"gold_gain":0,"player_choice":"Obtained Relic","damage_taken":0,"relics_obtained":["Self Forming Clay"],"max_hp_gain":0,"max_hp_loss":0,"event_name":"Addict","floor":21,"gold_loss":85},{"damage_healed":0,"gold_gain":0,"player_choice":"Ignored","damage_taken":0,"max_hp_gain":0,"max_hp_loss":0,"event_name":"Vampires","floor":22,"gold_loss":0}],"is_beta":false,"boss_relics":[{"not_picked":["Runic Dome","Black Star"],"picked":"Ectoplasm"}],"items_purged_floors":[2,19],"is_endless":false,"potions_floor_spawned":[1,5,14,16,20,24,27],"killed_by":"Centurion and Healer","ascension_level":10}