{"gold_per_floor":[118,128,28,43,62,62,39,53,53,53,70,70,145,145,145,145],"floor_reached":16,"playtime":1503,"items_purged":[],"score":120,"play_id":"e4a4a1e7-8da3-467a-bdf2-b6bb80c6f1b3","local_time":"20190316100503","is_ascension_mode":true,"campfire_choices":[{"data":"Dash","floor":6,"key":"SMITH"},{"data":"Neutralize","floor":10,"key":"SMITH"},{"data":"Backflip","floor":12,"key":"SMITH"},{"floor":15,"key":"REST"}],"neow_cost":"NONE","seed_source_timestamp":300105826522352,"circlet_count":0,"master_deck":["Defend_G","Defend_G","Defend_G","Defend_G","Defend_G","Strike_G","Strike_G","Strike_G","Strike_G","Strike_G","Survivor","Neutralize+1","Blade Dance","Slice","Backflip+1","Dash+1","Underhanded Strike","Dodge and Roll+1","Endless Agony"],"relics":["Ring of the Snake","Toxic Egg 2"],"potions_floor_usage":[],"damage_taken":[{"damage":0,"enemies":"2 Louse","floor":1,"turns":3},{"damage":2,"enemies":"Jaw Worm","floor":2,"turns":6},{"damage":1,"enemies":"Cultist","floor":4,"turns":3},{"damage":11,"enemies":"Large Slime","floor":5,"turns":8},{"damage":10,"enemies":"3 Louse","floor":8,"turns":5},{"damage":3,"enemies":"Looter","floor":11,"turns":3},{"damage":62,"enemies":"Hexaghost","floor":16,"turns":14}],"seed_played":"1127614891911417140","potions_obtained":[{"floor":2,"key":"Poison Potion"},{"floor":4,"key":"PowerPotion"},{"floor":8,"key":"LiquidBronze"},{"floor":11,"key":"Block Potion"}],"is_trial":false,"path_per_floor":["?","?"],"character_chosen":"THE_SILENT","items_purchased":["Backflip","Slice","Underhanded Strike"],"campfire_rested":1,"item_purchase_floors":[3,3,7],"current_hp_per_floor":[70,68,68,67,56,56,56,46,46,46,43,43,32,32,55,0],"gold":145,"neow_bonus":"TEN_PERCENT_HP_BONUS","is_prod":false,"is_daily":false,"chose_seed":false,"campfire_upgraded":3,"win_rate":0,"timestamp":1552730703,"path_taken":["M","M","$","M","M","R","$","M","T","R","M","R","?","?","R","BOSS"],"build_version":"2019-01-23","purchased_purges":0,"victory":false,"max_hp_per_floor":[77,77,77,77,77,77,77,77,77,77,77,77,77,77,77,77],"card_choices":[{"not_picked":["Reflex","Outmaneuver"],"picked":"Blade Dance","floor":1},{"not_picked":["Acrobatics","Infinite Blades"],"picked":"Slice","floor":2},{"not_picked":["Bane","Calculated Gamble","Flechettes"],"picked":"SKIP","floor":4},{"not_picked":["Dodge and Roll","Outmaneuver"],"picked":"Dash","floor":5},{"not_picked":["Prepared","Blade Dance","Slice"],"picked":"SKIP","floor":8},{"not_picked":["Flechettes","Distraction+1"],"picked":"Dodge and Roll+1","floor":11}],"player_experience":240176,"relics_obtained":[{"floor":9,"key":"Toxic Egg 2"}],"event_choices":[{"damage_healed":0,"gold_gain":75,"player_choice":"Gather Gold","damage_taken":11,"max_hp_gain":0,"max_hp_loss":0,"event_name":"World of Goop","floor":13,"gold_loss":0},{"damage_healed":0,"gold_gain":0,"cards_transformed":["Slice"],"player_choice":"Transformed","damage_taken":0,"max_hp_gain":0,"max_hp_loss":0,"event_name":"Transmorgrifier","floor":14,"gold_loss":0,"cards_obtained":["Endless Agony"]}],"is_beta":false,"boss_relics":[],"items_purged_floors":[],"is_endless":false,"potions_floor_spawned":[2,4,8,11],"killed_by":"Hexaghost","ascension_level":6}