{"gold_per_floor":[219,189,201,219,185,212,229,229,252,252,267,119,145,145,145,250,250,262,282,51,51,63,63],"floor_reached":23,"playtime":2136,"items_purged":[],"score":283,"play_id":"6d2bc8ea-60d2-46e6-aa9e-ea54dc833c9a","local_time":"20190310073730","is_ascension_mode":true,"campfire_choices":[{"data":"Noxious Fumes","floor":8,"key":"SMITH"},{"data":"Skewer","floor":10,"key":"SMITH"},{"data":"Dash","floor":15,"key":"SMITH"}],"neow_cost":"NONE","seed_source_timestamp":355872454164908,"circlet_count":0,"master_deck":["Survivor","Neutralize","Dagger Spray","Dagger Throw","Finisher","Backstab","Noxious Fumes+1","Skewer+1","Dodge and Roll","Glass Knife+1","Dash+1","Malaise","Choke","Glass Knife","Footwork","Night Terror","Glass Knife","Leg Sweep","Phantasmal Killer","Die Die Die","Wraith Form v2","Sucker Punch","Footwork","Well Laid Plans","Sucker Punch"],"relics":["Ring of the Snake","Bag of Preparation","Snake Skull","Pen Nib","Pandora\u0027s Box","Vajra"],"potions_floor_usage":[6,11,13,16,16,22,22],"damage_taken":[{"damage":1,"enemies":"2 Louse","floor":1,"turns":4},{"damage":6,"enemies":"Cultist","floor":3,"turns":4},{"damage":4,"enemies":"Jaw Worm","floor":4,"turns":5},{"damage":13,"enemies":"Lagavulin","floor":6,"turns":6},{"damage":0,"enemies":"Large Slime","floor":7,"turns":3},{"damage":10,"enemies":"Red Slaver","floor":11,"turns":2},{"damage":0,"enemies":"Gremlin Nob","floor":13,"turns":2},{"damage":29,"enemies":"Hexaghost","floor":16,"turns":8},{"damage":15,"enemies":"Shell Parasite","floor":18,"turns":3},{"damage":0,"enemies":"Spheric Guardian","floor":19,"turns":3},{"damage":14,"enemies":"Shelled Parasite and Fungi","floor":22,"turns":5},{"damage":22,"enemies":"Colosseum Slavers","floor":23,"turns":1}],"seed_played":"-2228068935766143920","potions_obtained":[{"floor":2,"key":"FearPotion"},{"floor":2,"key":"Energy Potion"},{"floor":6,"key":"EntropicBrew"},{"floor":13,"key":"Regen Potion"},{"floor":19,"key":"Block Potion"}],"is_trial":false,"path_per_floor":["?","M","?","?","M","?"],"character_chosen":"THE_SILENT","items_purchased":["Backstab","Glass Knife","Vajra","Well Laid Plans"],"campfire_rested":0,"item_purchase_floors":[5,12,20,20],"current_hp_per_floor":[69,69,63,59,59,46,46,46,46,46,36,36,36,36,36,22,58,43,43,43,29,15,0],"gold":63,"neow_bonus":"HUNDRED_GOLD","is_prod":false,"is_daily":false,"chose_seed":false,"campfire_upgraded":3,"win_rate":0,"timestamp":1552203450,"path_taken":["M","?","M","M","$","E","?","R","T","R","M","$","E","?","R","BOSS","M","M","$","?","?","?"],"build_version":"2019-01-23","purchased_purges":0,"victory":false,"max_hp_per_floor":[70,70,70,70,70,70,70,70,70,70,70,70,70,70,70,70,70,70,70,70,70,70,70],"card_choices":[{"not_picked":["Underhanded Strike","Catalyst"],"picked":"Dagger Spray","floor":1},{"not_picked":["Grand Finale","Prepared"],"picked":"Dagger Throw","floor":3},{"not_picked":["Cloak And Dagger","Slice"],"picked":"Finisher","floor":4},{"not_picked":["Expertise","Cloak And Dagger"],"picked":"Noxious Fumes","floor":6},{"not_picked":["Dodge and Roll","Deflect"],"picked":"Skewer","floor":7},{"not_picked":["Setup","Deflect"],"picked":"Dodge and Roll","floor":11},{"not_picked":["Sucker Punch","Dagger Spray"],"picked":"Dash","floor":13},{"not_picked":["Wraith Form v2","Adrenaline"],"picked":"Malaise","floor":16},{"not_picked":["Tactician","All Out Attack","Backstab+1"],"picked":"SKIP","floor":18},{"not_picked":["Riddle With Holes","Acrobatics"],"picked":"Footwork","floor":19},{"not_picked":["Bane","Poisoned Stab"],"picked":"Sucker Punch","floor":22}],"player_experience":204484,"relics_obtained":[{"floor":6,"key":"Bag of Preparation"},{"floor":9,"key":"Snake Skull"},{"floor":13,"key":"Pen Nib"}],"event_choices":[{"damage_healed":0,"gold_gain":0,"player_choice":"Bought 2 Potions","damage_taken":0,"max_hp_gain":0,"max_hp_loss":0,"event_name":"The Woman in Blue","floor":2,"gold_loss":0},{"damage_healed":0,"gold_gain":0,"player_choice":"Grow","damage_taken":0,"max_hp_gain":0,"max_hp_loss":0,"event_name":"Living Wall","floor":14,"gold_loss":0,"cards_upgraded":["Glass Knife"]},{"damage_healed":0,"gold_gain":0,"player_choice":"POTION ","damage_taken":14,"max_hp_gain":0,"max_hp_loss":0,"event_name":"Knowing Skull","floor":21,"potions_obtained":["Explosive Potion"],"gold_loss":0,"cards_obtained":[]},{"damage_healed":0,"gold_gain":0,"player_choice":"Fight","damage_taken":0,"max_hp_gain":0,"max_hp_loss":0,"event_name":"Colosseum","floor":23,"gold_loss":0}],"is_beta":false,"boss_relics":[{"not_picked":["Ring of the Serpent","Snecko Eye"],"picked":"Pandora\u0027s Box"}],"items_purged_floors":[],"is_endless":false,"potions_floor_spawned":[6,13,19],"killed_by":"Colosseum Slavers","ascension_level":5}