{"gold_per_floor":[115,190,190,43,63,63,91,91,91,103,136,200,200,230,230,230],"floor_reached":16,"playtime":1085,"items_purged":["Strike_R"],"score":169,"play_id":"298f16d6-f59d-4748-9cb8-f12b736ffc7d","local_time":"20190316141044","is_ascension_mode":true,"campfire_choices":[{"data":"Double Tap","floor":6,"key":"SMITH"},{"data":"Metallicize","floor":8,"key":"SMITH"},{"data":"Searing Blow","floor":15,"key":"SMITH"}],"neow_cost":"NONE","seed_source_timestamp":633719194342445,"circlet_count":0,"master_deck":["Strike_R","Strike_R","Strike_R","Strike_R","Defend_R","Defend_R","Defend_R","Defend_R","Bash","Shrug It Off","Exhume","Double Tap+1","Metallicize+1","Headbutt","Searing Blow+1","Flame Barrier","Ghostly Armor"],"relics":["Burning Blood","NeowsBlessing","Boot","The Courier","Self Forming Clay","Bag of Marbles","Oddly Smooth Stone","Question Card"],"potions_floor_usage":[3,11,12,12,12,12,14,16],"damage_taken":[{"damage":0,"enemies":"2 Louse","floor":1,"turns":1},{"damage":0,"enemies":"Cultist","floor":5,"turns":1},{"damage":0,"enemies":"3 Sentries","floor":7,"turns":2},{"damage":3,"enemies":"Jaw Worm","floor":10,"turns":3},{"damage":34,"enemies":"Gremlin Nob","floor":11,"turns":5},{"damage":38,"enemies":"3 Sentries","floor":12,"turns":12},{"damage":20,"enemies":"Lagavulin","floor":14,"turns":9},{"damage":19,"enemies":"Hexaghost","floor":16,"turns":15}],"seed_played":"-7862459356484729225","potions_obtained":[{"floor":3,"key":"Fruit Juice"},{"floor":3,"key":"LiquidBronze"},{"floor":3,"key":"EntropicBrew"},{"floor":5,"key":"LiquidBronze"},{"floor":10,"key":"SpeedPotion"},{"floor":12,"key":"LiquidBronze"}],"is_trial":false,"path_per_floor":["?","?","M","?","T"],"character_chosen":"IRONCLAD","items_purchased":["Exhume"],"campfire_rested":0,"item_purchase_floors":[4],"current_hp_per_floor":[80,69,74,74,80,80,85,85,85,85,57,33,33,19,19,0],"gold":230,"neow_bonus":"THREE_ENEMY_KILL","is_prod":false,"is_daily":false,"chose_seed":false,"campfire_upgraded":3,"win_rate":0,"timestamp":1552770644,"path_taken":["M","?","?","$","M","R","E","R","T","?","E","?","?","E","R","BOSS"],"build_version":"2019-01-23","purchased_purges":1,"victory":false,"max_hp_per_floor":[80,80,85,85,85,85,85,85,85,85,85,85,85,85,85,85],"card_choices":[{"not_picked":["Thunderclap","Clothesline"],"picked":"Shrug It Off","floor":1},{"not_picked":["Cleave","Clash"],"picked":"Double Tap","floor":5},{"not_picked":["True Grit","Clothesline"],"picked":"Metallicize","floor":7},{"not_picked":["Twin Strike","Havoc"],"picked":"Headbutt","floor":10},{"not_picked":["Carnage","Perfected Strike"],"picked":"Searing Blow","floor":11},{"not_picked":["Pummel","Rupture"],"picked":"Flame Barrier","floor":12},{"not_picked":["Clothesline","Impervious"],"picked":"Ghostly Armor","floor":14}],"player_experience":60467,"relics_obtained":[{"floor":7,"key":"Boot"},{"floor":9,"key":"The Courier"},{"floor":11,"key":"Self Forming Clay"},{"floor":12,"key":"Bag of Marbles"},{"floor":13,"key":"Oddly Smooth Stone"},{"floor":14,"key":"Question Card"}],"event_choices":[{"damage_healed":0,"gold_gain":75,"player_choice":"Gather Gold","damage_taken":11,"max_hp_gain":0,"max_hp_loss":0,"event_name":"World of Goop","floor":2,"gold_loss":0},{"damage_healed":0,"gold_gain":0,"player_choice":"Got Potions","damage_taken":0,"max_hp_gain":0,"max_hp_loss":0,"event_name":"Lab","floor":3,"gold_loss":0},{"damage_healed":0,"gold_gain":0,"player_choice":"Searched \u00272\u0027 times","damage_taken":0,"max_hp_gain":0,"max_hp_loss":0,"event_name":"Dead Adventurer","floor":12,"gold_loss":0}],"is_beta":false,"boss_relics":[],"items_purged_floors":[4],"is_endless":false,"potions_floor_spawned":[5,10,12],"killed_by":"Hexaghost","ascension_level":4}