{"gold_per_floor":[20,20,33,51,70,70,97,111,187,187,187,199,224,241,241,342,342,356,41,41,41,41,41,59,59,83,94,94,113,132,132],"floor_reached":31,"playtime":1149,"items_purged":[],"score":299,"play_id":"f67a1fe2-6eb5-48da-800e-8172346f7a24","local_time":"20190212235716","is_ascension_mode":true,"campfire_choices":[{"data":"Deadly Poison","floor":6.0,"key":"SMITH"},{"floor":11.0,"key":"REST"},{"floor":15.0,"key":"REST"},{"data":"Catalyst","floor":23,"key":"SMITH"},{"floor":25,"key":"REST"},{"data":"Venomology","floor":28,"key":"SMITH"}],"neow_cost":"NO_GOLD","seed_source_timestamp":23310755631800,"circlet_count":0,"master_deck":["Defend_G","Defend_G","Defend_G","Defend_G","Defend_G","Strike_G","Strike_G","Strike_G","Survivor","Neutralize","Well Laid Plans","Deadly Poison+1","Bane","Catalyst+1","Deadly Poison","Finisher","Poisoned Stab","Venomology+1","Envenom","Bouncing Flask","Footwork","Venomology","Leg Sweep+1","Clumsy"],"special_seed":0,"relics":["Ring of the Snake","The Specimen","NlothsMask","Smiling Mask","Thread and Needle","Cursed Key","Membership Card","Bronze Scales","Bag of Preparation","Happy Flower"],"potions_floor_usage":[20,27,29,29,30,30,30,31,31,31,31],"damage_taken":[{"damage":11.0,"enemies":"Jaw Worm","floor":1.0,"turns":6.0},{"damage":1.0,"enemies":"Cultist","floor":3.0,"turns":5.0},{"damage":0.0,"enemies":"Small Slimes","floor":4.0,"turns":2.0},{"damage":0.0,"enemies":"Red Slaver","floor":5.0,"turns":5.0},{"damage":27.0,"enemies":"3 Sentries","floor":7.0,"turns":9.0},{"damage":13.0,"enemies":"3 Louse","floor":8.0,"turns":4.0},{"damage":6.0,"enemies":"Looter","floor":12.0,"turns":3.0},{"damage":20.0,"enemies":"Lagavulin","floor":13.0,"turns":5.0},{"damage":0.0,"enemies":"Lots of Slimes","floor":14.0,"turns":1.0},{"damage":36.0,"enemies":"Hexaghost","floor":16.0,"turns":11.0},{"damage":3.0,"enemies":"Chosen","floor":18.0,"turns":4.0},{"damage":29,"enemies":"Colosseum Slavers","floor":20,"turns":2},{"damage":26,"enemies":"2 Thieves","floor":24,"turns":4},{"damage":1,"enemies":"Cultist and Chosen","floor":27,"turns":6},{"damage":1,"enemies":"Centurion and Healer","floor":29,"turns":5},{"damage":7,"enemies":"Shelled Parasite and Fungi","floor":30,"turns":4},{"damage":24,"enemies":"Slavers","floor":31,"turns":3}],"seed_played":"4767297148822512223","potions_obtained":[{"floor":4.0,"key":"SteroidPotion"},{"floor":7.0,"key":"Dexterity Potion"},{"floor":8.0,"key":"Regen Potion"},{"floor":13.0,"key":"Explosive Potion"},{"floor":16.0,"key":"SpeedPotion"},{"floor":27,"key":"Block Potion"},{"floor":30,"key":"FearPotion"}],"is_trial":false,"path_per_floor":["M","?","M","M","M","R","E","M","T","?","R","M","E","M","R","B",null,"M","$","?","?","?","R","M","R","T","M","R","M","M","E"],"character_chosen":"THE_SILENT","items_purchased":["Membership Card","Footwork","Bronze Scales"],"campfire_rested":3,"item_purchase_floors":[19,19,19],"current_hp_per_floor":[59,59,58,58,58,58,31,18,18,18,39,33,27,27,48,12,70,67,67,38,38,38,38,12,33,33,32,32,31,24,0],"gold":132,"neow_bonus":"ONE_RARE_RELIC","is_prod":false,"is_daily":false,"chose_seed":false,"campfire_upgraded":3,"win_rate":0,"timestamp":1550033836,"path_taken":["M","?","?","M","M","R","E","M","T","?","R","M","E","?","R","BOSS","M","$","?","?","?","R","M","R","T","?","R","M","M","E"],"build_version":"2019-01-23","purchased_purges":0,"victory":false,"max_hp_per_floor":[70,70,70,70,70,70,70,70,70,70,70,70,70,70,70,70,70,70,70,70,70,70,70,70,70,70,70,70,70,70,70],"card_choices":[{"not_picked":["Flying Knee","All Out Attack"],"picked":"Well Laid Plans","floor":1.0},{"not_picked":["Bane","Sucker Punch"],"picked":"Deadly Poison","floor":3.0},{"not_picked":["Dagger Throw","Terror"],"picked":"Bane","floor":4.0},{"not_picked":["Concentrate","Flying Knee","Well Laid Plans"],"picked":"SKIP","floor":5.0},{"not_picked":["Infinite Blades","Corpse Explosion"],"picked":"Catalyst","floor":7.0},{"not_picked":["Flechettes","Dagger Spray"],"picked":"Deadly Poison","floor":8.0},{"not_picked":["Outmaneuver","Quick Slash"],"picked":"Poisoned Stab","floor":12.0},{"not_picked":["Caltrops","Riddle With Holes"],"picked":"Venomology","floor":13.0},{"not_picked":["Acrobatics","Flechettes","Sucker Punch"],"picked":"SKIP","floor":14.0},{"not_picked":["Die Die Die","Doppelganger"],"picked":"Envenom","floor":16.0},{"not_picked":["Backstab+1","Dagger Spray"],"picked":"Bouncing Flask","floor":18.0},{"not_picked":["Dagger Spray","Underhanded Strike"],"picked":"Leg Sweep+1","floor":24},{"not_picked":["Cloak And Dagger","Prepared","Flying Knee"],"picked":"SKIP","floor":27},{"not_picked":["Deflect","Blade Dance","Acrobatics+1"],"picked":"SKIP","floor":29},{"not_picked":["Blade Dance+1","Dodge and Roll+1","Dagger Throw"],"picked":"SKIP","floor":30}],"player_experience":454860,"relics_obtained":[{"floor":7.0,"key":"Smiling Mask"},{"floor":13.0,"key":"Thread and Needle"},{"floor":26,"key":"Happy Flower"}],"event_choices":[{"damage_healed":0.0,"max_hp_gain":0.0,"max_hp_loss":0.0,"gold_gain":0.0,"event_name":"FaceTrader","player_choice":"Trade","floor":2.0,"gold_loss":0.0,"damage_taken":0.0,"relics_obtained":["NlothsMask"]},{"damage_healed":0.0,"max_hp_gain":0.0,"max_hp_loss":0.0,"gold_gain":0.0,"cards_transformed":["Strike_G"],"event_name":"Transmorgrifier","player_choice":"Transformed","floor":10.0,"gold_loss":0.0,"damage_taken":0.0,"cards_obtained":["Finisher"]},{"damage_healed":0,"gold_gain":0,"player_choice":"Fight","damage_taken":0,"max_hp_gain":0,"max_hp_loss":0,"event_name":"Colosseum","floor":20,"gold_loss":0},{"damage_healed":0,"gold_gain":0,"player_choice":"Fled From Nobs","damage_taken":0,"max_hp_gain":0,"max_hp_loss":0,"event_name":"Colosseum","floor":20,"gold_loss":0},{"damage_healed":0,"gold_gain":0,"player_choice":"Opened","damage_taken":0,"relics_obtained":["Bag of Preparation"],"max_hp_gain":0,"max_hp_loss":0,"event_name":"The Mausoleum","floor":21,"gold_loss":0},{"damage_healed":0,"gold_gain":0,"cards_transformed":["Strike_G"],"player_choice":"Transformed","damage_taken":0,"max_hp_gain":0,"max_hp_loss":0,"event_name":"Transmorgrifier","floor":22,"gold_loss":0,"cards_obtained":["Venomology"]}],"is_beta":false,"boss_relics":[{"not_picked":["HoveringKite","Fusion Hammer"],"picked":"Cursed Key"}],"items_purged_floors":[],"is_endless":false,"potions_floor_spawned":[4,7,8,13,16,20,27,30],"killed_by":"Slavers","ascension_level":4}