{"gold_per_floor":[12,30,30,40,52,52,77,94,94,120,135,135,17,17,17,96,96,109,120,120],"floor_reached":20,"playtime":689,"items_purged":["Strike_R"],"score":363,"play_id":"221ca759-d31b-482d-9b78-661e522ccbde","local_time":"20190421210300","is_ascension_mode":true,"campfire_choices":[{"data":"Body Slam","floor":6.0,"key":"SMITH"},{"data":"Ghostly Armor","floor":12.0,"key":"SMITH"},{"floor":15.0,"key":"REST"}],"neow_cost":"NO_GOLD","seed_source_timestamp":401488880872645,"circlet_count":0,"master_deck":["AscendersBane","Strike_R","Strike_R","Strike_R","Strike_R","Defend_R","Defend_R","Defend_R","Defend_R","Bash+1","Offering","Anger","Metallicize","Headbutt","Body Slam+1","Spot Weakness","Rampage","Ghostly Armor+1","Inflame","Feed","Thunderclap","True Grit+1"],"special_seed":0,"relics":["Burning Blood","Shuriken","Vajra","Red Skull","Velvet Choker"],"potions_floor_usage":[],"damage_taken":[{"damage":7.0,"enemies":"Cultist","floor":1.0,"turns":3.0},{"damage":10.0,"enemies":"Small Slimes","floor":2.0,"turns":3.0},{"damage":6.0,"enemies":"2 Louse","floor":4.0,"turns":3.0},{"damage":23.0,"enemies":"Exordium Thugs","floor":5.0,"turns":7.0},{"damage":31.0,"enemies":"3 Sentries","floor":7.0,"turns":9.0},{"damage":6.0,"enemies":"Large Slime","floor":8.0,"turns":4.0},{"damage":11.0,"enemies":"Gremlin Nob","floor":10.0,"turns":3.0},{"damage":9.0,"enemies":"Gremlin Gang","floor":11.0,"turns":4.0},{"damage":9.0,"enemies":"Slime Boss","floor":16.0,"turns":6.0},{"damage":17.0,"enemies":"Chosen","floor":18.0,"turns":4.0},{"damage":34,"enemies":"Spheric Guardian","floor":19,"turns":4},{"damage":29,"enemies":"Colosseum Slavers","floor":20,"turns":2}],"seed_played":"2138805161498571776","potions_obtained":[{"floor":4.0,"key":"Energy Potion"},{"floor":7.0,"key":"FearPotion"},{"floor":8.0,"key":"Dexterity Potion"},{"floor":11.0,"key":"Strength Potion"}],"is_trial":false,"path_per_floor":["M","M","?","M","M","R","E","M","T","E","M","R","$","?","R","B",null,"M","M","?"],"character_chosen":"IRONCLAD","items_purchased":["Inflame"],"campfire_rested":1,"item_purchase_floors":[13],"current_hp_per_floor":[67,63,63,63,46,46,21,21,21,16,13,13,13,13,35,32,64,53,25,0],"gold":120,"neow_bonus":"THREE_RARE_CARDS","is_prod":false,"is_daily":false,"chose_seed":false,"campfire_upgraded":2,"win_rate":0,"timestamp":1555905780,"path_taken":["M","M","?","M","M","R","E","M","T","E","M","R","$","?","R","BOSS","M","M","?"],"build_version":"2019-01-23","purchased_purges":1,"victory":false,"max_hp_per_floor":[75,75,75,75,75,75,75,75,75,75,75,75,75,75,75,75,75,75,75,75],"card_choices":[{"not_picked":["Limit Break","Brutality"],"picked":"Offering","floor":0.0},{"not_picked":["Havoc","Warcry"],"picked":"Anger","floor":1.0},{"not_picked":["Ghostly Armor","Clothesline"],"picked":"Metallicize","floor":2.0},{"not_picked":["True Grit","Bloodletting"],"picked":"Headbutt","floor":4.0},{"not_picked":["Havoc","Warcry"],"picked":"Body Slam","floor":5.0},{"not_picked":["Perfected Strike","Reckless Charge"],"picked":"Spot Weakness","floor":7.0},{"not_picked":["Entrench","Body Slam"],"picked":"Rampage","floor":8.0},{"not_picked":["Heavy Blade","Cleave","Iron Wave"],"picked":"SKIP","floor":10.0},{"not_picked":["Wild Strike","Dark Embrace"],"picked":"Ghostly Armor","floor":11.0},{"not_picked":["Brutality","Dark Embrace"],"picked":"Feed","floor":16.0},{"not_picked":["Heavy Blade","Havoc+1"],"picked":"Thunderclap","floor":18.0},{"not_picked":["Fire Breathing","Havoc"],"picked":"True Grit+1","floor":19}],"player_experience":225106,"relics_obtained":[{"floor":7.0,"key":"Shuriken"},{"floor":9.0,"key":"Vajra"},{"floor":10.0,"key":"Red Skull"}],"event_choices":[{"damage_healed":0.0,"max_hp_gain":0.0,"max_hp_loss":0.0,"gold_gain":0.0,"event_name":"Living Wall","player_choice":"Grow","floor":3.0,"gold_loss":0.0,"damage_taken":0.0,"cards_upgraded":["Bash"]},{"damage_healed":0.0,"max_hp_gain":0.0,"max_hp_loss":0.0,"gold_gain":0.0,"event_name":"Dead Adventurer","player_choice":"Searched \u00270\u0027 times","floor":14.0,"gold_loss":0.0,"damage_taken":0.0},{"damage_healed":0,"gold_gain":0,"player_choice":"Fight","damage_taken":0,"max_hp_gain":0,"max_hp_loss":0,"event_name":"Colosseum","floor":20,"gold_loss":0}],"is_beta":false,"boss_relics":[{"not_picked":["Astrolabe","Fusion Hammer"],"picked":"Velvet Choker"}],"items_purged_floors":[13],"is_endless":false,"potions_floor_spawned":[4,7,8,11,18],"killed_by":"Colosseum Slavers","ascension_level":19}