{"gold_per_floor":[117,117,117,117,130,163,163,202,257,269],"floor_reached":10,"playtime":636,"items_purged":[],"score":104,"play_id":"ef55524e-c0f9-441b-b4ad-5b0be3a6f756","local_time":"20190228134748","is_ascension_mode":true,"campfire_choices":[{"floor":7,"key":"REST"}],"neow_cost":"TEN_PERCENT_HP_LOSS","seed_source_timestamp":518657960755000,"circlet_count":0,"master_deck":["Strike_R","Strike_R","Strike_R","Strike_R","Strike_R","Defend_R","Defend_R","Defend_R","Defend_R","Bash","Feed","Headbutt","Iron Wave","Clothesline","Fiend Fire"],"special_seed":0,"relics":["Burning Blood","Golden Idol","Bronze Scales","Orichalcum","MawBank"],"potions_floor_usage":[8,10],"damage_taken":[{"damage":16.0,"enemies":"Jaw Worm","floor":1.0,"turns":6.0},{"damage":3.0,"enemies":"2 Louse","floor":5.0,"turns":3.0},{"damage":45,"enemies":"3 Sentries","floor":6,"turns":13},{"damage":37,"enemies":"Lagavulin","floor":8,"turns":6},{"damage":13,"enemies":"Gremlin Nob","floor":10,"turns":2}],"seed_played":"5932457065278294082","potions_obtained":[{"floor":6,"key":"SteroidPotion"},{"floor":8,"key":"SkillPotion"}],"is_trial":false,"path_per_floor":["M","?","?","?","M","E","R","E","T","E"],"character_chosen":"IRONCLAD","items_purchased":[],"campfire_rested":1,"item_purchase_floors":[],"current_hp_per_floor":[65,65,47,47,53,17,41,13,13,0],"gold":269,"neow_bonus":"THREE_RARE_CARDS","is_prod":false,"is_daily":false,"chose_seed":false,"campfire_upgraded":0,"win_rate":0,"timestamp":1551379668,"path_taken":["M","?","?","?","M","E","R","E","T","E"],"build_version":"2019-01-23","purchased_purges":0,"victory":false,"max_hp_per_floor":[75,75,75,75,78,81,81,84,84,84],"card_choices":[{"not_picked":["Juggernaut","Double Tap"],"picked":"Feed","floor":0.0},{"not_picked":["Warcry","Havoc"],"picked":"Headbutt","floor":1.0},{"not_picked":["Ghostly Armor","Dropkick"],"picked":"Iron Wave","floor":5.0},{"not_picked":["Heavy Blade","Feed"],"picked":"Clothesline","floor":6},{"not_picked":["Bloodletting","Thunderclap"],"picked":"Fiend Fire","floor":8}],"player_experience":500345,"relics_obtained":[{"floor":6,"key":"Bronze Scales"},{"floor":8,"key":"Orichalcum"},{"floor":9,"key":"MawBank"}],"event_choices":[{"damage_healed":0.0,"max_hp_gain":0.0,"max_hp_loss":0.0,"gold_gain":0.0,"event_name":"Liars Game","player_choice":"Ignored","floor":2.0,"gold_loss":0.0,"damage_taken":0.0},{"damage_healed":0.0,"max_hp_gain":0.0,"max_hp_loss":0.0,"gold_gain":0.0,"event_name":"Golden Idol","player_choice":"Take Damage","floor":3.0,"gold_loss":0.0,"damage_taken":18.0,"relics_obtained":["Golden Idol"]},{"damage_healed":0.0,"max_hp_gain":0.0,"max_hp_loss":0.0,"gold_gain":0.0,"event_name":"Match and Keep!","player_choice":"0 cards matched","floor":4.0,"gold_loss":0.0,"damage_taken":0.0,"cards_obtained":[]}],"is_beta":false,"boss_relics":[],"items_purged_floors":[],"is_endless":false,"potions_floor_spawned":[6,8],"killed_by":"Gremlin Nob","ascension_level":8}