{"gold_per_floor":[112,112,187,187,201,201,233,247,300,144,144,155,79,93,93,198,248,265,275,285,296,306,306,337,337,413,440,457,457,457,470,470,571,571,582,582,55,71,171,171,171,20,20,39,39,52,67,86,86,86],"floor_reached":50,"playtime":2485,"items_purged":[],"score":663,"play_id":"277a66ac-a04e-416c-ad76-a36e77bc3366","local_time":"20190129140937","is_ascension_mode":true,"campfire_choices":[{"data":"Doom and Gloom","floor":6.0,"key":"SMITH"},{"data":"Conserve Battery","floor":15.0,"key":"SMITH"},{"floor":23.0,"key":"REST"},{"data":"Loop","floor":25.0,"key":"SMITH"},{"floor":32.0,"key":"REST"},{"floor":41.0,"key":"REST"},{"floor":45.0,"key":"REST"},{"floor":49.0,"key":"REST"}],"neow_cost":"NONE","seed_source_timestamp":412129434042527,"circlet_count":0,"master_deck":["Strike_B","Strike_B","Strike_B","Defend_B","Defend_B","Defend_B","Zap+1","Dualcast","Sweeping Beam","Doom and Gloom+1","Rebound","Machine Learning+1","Conserve Battery+1","Core Surge+1","FTL+1","All For One+1","Beam Cell+1","Self Repair","Beam Cell+1","FTL+1","Streamline+1","Cold Snap+1","Loop+1","Beam Cell+1","Auto Shields","Defragment","Electrodynamics","Gash+1","Rebound+1","Melter+1","Redo+1","Madness","Madness","Leap+1","Leap+1","Ball Lightning+1","Go for the Eyes+1"],"special_seed":0,"relics":["Cracked Core","DataDisk","Juzu Bracelet","Regal Pillow","Molten Egg 2","Tiny House","Blue Candle","Symbiotic Virus","Gambling Chip","Eternal Feather","Pear","Toy Ornithopter","Du-Vu Doll","Vajra","Dodecahedron"],"potions_floor_usage":[50],"damage_taken":[{"damage":0.0,"enemies":"Small Slimes","floor":1.0,"turns":3.0},{"damage":0.0,"enemies":"2 Louse","floor":5.0,"turns":1.0},{"damage":23.0,"enemies":"Gremlin Nob","floor":7.0,"turns":4.0},{"damage":0.0,"enemies":"Cultist","floor":8.0,"turns":2.0},{"damage":9.0,"enemies":"Lots of Slimes","floor":12.0,"turns":2.0},{"damage":0.0,"enemies":"2 Fungi Beasts","floor":14.0,"turns":1.0},{"damage":2.0,"enemies":"Slime Boss","floor":16.0,"turns":7.0},{"damage":6.0,"enemies":"Spheric Guardian","floor":18.0,"turns":3.0},{"damage":16.0,"enemies":"3 Byrds","floor":19.0,"turns":4.0},{"damage":20.0,"enemies":"Cultist and Chosen","floor":20.0,"turns":5.0},{"damage":28.0,"enemies":"Snake Plant","floor":21.0,"turns":4.0},{"damage":14.0,"enemies":"3 Cultists","floor":22.0,"turns":5.0},{"damage":20.0,"enemies":"Gremlin Leader","floor":24.0,"turns":4.0},{"damage":35.0,"enemies":"Slavers","floor":27.0,"turns":4.0},{"damage":4.0,"enemies":"Centurion and Healer","floor":28.0,"turns":3.0},{"damage":12.0,"enemies":"Chosen and Byrds","floor":31.0,"turns":4.0},{"damage":15.0,"enemies":"Automaton","floor":33.0,"turns":6.0},{"damage":28.0,"enemies":"3 Darklings","floor":35.0,"turns":3.0},{"damage":38.0,"enemies":"3 Shapes","floor":38.0,"turns":4.0},{"damage":21.0,"enemies":"Mind Bloom Boss Battle","floor":39.0,"turns":4.0},{"damage":39.0,"enemies":"3 Darklings","floor":44.0,"turns":4.0},{"damage":38.0,"enemies":"Transient","floor":46.0,"turns":5.0},{"damage":8.0,"enemies":"Spire Growth","floor":47.0,"turns":5.0},{"damage":35.0,"enemies":"4 Shapes","floor":48.0,"turns":2.0},{"damage":105,"enemies":"Time Eater","floor":50,"turns":7}],"seed_played":"-4017048979978385042","potions_obtained":[{"floor":1.0,"key":"Ancient Potion"},{"floor":7.0,"key":"Ancient Potion"},{"floor":8.0,"key":"Weak Potion"},{"floor":16.0,"key":"Energy Potion"},{"floor":17.0,"key":"Fruit Juice"},{"floor":20.0,"key":"Poison Potion"},{"floor":24.0,"key":"Energy Potion"},{"floor":27.0,"key":"Block Potion"},{"floor":28.0,"key":"Ancient Potion"},{"floor":31.0,"key":"Swift Potion"},{"floor":33.0,"key":"Fire Potion"},{"floor":38.0,"key":"PowerPotion"},{"floor":39.0,"key":"Fire Potion"},{"floor":46.0,"key":"Explosive Potion"},{"floor":48.0,"key":"LiquidBronze"}],"is_trial":false,"path_per_floor":["M","?","?","?","M","R","E","M","T","$","?","M","$","M","R","B",null,"M","M","M","M","M","R","E","R","T","E","M","?","?","M","R","B",null,"M","?","$","M","?","?","R","$","T","M","R","M","M","M","R","B"],"character_chosen":"DEFECT","items_purchased":["Regal Pillow","FTL+1","Pear","Toy Ornithopter","Gash+1","Rebound+1","Vajra"],"campfire_rested":5,"item_purchase_floors":[10,13,37,37,37,37,42],"current_hp_per_floor":[82,82,71,71,71,71,48,48,48,48,36,27,27,27,27,25,87,81,70,57,36,29,71,58,58,58,23,26,26,26,14,56,48,92,64,64,74,43,27,14,77,77,77,55,102,64,63,33,99,0],"gold":86,"neow_bonus":"TEN_PERCENT_HP_BONUS","is_prod":false,"is_daily":false,"chose_seed":false,"campfire_upgraded":3,"win_rate":0,"timestamp":1548788977,"path_taken":["M","?","?","?","?","R","E","M","T","?","?","M","$","M","R","BOSS","M","M","M","M","M","R","E","R","T","E","M","?","?","M","R","BOSS","M","?","$","M","?","?","R","$","T","M","R","M","M","M","R","BOSS"],"build_version":"2019-01-23","purchased_purges":0,"victory":false,"max_hp_per_floor":[82,82,82,82,82,82,82,82,82,82,82,82,82,82,82,82,87,87,92,92,92,92,92,92,92,92,92,92,92,92,92,92,92,92,92,92,102,102,102,102,102,102,102,102,102,102,102,102,102,102],"card_choices":[{"not_picked":["Blizzard","Compile Driver"],"picked":"Sweeping Beam","floor":1.0},{"not_picked":["Chaos","Coolheaded"],"picked":"Rebound","floor":5.0},{"not_picked":["Stack","Force Field"],"picked":"Machine Learning","floor":7.0},{"not_picked":["Barrage","Streamline"],"picked":"Conserve Battery","floor":8.0},{"not_picked":["Genetic Algorithm","White Noise"],"picked":"Core Surge+1","floor":12.0},{"not_picked":["Skim","Scrape+1","Stack"],"picked":"SKIP","floor":14.0},{"not_picked":["Amplify","Thunder Strike+1"],"picked":"All For One+1","floor":16.0},{"not_picked":["Doom and Gloom+1","BootSequence"],"picked":"Beam Cell+1","floor":17.0},{"not_picked":["Turbo+1","Stack+1"],"picked":"Self Repair","floor":18.0},{"not_picked":["Double Energy","Redo+1"],"picked":"Beam Cell+1","floor":19.0},{"not_picked":["Reinforced Body","Compile Driver+1"],"picked":"FTL+1","floor":20.0},{"not_picked":["Hologram","Turbo+1"],"picked":"Streamline+1","floor":21.0},{"not_picked":["Compile Driver+1","Doom and Gloom+1"],"picked":"Cold Snap+1","floor":22.0},{"not_picked":["Force Field+1","Double Energy"],"picked":"Loop","floor":24.0},{"not_picked":["BootSequence","Coolheaded","Fusion"],"picked":"SKIP","floor":27.0},{"not_picked":["Steam","Tempest+1"],"picked":"Beam Cell+1","floor":28.0},{"not_picked":["BootSequence","Redo"],"picked":"Defragment","floor":31.0},{"not_picked":["Amplify","Reboot"],"picked":"Electrodynamics","floor":33.0},{"not_picked":["Storm+1","Chaos+1","Capacitor+1"],"picked":"SKIP","floor":35.0},{"not_picked":["Hello World","Heatsinks"],"picked":"Melter+1","floor":38.0},{"not_picked":["White Noise+1","Doom and Gloom+1"],"picked":"Redo+1","floor":39.0},{"not_picked":["Heatsinks+1","Force Field+1"],"picked":"Leap+1","floor":44.0},{"not_picked":["Barrage+1","Skim"],"picked":"Leap+1","floor":46.0},{"not_picked":["Glacier+1","Conserve Battery"],"picked":"Ball Lightning+1","floor":47.0},{"not_picked":["Heatsinks+1","Hologram"],"picked":"Go for the Eyes+1","floor":48.0}],"player_experience":161547,"relics_obtained":[{"floor":7.0,"key":"DataDisk"},{"floor":9.0,"key":"Juzu Bracelet"},{"floor":24.0,"key":"Blue Candle"},{"floor":26.0,"key":"Symbiotic Virus"},{"floor":27.0,"key":"Gambling Chip"},{"floor":39.0,"key":"Du-Vu Doll"},{"floor":43.0,"key":"Dodecahedron"}],"event_choices":[{"damage_healed":0.0,"max_hp_gain":0.0,"max_hp_loss":0.0,"gold_gain":0.0,"event_name":"Living Wall","player_choice":"Grow","floor":2.0,"gold_loss":0.0,"damage_taken":0.0,"cards_upgraded":["Zap"]},{"damage_healed":0.0,"max_hp_gain":0.0,"max_hp_loss":0.0,"gold_gain":75.0,"event_name":"World of Goop","player_choice":"Gather Gold","floor":3.0,"gold_loss":0.0,"damage_taken":11.0},{"damage_healed":0.0,"max_hp_gain":0.0,"max_hp_loss":0.0,"gold_gain":0.0,"cards_transformed":["Strike_B"],"event_name":"Transmorgrifier","player_choice":"Transformed","floor":4.0,"gold_loss":0.0,"damage_taken":0.0,"cards_obtained":["Doom and Gloom"]},{"damage_healed":0.0,"max_hp_gain":0.0,"max_hp_loss":0.0,"gold_gain":0.0,"event_name":"Scrap Ooze","player_choice":"Success","floor":11.0,"gold_loss":0.0,"damage_taken":12.0,"relics_obtained":["Molten Egg 2"]},{"damage_healed":0.0,"max_hp_gain":0.0,"max_hp_loss":0.0,"gold_gain":0.0,"cards_transformed":["Defend_B"],"event_name":"Transmorgrifier","player_choice":"Transformed","floor":29.0,"gold_loss":0.0,"damage_taken":0.0,"cards_obtained":["Auto Shields"]},{"damage_healed":0.0,"max_hp_gain":0.0,"max_hp_loss":0.0,"gold_gain":0.0,"event_name":"Beggar","player_choice":"Ignored","floor":30.0,"gold_loss":0.0,"damage_taken":0.0},{"damage_healed":0.0,"max_hp_gain":0.0,"max_hp_loss":0.0,"gold_gain":0.0,"event_name":"Tomb of Lord Red Mask","player_choice":"Ignored","floor":36.0,"gold_loss":0.0,"damage_taken":0.0},{"damage_healed":0.0,"max_hp_gain":0.0,"max_hp_loss":0.0,"gold_gain":0.0,"event_name":"MindBloom","player_choice":"Fight","floor":39.0,"gold_loss":0.0,"damage_taken":0.0},{"damage_healed":0.0,"max_hp_gain":0.0,"max_hp_loss":0.0,"gold_gain":0.0,"event_name":"Winding Halls","player_choice":"Embrace Madness","floor":40.0,"gold_loss":0.0,"damage_taken":13.0,"cards_obtained":["Madness","Madness"]}],"is_beta":false,"boss_relics":[{"not_picked":["White Beast Statue","Velvet Choker"],"picked":"Tiny House"},{"not_picked":["Lizard Tail","Black Star"],"picked":"Eternal Feather"}],"items_purged_floors":[],"is_endless":false,"potions_floor_spawned":[1,7,8,16,20,24,27,28,31,33,38,39,46,48],"killed_by":"Time Eater","ascension_level":4}