{"gold_per_floor":[116,191,191,211,223,249,249,276,276,276,292,61,75,91,91,191,191,205,48,48,66,78,78,110,110,161,173,173,186,216,236,236,331,331,346,366,366,366,377,377,404,404,404,404,423,438,57,76,76,76],"floor_reached":51,"playtime":3436,"items_purged":[],"score":901,"play_id":"245afb83-5b3d-4464-8f22-25ac547909f2","local_time":"20190419042040","is_ascension_mode":true,"campfire_choices":[{"floor":7.0,"key":"REST"},{"data":"Hologram","floor":10.0,"key":"SMITH"},{"data":"Trip","floor":15.0,"key":"SMITH"},{"floor":23.0,"key":"REST"},{"floor":28.0,"key":"REST"},{"data":"Reboot","floor":32.0,"key":"SMITH"},{"floor":40.0,"key":"REST"},{"floor":42.0,"key":"REST"},{"floor":49.0,"key":"REST"}],"neow_cost":"NONE","seed_source_timestamp":234323437011118,"circlet_count":0,"master_deck":["Strike_B","Strike_B","Strike_B","Strike_B","Defend_B","Defend_B","Defend_B","Zap","Dualcast","Madness+1","Ball Lightning","Hologram+1","Leap","Core Surge","Core Surge","Cold Snap","Trip+1","Cold Snap","Reboot+1","Coolheaded","Leap","Creative AI+1","Beam Cell","Chaos","Leap","All For One","Stack+1","Go for the Eyes+1","Conserve Battery+1","Beam Cell+1","White Noise+1","Beam Cell+1","Streamline+1","Ball Lightning+1","Echo Form","Redo+1","Rebound+1","Madness","Conserve Battery","Steam","Buffer","Secret Weapon","Parasite"],"special_seed":0,"relics":["Cracked Core","Regal Pillow","Meat on the Bone","Blood Vial","Vajra","Orrery","Dream Catcher","Bronze Scales","Anchor","Bottled Flame","Lizard Tail","Potion Belt","Du-Vu Doll","Cauldron"],"potions_floor_usage":[50,50,50,50,50,50,50,50,50,50,50,50,50,50,50],"damage_taken":[{"damage":1.0,"enemies":"2 Louse","floor":1.0,"turns":2.0},{"damage":1.0,"enemies":"Cultist","floor":4.0,"turns":3.0},{"damage":2.0,"enemies":"Jaw Worm","floor":5.0,"turns":3.0},{"damage":15.0,"enemies":"Gremlin Nob","floor":6.0,"turns":4.0},{"damage":21.0,"enemies":"3 Sentries","floor":8.0,"turns":7.0},{"damage":14.0,"enemies":"Red Slaver","floor":11.0,"turns":2.0},{"damage":10.0,"enemies":"Gremlin Gang","floor":13.0,"turns":2.0},{"damage":12.0,"enemies":"3 Louse","floor":14.0,"turns":3.0},{"damage":11.0,"enemies":"Slime Boss","floor":16.0,"turns":7.0},{"damage":29.0,"enemies":"Spheric Guardian","floor":18.0,"turns":4.0},{"damage":22.0,"enemies":"3 Byrds","floor":21.0,"turns":5.0},{"damage":19.0,"enemies":"Snecko","floor":22.0,"turns":5.0},{"damage":49.0,"enemies":"Slavers","floor":24.0,"turns":6.0},{"damage":7.0,"enemies":"Cultist and Chosen","floor":27.0,"turns":5.0},{"damage":15.0,"enemies":"3 Cultists","floor":29.0,"turns":5.0},{"damage":8.0,"enemies":"Gremlin Leader","floor":30.0,"turns":6.0},{"damage":8.0,"enemies":"Centurion and Healer","floor":31.0,"turns":4.0},{"damage":36.0,"enemies":"Automaton","floor":33.0,"turns":11.0},{"damage":0.0,"enemies":"Orb Walker","floor":35.0,"turns":4.0},{"damage":0.0,"enemies":"3 Shapes","floor":36.0,"turns":5.0},{"damage":40.0,"enemies":"Sphere and 2 Shapes","floor":39.0,"turns":10.0},{"damage":106.0,"enemies":"Giant Head","floor":41.0,"turns":11.0},{"damage":50.0,"enemies":"Transient","floor":45.0,"turns":5.0},{"damage":0.0,"enemies":"4 Shapes","floor":46.0,"turns":12.0},{"damage":7.0,"enemies":"Writhing Mass","floor":48.0,"turns":7.0},{"damage":66,"enemies":"Awakened One","floor":50,"turns":9}],"seed_played":"2313725199313536496","potions_obtained":[{"floor":1.0,"key":"FearPotion"},{"floor":4.0,"key":"FearPotion"},{"floor":6.0,"key":"Ancient Potion"},{"floor":14.0,"key":"Weak Potion"},{"floor":16.0,"key":"SpeedPotion"},{"floor":18.0,"key":"FairyPotion"},{"floor":30.0,"key":"Energy Potion"},{"floor":33.0,"key":"SneckoOil"},{"floor":36.0,"key":"Fruit Juice"},{"floor":39.0,"key":"SpeedPotion"},{"floor":46.0,"key":"Poison Potion"},{"floor":47.0,"key":"Swift Potion"},{"floor":47.0,"key":"FearPotion"},{"floor":47.0,"key":"EntropicBrew"},{"floor":47.0,"key":"Strength Potion"}],"is_trial":false,"path_per_floor":["M","?","?","M","M","E","R","E","T","R","M","$","M","M","R","B",null,"M","$","?","M","M","R","E","?","T","M","R","M","E","M","R","B",null,"M","M","?","?","M","R","E","R","T","?","M","M","$","M","R","B",null],"character_chosen":"DEFECT","items_purchased":["Vajra","Trip","Dream Catcher","Cauldron","Secret Weapon"],"campfire_rested":6,"item_purchase_floors":[12,12,19,47,47],"current_hp_per_floor":[74,63,63,62,60,45,75,54,54,54,42,42,46,48,48,39,66,39,39,39,31,26,63,28,28,28,35,72,59,53,47,47,25,63,65,67,72,72,46,80,52,80,80,80,42,44,44,51,80,26],"gold":76,"neow_bonus":"RANDOM_COLORLESS","is_prod":false,"is_daily":false,"chose_seed":false,"campfire_upgraded":3,"win_rate":0,"timestamp":1555662040,"path_taken":["M","?","?","?","M","E","R","E","T","R","?","$","M","M","R","BOSS","M","$","?","M","?","R","E","?","T","M","R","?","E","M","R","BOSS","M","?","?","?","M","R","E","R","T","?","?","M","$","M","R","BOSS"],"build_version":"2019-01-23","purchased_purges":0,"victory":true,"max_hp_per_floor":[75,75,75,75,75,75,75,75,75,75,75,75,75,75,75,75,75,75,75,75,75,75,75,75,75,75,75,75,75,75,75,75,75,75,75,75,80,80,80,80,80,80,80,80,80,80,80,80,80,80],"card_choices":[{"not_picked":["Sunder","Steam Power"],"picked":"Ball Lightning","floor":1.0},{"not_picked":["Coolheaded","Sweeping Beam"],"picked":"Hologram","floor":4.0},{"not_picked":["Hello World","Undo"],"picked":"Leap","floor":5.0},{"not_picked":["Darkness","Chaos"],"picked":"Core Surge","floor":6.0},{"not_picked":["Barrage","Redo"],"picked":"Core Surge","floor":8.0},{"not_picked":["Steam","Beam Cell"],"picked":"Cold Snap","floor":11.0},{"not_picked":["Gash","Double Energy","Redo"],"picked":"SKIP","floor":13.0},{"not_picked":["Streamline","Recycle"],"picked":"Cold Snap","floor":14.0},{"not_picked":["Rainbow","Fission"],"picked":"Reboot","floor":16.0},{"not_picked":["Scrape","Storm"],"picked":"Coolheaded","floor":17.0},{"not_picked":["Steam","Static Discharge"],"picked":"Leap","floor":17.0},{"not_picked":["Heatsinks","Redo"],"picked":"Creative AI","floor":17.0},{"not_picked":["Rebound","Turbo"],"picked":"Beam Cell","floor":17.0},{"not_picked":["Heatsinks","Rebound"],"picked":"Chaos","floor":17.0},{"not_picked":["Reprogram","Steam"],"picked":"Leap","floor":18.0},{"not_picked":["Gash","Streamline"],"picked":"All For One","floor":21.0},{"not_picked":["Streamline","Rebound"],"picked":"Stack+1","floor":22.0},{"not_picked":["Barrage","Sunder"],"picked":"Go for the Eyes+1","floor":23.0},{"not_picked":["Gash","Hologram+1"],"picked":"Conserve Battery+1","floor":24.0},{"not_picked":["FTL","Heatsinks+1"],"picked":"Beam Cell+1","floor":27.0},{"not_picked":["Chill","Steam"],"picked":"White Noise+1","floor":28.0},{"not_picked":["Chaos+1","Ball Lightning+1"],"picked":"Beam Cell+1","floor":29.0},{"not_picked":["Creative AI","Force Field"],"picked":"Streamline+1","floor":30.0},{"not_picked":["Doom and Gloom","Streamline"],"picked":"Ball Lightning+1","floor":31.0},{"not_picked":["Multi-Cast","Seek"],"picked":"Echo Form","floor":33.0},{"not_picked":["Scrape","Force Field"],"picked":"Redo+1","floor":35.0},{"not_picked":["Recycle+1","Gash"],"picked":"Rebound+1","floor":36.0},{"not_picked":["Discovery","Finesse"],"picked":"Madness","floor":37.0},{"not_picked":["FTL+1","Turbo"],"picked":"Conserve Battery","floor":39.0},{"not_picked":["Coolheaded","Rebound+1"],"picked":"Steam","floor":40.0},{"not_picked":["Redo+1","Static Discharge"],"picked":"Buffer","floor":41.0},{"not_picked":["Rebound","Ball Lightning+1","Barrage"],"picked":"SKIP","floor":45.0},{"not_picked":["Scrape+1","Compile Driver","Tempest"],"picked":"SKIP","floor":46.0},{"not_picked":["Heatsinks","Doom and Gloom+1","Steam+1"],"picked":"SKIP","floor":48.0}],"player_experience":314167,"relics_obtained":[{"floor":6.0,"key":"Regal Pillow"},{"floor":8.0,"key":"Meat on the Bone"},{"floor":9.0,"key":"Blood Vial"},{"floor":24.0,"key":"Bronze Scales"},{"floor":26.0,"key":"Anchor"},{"floor":30.0,"key":"Bottled Flame"},{"floor":41.0,"key":"Potion Belt"},{"floor":43.0,"key":"Du-Vu Doll"}],"event_choices":[{"damage_healed":0.0,"max_hp_gain":0.0,"max_hp_loss":0.0,"gold_gain":75.0,"event_name":"World of Goop","player_choice":"Gather Gold","floor":2.0,"gold_loss":0.0,"damage_taken":11.0},{"damage_healed":0.0,"max_hp_gain":0.0,"max_hp_loss":0.0,"gold_gain":0.0,"event_name":"Upgrade Shrine","player_choice":"Upgraded","floor":3.0,"gold_loss":0.0,"damage_taken":0.0,"cards_upgraded":["Madness"]},{"damage_healed":0.0,"max_hp_gain":0.0,"max_hp_loss":0.0,"gold_gain":0.0,"event_name":"Upgrade Shrine","player_choice":"Upgraded","floor":20.0,"gold_loss":0.0,"damage_taken":0.0,"cards_upgraded":["Creative AI"]},{"damage_healed":0.0,"max_hp_gain":0.0,"max_hp_loss":0.0,"gold_gain":0.0,"event_name":"N\u0027loth","player_choice":"Ignored","floor":25.0,"gold_loss":0.0,"damage_taken":0.0},{"damage_healed":0.0,"max_hp_gain":0.0,"max_hp_loss":0.0,"gold_gain":0.0,"event_name":"SensoryStone","player_choice":"Memory 1","floor":37.0,"gold_loss":0.0,"damage_taken":0.0},{"damage_healed":0.0,"max_hp_gain":0.0,"max_hp_loss":0.0,"gold_gain":0.0,"event_name":"Tomb of Lord Red Mask","player_choice":"Ignored","floor":38.0,"gold_loss":0.0,"damage_taken":0.0},{"cards_removed":["Defend_B"],"damage_healed":0.0,"max_hp_gain":0.0,"max_hp_loss":0.0,"gold_gain":0.0,"event_name":"Purifier","player_choice":"Purged","floor":44.0,"gold_loss":0.0,"damage_taken":0.0}],"is_beta":false,"boss_relics":[{"not_picked":["Astrolabe","Fusion Hammer"],"picked":"Orrery"},{"not_picked":["White Beast Statue","Snecko Eye"],"picked":"Lizard Tail"}],"items_purged_floors":[],"is_endless":false,"potions_floor_spawned":[1,4,6,14,16,18,22,30,33,36,39,46],"ascension_level":5}