{"gold_per_floor":[112,187,187,198,37,37,72,90,90,102,102,114,142,159,159,159],"floor_reached":16,"playtime":624,"items_purged":[],"score":224,"play_id":"012da27a-5395-4e24-81d7-2eefdcd87a0d","local_time":"20190423215221","is_ascension_mode":true,"campfire_choices":[{"data":"Neutralize","floor":6,"key":"SMITH"},{"floor":11,"key":"REST"},{"data":"Catalyst","floor":15,"key":"SMITH"}],"neow_cost":"NONE","seed_source_timestamp":469002007313226,"circlet_count":0,"master_deck":["AscendersBane","Defend_G+1","Defend_G","Defend_G","Defend_G","Defend_G+1","Strike_G","Strike_G","Strike_G","Strike_G","Strike_G","Survivor","Neutralize+1","Dagger Throw","Dagger Throw","Poisoned Stab","Deadly Poison","Catalyst+1"],"relics":["Ring of the Snake","Vajra","Letter Opener","Blood Vial","Ginger"],"potions_floor_usage":[4,7,13,14],"damage_taken":[{"damage":2,"enemies":"Small Slimes","floor":1,"turns":5},{"damage":0,"enemies":"Jaw Worm","floor":4,"turns":6},{"damage":28,"enemies":"Lagavulin","floor":7,"turns":9},{"damage":0,"enemies":"2 Louse","floor":8,"turns":3},{"damage":11,"enemies":"Lots of Slimes","floor":10,"turns":4},{"damage":0,"enemies":"Blue Slaver","floor":12,"turns":3},{"damage":6,"enemies":"Gremlin Nob","floor":13,"turns":3},{"damage":0,"enemies":"Large Slime","floor":14,"turns":5},{"damage":26,"enemies":"The Guardian","floor":16,"turns":7}],"seed_played":"-2904869539582721896","potions_obtained":[{"floor":0,"key":"Regen Potion"},{"floor":0,"key":"GamblersBrew"},{"floor":4,"key":"Weak Potion"},{"floor":12,"key":"Explosive Potion"}],"is_trial":false,"path_per_floor":["?","?"],"character_chosen":"THE_SILENT","items_purchased":["Vajra"],"campfire_rested":1,"item_purchase_floors":[5],"current_hp_per_floor":[57,46,26,41,41,41,13,13,13,4,23,25,21,23,23,0],"gold":159,"neow_bonus":"THREE_SMALL_POTIONS","is_prod":false,"is_daily":false,"chose_seed":false,"campfire_upgraded":2,"win_rate":0,"timestamp":1556045541,"path_taken":["M","?","?","M","$","R","E","M","T","M","R","M","E","M","R","BOSS"],"build_version":"2019-01-23","purchased_purges":0,"victory":false,"max_hp_per_floor":[66,66,66,66,66,66,66,66,66,66,66,66,66,66,66,66],"card_choices":[{"not_picked":["Blade Dance","Flying Knee"],"picked":"Dagger Throw","floor":1},{"not_picked":["Deflect","Bane"],"picked":"Dagger Throw","floor":4},{"not_picked":["Sucker Punch","Slice","Distraction"],"picked":"SKIP","floor":7},{"not_picked":["Dodge and Roll","Underhanded Strike"],"picked":"Poisoned Stab","floor":8},{"not_picked":["Eviscerate","Poisoned Stab"],"picked":"Deadly Poison","floor":10},{"not_picked":["Escape Plan","Blade Dance","Endless Agony"],"picked":"SKIP","floor":12},{"not_picked":["Escape Plan","Blade Dance","Endless Agony"],"picked":"SKIP","floor":12},{"not_picked":["Sucker Punch","A Thousand Cuts"],"picked":"Catalyst","floor":13},{"not_picked":["Poisoned Stab","Dagger Spray","Endless Agony"],"picked":"SKIP","floor":14}],"player_experience":1840612,"relics_obtained":[{"floor":7,"key":"Letter Opener"},{"floor":9,"key":"Blood Vial"},{"floor":13,"key":"Ginger"}],"event_choices":[{"damage_healed":0,"gold_gain":75,"player_choice":"Gather Gold","damage_taken":11,"max_hp_gain":0,"max_hp_loss":0,"event_name":"World of Goop","floor":2,"gold_loss":0},{"damage_healed":0,"gold_gain":0,"player_choice":"Entered Light","damage_taken":20,"max_hp_gain":0,"max_hp_loss":0,"event_name":"Shining Light","floor":3,"gold_loss":0,"cards_upgraded":["Defend_G","Defend_G"]}],"is_beta":false,"boss_relics":[],"items_purged_floors":[],"is_endless":false,"potions_floor_spawned":[4,12],"killed_by":"The Guardian","ascension_level":20}