{"gold_per_floor":[110,110,124,176,186,186,221,235,260,260,270,270,304,318,318,392,392,408,408,4,4,4,32,32,61,86,97,132,132,132,132,132,206,206,219,219,219,239,258,290,290,290,290,322,336,362,362],"floor_reached":47,"playtime":1989,"items_purged":["Strike_B"],"score":1183,"play_id":"1674a651-ae93-42c2-a2b5-a543c587994c","local_time":"20190419005341","is_ascension_mode":true,"campfire_choices":[{"data":"Zap","floor":6.0,"key":"SMITH"},{"data":"Coolheaded","floor":15.0,"key":"SMITH"},{"floor":24.0,"key":"REST"},{"floor":30.0,"key":"RECALL"},{"floor":32.0,"key":"REST"}],"neow_cost":"NONE","seed_source_timestamp":28379444048136,"circlet_count":0,"master_deck":["AscendersBane","Strike_B+1","Strike_B+1","Strike_B+1","Defend_B+1","Defend_B+1","Defend_B+1","Defend_B+1","Zap+1","Dualcast","Melter","FTL","BootSequence+1","Coolheaded+1","Beam Cell+1","Cold Snap","Echo Form","Electrodynamics","Echo Form","Writhe","Core Surge","Leap+1","Doubt","Compile Driver"],"special_seed":0,"relics":["Cracked Core","DataDisk","Oddly Smooth Stone","Blood Vial","Pen Nib","Ornamental Fan","Singing Bowl","Snecko Eye","Happy Flower","Lantern","PreservedInsect","Ancient Tea Set","Juzu Bracelet","Cables","War Paint","Fusion Hammer","Orichalcum","Bronze Scales","Frozen Egg 2"],"potions_floor_usage":[],"damage_taken":[{"damage":4.0,"enemies":"Small Slimes","floor":1.0,"turns":3.0},{"damage":0.0,"enemies":"Jaw Worm","floor":3.0,"turns":3.0},{"damage":0.0,"enemies":"2 Louse","floor":5.0,"turns":2.0},{"damage":22.0,"enemies":"Lagavulin","floor":7.0,"turns":8.0},{"damage":0.0,"enemies":"Red Slaver","floor":8.0,"turns":2.0},{"damage":2.0,"enemies":"3 Louse","floor":11.0,"turns":3.0},{"damage":6.0,"enemies":"3 Sentries","floor":13.0,"turns":6.0},{"damage":1.0,"enemies":"Exordium Wildlife","floor":14.0,"turns":4.0},{"damage":32.0,"enemies":"Hexaghost","floor":16.0,"turns":10.0},{"damage":9.0,"enemies":"Chosen","floor":18.0,"turns":5.0},{"damage":25.0,"enemies":"Slavers","floor":23.0,"turns":2.0},{"damage":9.0,"enemies":"Gremlin Leader","floor":25.0,"turns":4.0},{"damage":0.0,"enemies":"3 Byrds","floor":27.0,"turns":2.0},{"damage":11.0,"enemies":"Book of Stabbing","floor":28.0,"turns":4.0},{"damage":62.0,"enemies":"Automaton","floor":33.0,"turns":15.0},{"damage":14.0,"enemies":"3 Darklings","floor":35.0,"turns":3.0},{"damage":7.0,"enemies":"Orb Walker","floor":38.0,"turns":3.0},{"damage":0.0,"enemies":"4 Shapes","floor":39.0,"turns":6.0},{"damage":26.0,"enemies":"Reptomancer","floor":40.0,"turns":4.0},{"damage":27.0,"enemies":"Nemesis","floor":44.0,"turns":7.0},{"damage":1.0,"enemies":"Jaw Worm Horde","floor":45.0,"turns":4.0},{"damage":31.0,"enemies":"Reptomancer","floor":46.0,"turns":6.0},{"damage":9,"enemies":"Transient","floor":47,"turns":2}],"seed_played":"8529162249215855036","potions_obtained":[{"floor":3.0,"key":"PowerPotion"},{"floor":5.0,"key":"Dexterity Potion"},{"floor":7.0,"key":"PowerPotion"},{"floor":11.0,"key":"PowerPotion"},{"floor":28.0,"key":"Strength Potion"},{"floor":35.0,"key":"Ancient Potion"},{"floor":45.0,"key":"SkillPotion"}],"is_trial":false,"path_per_floor":["M","?","M","?","M","R","E","M","T","?","M","T","E","M","R","B",null,"M","?","$","?","?","E","R","E","T","M","E","?","R","?","R","B",null,"M","?","?","M","M","E","?","?","T","E","M","E","M"],"character_chosen":"DEFECT","items_purchased":["Happy Flower","Lantern"],"campfire_rested":2,"item_purchase_floors":[20,20],"current_hp_per_floor":[60,55,55,55,55,55,33,35,35,35,35,35,31,34,34,4,56,51,51,51,51,51,30,53,48,48,52,43,43,43,43,67,7,63,51,47,47,44,48,26,93,93,93,66,69,42,35],"gold":362,"neow_bonus":"RANDOM_COMMON_RELIC","is_prod":false,"is_daily":false,"chose_seed":false,"campfire_upgraded":2,"win_rate":0,"timestamp":1555628021,"path_taken":["M","?","M","?","M","R","E","M","T","?","M","?","E","?","R","BOSS","M","?","$","?","?","E","R","E","T","M","E","?","R","?","R","BOSS","M","?","?","M","M","E","?","?","T","E","M","E","M"],"build_version":"2019-04-04","purchased_purges":1,"victory":false,"max_hp_per_floor":[71,71,71,71,71,71,71,71,71,71,71,71,71,73,73,73,73,75,75,75,75,75,77,77,79,79,81,81,81,81,81,81,81,81,81,87,87,89,91,93,93,93,93,93,95,97,97],"card_choices":[{"not_picked":["Hologram","Storm"],"picked":"Melter","floor":1.0},{"not_picked":["Blizzard","Lockon"],"picked":"FTL","floor":3.0},{"not_picked":["Beam Cell","Gash"],"picked":"BootSequence","floor":5.0},{"not_picked":["Redo","Rebound"],"picked":"Coolheaded","floor":7.0},{"not_picked":["Turbo","Stack"],"picked":"Beam Cell","floor":8.0},{"not_picked":["Stack","Hologram"],"picked":"Cold Snap","floor":11.0},{"not_picked":["Barrage","Skim"],"picked":"Echo Form","floor":13.0},{"not_picked":["Redo","Reprogram","Streamline"],"picked":"Singing Bowl","floor":14.0},{"not_picked":["Buffer","Amplify"],"picked":"Electrodynamics","floor":16.0},{"not_picked":["Cold Snap","Recycle","Conserve Battery"],"picked":"Singing Bowl","floor":18.0},{"not_picked":["Heatsinks","Barrage","Rip and Tear"],"picked":"Singing Bowl","floor":23.0},{"not_picked":["Sweeping Beam+1","Coolheaded","Static Discharge+1"],"picked":"Singing Bowl","floor":25.0},{"not_picked":["Reinforced Body","Cold Snap","Coolheaded"],"picked":"Singing Bowl","floor":27.0},{"not_picked":["Conserve Battery+1","Electrodynamics"],"picked":"Echo Form","floor":28.0},{"not_picked":["Hyperbeam","Fission"],"picked":"Core Surge","floor":33.0},{"not_picked":["Redo","Double Energy"],"picked":"Leap+1","floor":35.0},{"not_picked":["Forethought","Enlightenment","Madness"],"picked":"Singing Bowl","floor":36.0},{"not_picked":["Finesse","Madness","Flash of Steel"],"picked":"Singing Bowl","floor":36.0},{"not_picked":["Madness","Trip","Panacea"],"picked":"Singing Bowl","floor":36.0},{"not_picked":["Reprogram","Coolheaded","White Noise"],"picked":"Singing Bowl","floor":38.0},{"not_picked":["Beam Cell","Auto Shields+1","Loop+1"],"picked":"Singing Bowl","floor":39.0},{"not_picked":["Gash+1","Ball Lightning","Beam Cell"],"picked":"Singing Bowl","floor":40.0},{"not_picked":["Steam","Steam Power"],"picked":"Compile Driver","floor":44.0},{"not_picked":["Steam","Conserve Battery","Coolheaded"],"picked":"Singing Bowl","floor":45.0},{"not_picked":["Hologram+1","Auto Shields","Streamline"],"picked":"Singing Bowl","floor":46.0}],"player_experience":1166628,"relics_obtained":[{"floor":7.0,"key":"Blood Vial"},{"floor":9.0,"key":"Pen Nib"},{"floor":12.0,"key":"Ornamental Fan"},{"floor":13.0,"key":"Singing Bowl"},{"floor":23.0,"key":"PreservedInsect"},{"floor":25.0,"key":"Ancient Tea Set"},{"floor":26.0,"key":"Juzu Bracelet"},{"floor":28.0,"key":"Cables"},{"floor":40.0,"key":"Orichalcum"},{"floor":44.0,"key":"Bronze Scales"},{"floor":46.0,"key":"Frozen Egg 2"}],"event_choices":[{"damage_healed":0.0,"max_hp_gain":0.0,"max_hp_loss":0.0,"gold_gain":0.0,"event_name":"Scrap Ooze","player_choice":"Success","floor":2.0,"gold_loss":0.0,"damage_taken":5.0,"relics_obtained":["Oddly Smooth Stone"]},{"damage_healed":0.0,"max_hp_gain":0.0,"max_hp_loss":0.0,"gold_gain":52.0,"event_name":"Golden Wing","player_choice":"Gained Gold","floor":4.0,"gold_loss":0.0,"damage_taken":0.0},{"damage_healed":0.0,"max_hp_gain":0.0,"max_hp_loss":0.0,"gold_gain":0.0,"event_name":"Living Wall","player_choice":"Grow","floor":10.0,"gold_loss":0.0,"damage_taken":0.0,"cards_upgraded":["Beam Cell"]},{"damage_healed":0.0,"max_hp_gain":0.0,"max_hp_loss":0.0,"gold_gain":0.0,"event_name":"Beggar","player_choice":"Ignored","floor":19.0,"gold_loss":0.0,"damage_taken":0.0},{"damage_healed":0.0,"max_hp_gain":0.0,"max_hp_loss":0.0,"gold_gain":0.0,"event_name":"Ghosts","player_choice":"Ignored","floor":21.0,"gold_loss":0.0,"damage_taken":0.0},{"damage_healed":0.0,"max_hp_gain":0.0,"max_hp_loss":0.0,"gold_gain":0.0,"event_name":"FaceTrader","player_choice":"Leave","floor":22.0,"gold_loss":0.0,"damage_taken":0.0},{"damage_healed":0.0,"max_hp_gain":0.0,"max_hp_loss":0.0,"gold_gain":0.0,"event_name":"The Mausoleum","player_choice":"Opened","floor":29.0,"gold_loss":0.0,"damage_taken":0.0,"relics_obtained":["War Paint"],"cards_obtained":["Writhe"]},{"damage_healed":0.0,"max_hp_gain":0.0,"max_hp_loss":0.0,"gold_gain":0.0,"event_name":"Back to Basics","player_choice":"Simplicity","floor":31.0,"gold_loss":0.0,"damage_taken":0.0,"cards_upgraded":["Strike_B","Strike_B","Strike_B","Defend_B","Defend_B","Defend_B"]},{"damage_healed":0.0,"max_hp_gain":0.0,"max_hp_loss":0.0,"gold_gain":0.0,"event_name":"SensoryStone","player_choice":"Memory 3","floor":36.0,"gold_loss":0.0,"damage_taken":10.0},{"damage_healed":0.0,"max_hp_gain":0.0,"max_hp_loss":0.0,"gold_gain":0.0,"event_name":"Mysterious Sphere","player_choice":"Ignored","floor":37.0,"gold_loss":0.0,"damage_taken":0.0},{"damage_healed":67.0,"max_hp_gain":0.0,"max_hp_loss":0.0,"gold_gain":0.0,"event_name":"MindBloom","player_choice":"Heal","floor":41.0,"gold_loss":0.0,"damage_taken":0.0,"cards_obtained":["Doubt"]},{"damage_healed":0.0,"max_hp_gain":0.0,"max_hp_loss":0.0,"gold_gain":0.0,"event_name":"Tomb of Lord Red Mask","player_choice":"Ignored","floor":42.0,"gold_loss":0.0,"damage_taken":0.0}],"is_beta":true,"boss_relics":[{"not_picked":["Tiny House","Calling Bell"],"picked":"Snecko Eye"},{"not_picked":["Pandora\u0027s Box","Velvet Choker"],"picked":"Fusion Hammer"}],"items_purged_floors":[20],"is_endless":false,"potions_floor_spawned":[3,5,7,11,14,18,28,35,44,45],"killed_by":"Transient","ascension_level":20}