{"gold_per_floor":[119,139,157,6,23,23,42,66,66,92,92,92,121,136,136,233,233,248,248,147,159,159,159,189,43,113,129,161,161,173,193,193,293,293,308,321,162,180,196,196,196,196,196,296,5,20,34,44,44,44],"floor_reached":51,"playtime":7252,"items_purged":["Rage"],"score":811,"play_id":"b79cdcce-a1cb-49e8-8716-beb449807232","local_time":"20190316093939","is_ascension_mode":true,"campfire_choices":[{"data":"Metallicize","floor":6,"key":"SMITH"},{"floor":12,"key":"REST"},{"floor":15,"key":"REST"},{"data":"Demon Form","floor":23,"key":"SMITH"},{"data":"Limit Break","floor":32,"key":"SMITH"},{"data":"Shockwave","floor":40,"key":"SMITH"},{"data":"Limit Break","floor":42,"key":"SMITH"},{"data":"Whirlwind","floor":49,"key":"SMITH"}],"neow_cost":"NONE","seed_source_timestamp":292818291578362,"circlet_count":0,"master_deck":["Strike_R+1","Strike_R+1","Strike_R+1","Strike_R+1","Strike_R+1","Defend_R+1","Defend_R+1","Defend_R+1","Defend_R+1","Bash","Metallicize+1","Clothesline","Clothesline","Spot Weakness","Carnage","Sword Boomerang","Shrug It Off","Demon Form+1","Shrug It Off+1","True Grit","Immolate","Shockwave","Heavy Blade+1","Iron Wave","Limit Break+1","Limit Break+1","Metallicize+1","Shockwave+1","Whirlwind+1","Parasite","Inflame+1","Parasite","Disarm+1"],"relics":["Burning Blood","Vajra","Odd Mushroom","Bronze Scales","Bag of Marbles","Blue Candle","Anchor","Coffee Dripper","Nilry\u0027s Codex","Shuriken","Mummified Hand","Gremlin Horn","Mark of Pain","Ornamental Fan","Thread and Needle"],"potions_floor_usage":[8,13,16,24,33,48,50,50],"damage_taken":[{"damage":8,"enemies":"Cultist","floor":1,"turns":6},{"damage":3,"enemies":"Jaw Worm","floor":2,"turns":5},{"damage":7,"enemies":"Small Slimes","floor":3,"turns":3},{"damage":4,"enemies":"Looter","floor":5,"turns":4},{"damage":7,"enemies":"Blue Slaver","floor":7,"turns":4},{"damage":33,"enemies":"The Mushroom Lair","floor":8,"turns":5},{"damage":27,"enemies":"Lagavulin","floor":10,"turns":8},{"damage":9,"enemies":"Gremlin Nob","floor":13,"turns":4},{"damage":23,"enemies":"Gremlin Gang","floor":14,"turns":5},{"damage":2,"enemies":"Slime Boss","floor":16,"turns":10},{"damage":1,"enemies":"2 Thieves","floor":18,"turns":4},{"damage":6,"enemies":"Shell Parasite","floor":21,"turns":4},{"damage":9,"enemies":"Book of Stabbing","floor":24,"turns":6},{"damage":0,"enemies":"Shelled Parasite and Fungi","floor":27,"turns":4},{"damage":12,"enemies":"Slavers","floor":28,"turns":4},{"damage":0,"enemies":"Snake Plant","floor":30,"turns":3},{"damage":2,"enemies":"Sentry and Sphere","floor":31,"turns":3},{"damage":49,"enemies":"Automaton","floor":33,"turns":7},{"damage":0,"enemies":"Orb Walker","floor":35,"turns":1},{"damage":0,"enemies":"3 Darklings","floor":36,"turns":4},{"damage":14,"enemies":"Writhing Mass","floor":38,"turns":7},{"damage":22,"enemies":"Maw","floor":39,"turns":8},{"damage":14,"enemies":"3 Darklings","floor":46,"turns":4},{"damage":11,"enemies":"Writhing Mass","floor":47,"turns":6},{"damage":6,"enemies":"Maw","floor":48,"turns":4},{"damage":42,"enemies":"Donu and Deca","floor":50,"turns":9}],"seed_played":"5193515329813440647","potions_obtained":[{"floor":1,"key":"SteroidPotion"},{"floor":2,"key":"Strength Potion"},{"floor":8,"key":"BloodPotion"},{"floor":14,"key":"Explosive Potion"},{"floor":18,"key":"GamblersBrew"},{"floor":24,"key":"Fruit Juice"},{"floor":31,"key":"GamblersBrew"},{"floor":39,"key":"AttackPotion"},{"floor":46,"key":"PowerPotion"},{"floor":47,"key":"Weak Potion"}],"is_trial":false,"path_per_floor":["?","?","?","?","$","M","?","M","?","?","M"],"character_chosen":"IRONCLAD","items_purchased":["Vajra","True Grit","Explosive Potion","Shockwave","Shockwave","Whirlwind","Thread and Needle"],"campfire_rested":2,"item_purchase_floors":[4,20,20,25,37,37,45],"current_hp_per_floor":[86,88,87,87,88,88,87,60,60,39,32,58,55,38,64,68,88,88,88,88,88,72,72,74,74,74,80,74,74,80,84,84,41,93,93,93,93,85,69,69,69,69,69,69,69,61,56,65,65,29],"gold":44,"neow_bonus":"TEN_PERCENT_HP_BONUS","is_prod":false,"is_daily":false,"chose_seed":false,"campfire_upgraded":6,"win_rate":0,"timestamp":1552729179,"path_taken":["M","M","M","$","M","R","M","?","T","E","?","R","E","M","R","BOSS","M","?","$","M","?","R","E","?","T","?","E","?","M","M","R","BOSS","M","M","$","?","M","R","?","R","T","?","$","?","M","M","R","BOSS"],"build_version":"2019-01-23","purchased_purges":1,"victory":true,"max_hp_per_floor":[88,88,88,88,88,88,88,88,88,88,88,88,88,88,88,88,88,88,88,88,88,88,88,93,93,93,93,93,93,93,93,93,93,93,93,93,93,93,93,93,93,93,93,93,93,93,93,93,93,93],"card_choices":[{"not_picked":["Perfected Strike","Second Wind"],"picked":"Metallicize","floor":1},{"not_picked":["Shrug It Off","Body Slam"],"picked":"Clothesline","floor":2},{"not_picked":["Sever Soul","Flex"],"picked":"Clothesline","floor":3},{"not_picked":["Clothesline","Havoc"],"picked":"Spot Weakness","floor":5},{"not_picked":["Thunderclap","Rupture","Dark Embrace"],"picked":"SKIP","floor":7},{"not_picked":["Metallicize","Second Wind"],"picked":"Carnage","floor":8},{"not_picked":["Flex","Evolve"],"picked":"Rage","floor":10},{"not_picked":["Flex","Entrench"],"picked":"Sword Boomerang","floor":13},{"not_picked":["Warcry","Battle Trance"],"picked":"Shrug It Off","floor":14},{"not_picked":["Feed","Exhume"],"picked":"Demon Form","floor":16},{"not_picked":["Body Slam","Warcry"],"picked":"Shrug It Off+1","floor":18},{"not_picked":["Anger","Evolve+1","Carnage"],"picked":"SKIP","floor":21},{"not_picked":["Power Through","Dual Wield"],"picked":"Immolate","floor":24},{"not_picked":["Shockwave","Hemokinesis"],"picked":"Heavy Blade+1","floor":27},{"not_picked":["Ghostly Armor+1","Hemokinesis+1"],"picked":"Iron Wave","floor":28},{"not_picked":["Sword Boomerang","Perfected Strike+1","Warcry"],"picked":"SKIP","floor":30},{"not_picked":["Inflame","True Grit+1"],"picked":"Limit Break","floor":31},{"not_picked":["Reaper","Barricade"],"picked":"Limit Break","floor":33},{"not_picked":["Thunderclap","Clash+1","Rupture"],"picked":"SKIP","floor":35},{"not_picked":["Iron Wave","Armaments"],"picked":"Metallicize+1","floor":36},{"not_picked":["Second Wind","Pommel Strike"],"picked":"Inflame+1","floor":38},{"not_picked":["Perfected Strike+1","Iron Wave","Entrench+1"],"picked":"SKIP","floor":39},{"not_picked":["Hemokinesis","Anger+1","Feel No Pain"],"picked":"SKIP","floor":46},{"not_picked":["Sever Soul+1","Perfected Strike+1","Rage"],"picked":"SKIP","floor":47},{"not_picked":["Whirlwind+1","Dual Wield+1"],"picked":"Disarm+1","floor":48}],"player_experience":232924,"relics_obtained":[{"floor":8,"key":"Odd Mushroom"},{"floor":9,"key":"Bronze Scales"},{"floor":10,"key":"Bag of Marbles"},{"floor":13,"key":"Anchor"},{"floor":22,"key":"Nilry\u0027s Codex"},{"floor":24,"key":"Shuriken"},{"floor":26,"key":"Mummified Hand"},{"floor":28,"key":"Gremlin Horn"},{"floor":43,"key":"Ornamental Fan"}],"event_choices":[{"damage_healed":0,"gold_gain":0,"player_choice":"Fought Mushrooms","damage_taken":0,"max_hp_gain":0,"max_hp_loss":0,"event_name":"Mushrooms","floor":8,"gold_loss":0},{"damage_healed":0,"gold_gain":0,"player_choice":"Success","damage_taken":7,"relics_obtained":["Blue Candle"],"max_hp_gain":0,"max_hp_loss":0,"event_name":"Scrap Ooze","floor":11,"gold_loss":0},{"damage_healed":0,"gold_gain":0,"player_choice":"Simplicity","damage_taken":0,"max_hp_gain":0,"max_hp_loss":0,"event_name":"Back to Basics","floor":19,"gold_loss":0,"cards_upgraded":["Strike_R","Strike_R","Strike_R","Strike_R","Strike_R","Defend_R","Defend_R","Defend_R","Defend_R"]},{"damage_healed":0,"gold_gain":0,"player_choice":"Obtained Book","damage_taken":16,"max_hp_gain":0,"max_hp_loss":0,"event_name":"Cursed Tome","floor":22,"gold_loss":0},{"damage_healed":0,"gold_gain":0,"player_choice":"0 cards matched","damage_taken":0,"max_hp_gain":0,"max_hp_loss":0,"event_name":"Match and Keep!","floor":29,"gold_loss":0,"cards_obtained":[]},{"damage_healed":0,"gold_gain":0,"player_choice":"Ignored","damage_taken":0,"max_hp_gain":0,"max_hp_loss":0,"event_name":"Mysterious Sphere","floor":41,"gold_loss":0},{"damage_healed":0,"gold_gain":100,"player_choice":"Pray","damage_taken":0,"max_hp_gain":0,"max_hp_loss":0,"event_name":"Golden Shrine","floor":44,"gold_loss":0}],"is_beta":false,"boss_relics":[{"not_picked":["Pandora\u0027s Box","Lizard Tail"],"picked":"Coffee Dripper"},{"not_picked":["Runic Cube","Sozu"],"picked":"Mark of Pain"}],"items_purged_floors":[25],"is_endless":false,"potions_floor_spawned":[1,2,8,14,18,24,31,39,46,47],"ascension_level":4}