{"gold_per_floor":[112,112,125,275,275,275,295,311,390,390,465,465,360,380,380,380],"floor_reached":16,"playtime":469,"items_purged":["Doubt"],"score":180,"play_id":"9403fb29-d605-4822-b093-0d08974d2f55","local_time":"20190420192952","is_ascension_mode":true,"campfire_choices":[{"floor":6,"key":"DIG"},{"floor":10,"key":"DIG"},{"floor":12,"key":"DIG"},{"floor":15,"key":"DIG"}],"neow_cost":"TEN_PERCENT_HP_LOSS","seed_source_timestamp":201398569925751,"circlet_count":0,"master_deck":["AscendersBane","Defend_G","Defend_G","Defend_G","Defend_G","Defend_G","Strike_G","Strike_G","Strike_G","Strike_G","Strike_G","Survivor","Neutralize","Flying Knee","Skewer","Catalyst","Deadly Poison","Crippling Poison"],"relics":["Ring of the Snake","Shovel","Bag of Marbles","The Courier","Pear","Oddly Smooth Stone","Sundial"],"potions_floor_usage":[16,16],"damage_taken":[{"damage":0,"enemies":"2 Louse","floor":1,"turns":3},{"damage":7,"enemies":"Jaw Worm","floor":3,"turns":4},{"damage":7,"enemies":"Small Slimes","floor":7,"turns":5},{"damage":4,"enemies":"2 Fungi Beasts","floor":8,"turns":4},{"damage":8,"enemies":"3 Louse","floor":14,"turns":3},{"damage":36,"enemies":"Slime Boss","floor":16,"turns":8}],"seed_played":"3262970251497650880","potions_obtained":[{"floor":1,"key":"Swift Potion"},{"floor":7,"key":"SpeedPotion"}],"is_trial":false,"path_per_floor":["?","?","?","?"],"character_chosen":"THE_SILENT","items_purchased":["Fire Potion"],"campfire_rested":0,"item_purchase_floors":[13],"current_hp_per_floor":[59,41,34,34,39,39,32,28,28,38,27,27,27,19,19,0],"gold":380,"neow_bonus":"ONE_RARE_RELIC","is_prod":false,"is_daily":false,"chose_seed":false,"campfire_upgraded":0,"win_rate":0,"timestamp":1555777792,"path_taken":["M","?","M","?","?","R","M","M","T","R","?","R","$","M","R","BOSS"],"build_version":"2019-01-23","purchased_purges":1,"victory":false,"max_hp_per_floor":[60,60,60,60,65,65,65,65,65,75,75,75,75,75,75,75],"card_choices":[{"not_picked":["Concentrate","Backflip"],"picked":"Flying Knee","floor":1},{"not_picked":["Poisoned Stab","Outmaneuver"],"picked":"Skewer","floor":3},{"not_picked":["Prepared","Eviscerate"],"picked":"Catalyst","floor":7},{"not_picked":["Prepared","Poisoned Stab"],"picked":"Deadly Poison","floor":8},{"not_picked":["Infinite Blades","Reflex"],"picked":"Crippling Poison","floor":14}],"player_experience":1772200,"relics_obtained":[{"floor":6,"key":"The Courier"},{"floor":10,"key":"Pear"},{"floor":12,"key":"Oddly Smooth Stone"},{"floor":15,"key":"Sundial"}],"event_choices":[{"damage_healed":0,"gold_gain":0,"player_choice":"Success","damage_taken":18,"relics_obtained":["Bag of Marbles"],"max_hp_gain":0,"max_hp_loss":0,"event_name":"Scrap Ooze","floor":2,"gold_loss":0},{"damage_healed":0,"gold_gain":150,"player_choice":"AGREE","damage_taken":0,"max_hp_gain":0,"max_hp_loss":0,"event_name":"Liars Game","floor":4,"gold_loss":0,"cards_obtained":["Doubt"]},{"damage_healed":0,"gold_gain":0,"player_choice":"Donut","damage_taken":0,"max_hp_gain":5,"max_hp_loss":0,"event_name":"Big Fish","floor":5,"gold_loss":0},{"damage_healed":0,"gold_gain":75,"player_choice":"Gather Gold","damage_taken":11,"max_hp_gain":0,"max_hp_loss":0,"event_name":"World of Goop","floor":11,"gold_loss":0}],"is_beta":false,"boss_relics":[],"items_purged_floors":[13],"is_endless":false,"potions_floor_spawned":[1,7,8],"killed_by":"Slime Boss","ascension_level":20}