{"gold_per_floor":[116,126,140,140,152,180,180,209,209,227,124,124,124,139,139,242,242,258,258,273,74,74,108,108,141,141,9,37,53,53,53,53,151,151,162,162,172,182,193,193,38,67,67,80,98,111,129,160,160,160],"floor_reached":51,"playtime":3515,"items_purged":["Strike_R"],"score":879,"play_id":"93fd3b97-2a16-4b2d-90cb-f2f95656138c","local_time":"20190424235439","is_ascension_mode":false,"campfire_choices":[{"data":"Armaments","floor":7,"key":"SMITH"},{"data":"Disarm","floor":15,"key":"SMITH"},{"data":"Inflame","floor":24,"key":"SMITH"},{"data":"Inflame","floor":32,"key":"SMITH"},{"data":"Clothesline","floor":40,"key":"SMITH"},{"data":"Disarm","floor":49,"key":"SMITH"}],"neow_cost":"PERCENT_DAMAGE","seed_source_timestamp":1081325858077300,"circlet_count":0,"master_deck":["Strike_R","Strike_R","Strike_R","Strike_R","Defend_R","Defend_R","Defend_R+1","Defend_R","Bash+1","Disarm+1","Twin Strike","Armaments+1","Anger","Disarm+1","Shrug It Off+1","Intimidate+1","Headbutt","Feed","Inflame+1","Battle Trance+1","Offering+1","Headbutt","Flame Barrier+1","Shrug It Off+1","Inflame","Disarm+1","Inflame+1","Heavy Blade+1","RitualDagger","Bash","Clothesline+1","Mind Blast","Reaper","Shockwave+1","Shockwave+1","Power Through+1","Armaments+1","Limit Break+1","Flame Barrier+1","Inflame+1","Iron Wave+1","Ghostly Armor+1","Juggernaut"],"relics":["Burning Blood","Mango","Juzu Bracelet","Toxic Egg 2","Nunchaku","Coffee Dripper","Pocketwatch","Happy Flower","Ornamental Fan","Question Card","Snecko Eye","Centennial Puzzle","Mercury Hourglass","Vajra"],"potions_floor_usage":[23,25,29,33],"damage_taken":[{"damage":0,"enemies":"2 Louse","floor":1,"turns":3},{"damage":1,"enemies":"Jaw Worm","floor":2,"turns":4},{"damage":1,"enemies":"Cultist","floor":3,"turns":4},{"damage":8,"enemies":"Large Slime","floor":5,"turns":6},{"damage":23,"enemies":"3 Sentries","floor":6,"turns":9},{"damage":25,"enemies":"Gremlin Nob","floor":8,"turns":5},{"damage":13,"enemies":"Lots of Slimes","floor":10,"turns":4},{"damage":6,"enemies":"Gremlin Gang","floor":14,"turns":7},{"damage":7,"enemies":"Hexaghost","floor":16,"turns":11},{"damage":10,"enemies":"Shell Parasite","floor":18,"turns":7},{"damage":12,"enemies":"2 Thieves","floor":20,"turns":4},{"damage":3,"enemies":"Gremlin Leader","floor":23,"turns":7},{"damage":39,"enemies":"Slavers","floor":25,"turns":5},{"damage":6,"enemies":"Book of Stabbing","floor":28,"turns":8},{"damage":15,"enemies":"Centurion and Healer","floor":29,"turns":7},{"damage":16,"enemies":"Champ","floor":33,"turns":9},{"damage":6,"enemies":"Orb Walker","floor":35,"turns":4},{"damage":32,"enemies":"3 Darklings","floor":37,"turns":8},{"damage":8,"enemies":"Sphere and 2 Shapes","floor":38,"turns":4},{"damage":33,"enemies":"Jaw Worm Horde","floor":39,"turns":5},{"damage":11,"enemies":"Giant Head","floor":42,"turns":5},{"damage":0,"enemies":"Transient","floor":44,"turns":5},{"damage":13,"enemies":"3 Darklings","floor":45,"turns":5},{"damage":0,"enemies":"4 Shapes","floor":46,"turns":3},{"damage":0,"enemies":"Transient","floor":47,"turns":5},{"damage":4,"enemies":"Reptomancer","floor":48,"turns":6},{"damage":22,"enemies":"Time Eater","floor":50,"turns":6}],"seed_played":"6611462412780928735","potions_obtained":[{"floor":3,"key":"SneckoOil"},{"floor":6,"key":"BloodPotion"},{"floor":10,"key":"Dexterity Potion"},{"floor":20,"key":"Ancient Potion"},{"floor":28,"key":"Fruit Juice"},{"floor":29,"key":"AttackPotion"},{"floor":35,"key":"SteroidPotion"}],"is_trial":false,"path_per_floor":["M","M","M","?","M","E","R","E","T","M","$","?","?","M","R","B",null,"M","?","M","$","?","E","R","E","T","$","E","M","?","?","R","B",null,"M","?","M","M","M","R","$","E","T","M","M","M","M","E","R","B",null],"character_chosen":"IRONCLAD","items_purchased":["PowerPotion","Headbutt","Offering+1","Headbutt","Disarm+1","SkillPotion","Limit Break+1"],"campfire_rested":0,"item_purchase_floors":[11,11,21,21,27,27,41],"current_hp_per_floor":[76,81,86,67,65,48,48,29,29,22,22,15,46,46,46,45,94,94,94,91,91,91,94,94,74,74,74,77,77,71,71,71,64,119,119,119,107,116,106,106,106,127,127,127,120,129,130,130,130,114],"gold":160,"neow_bonus":"ONE_RARE_RELIC","is_prod":false,"is_daily":false,"chose_seed":false,"campfire_upgraded":6,"win_rate":1,"timestamp":1556175279,"path_taken":["M","M","M","?","M","E","R","E","T","M","$","?","?","M","R","BOSS","M","?","M","$","?","E","R","E","T","?","E","M","?","?","R","BOSS","M","?","M","M","M","R","$","E","T","M","M","M","M","E","R","BOSS"],"build_version":"2019-01-23","purchased_purges":1,"victory":true,"max_hp_per_floor":[94,94,94,94,94,94,94,94,94,94,94,94,94,94,94,94,94,98,98,101,101,101,101,101,104,104,104,107,116,116,116,116,119,119,119,119,119,123,127,127,127,127,127,127,127,130,130,130,130,130],"card_choices":[{"not_picked":["Havoc","Wild Strike"],"picked":"Disarm","floor":1},{"not_picked":["Shrug It Off","Sentinel"],"picked":"Twin Strike","floor":2},{"not_picked":["Ghostly Armor","Blood for Blood"],"picked":"Armaments","floor":3},{"not_picked":["Corruption","Flex"],"picked":"Anger","floor":5},{"not_picked":["Offering","Pommel Strike"],"picked":"Disarm","floor":6},{"not_picked":["Iron Wave","Corruption"],"picked":"Shrug It Off","floor":8},{"not_picked":["Perfected Strike","Wild Strike"],"picked":"Intimidate+1","floor":10},{"not_picked":["Wild Strike","Thunderclap"],"picked":"Carnage","floor":14},{"not_picked":["Brutality","Barricade"],"picked":"Feed","floor":16},{"not_picked":["Flex+1","Clash"],"picked":"Inflame","floor":18},{"not_picked":["Anger","Heavy Blade+1"],"picked":"Battle Trance+1","floor":20},{"not_picked":["Berserk","Power Through+1"],"picked":"Shrug It Off+1","floor":23},{"not_picked":["Second Wind+1","Rupture"],"picked":"Inflame","floor":25},{"not_picked":["Anger","Rupture+1"],"picked":"Inflame","floor":28},{"not_picked":["Carnage","Perfected Strike","Havoc+1"],"picked":"Heavy Blade+1","floor":29},{"not_picked":["Immolate","Berserk","Impervious+1"],"picked":"Reaper","floor":33},{"not_picked":["Armaments+1","Cleave","Heavy Blade"],"picked":"Shockwave+1","floor":35},{"not_picked":["Headbutt","Metallicize+1","Disarm+1"],"picked":"Shockwave+1","floor":37},{"not_picked":["Body Slam","Pommel Strike","Heavy Blade+1"],"picked":"Power Through+1","floor":38},{"not_picked":["True Grit+1","Heavy Blade+1","Uppercut"],"picked":"Armaments+1","floor":39},{"not_picked":["Brutality","Heavy Blade","Body Slam+1","Rage+1"],"picked":"SKIP","floor":42},{"not_picked":["Brutality","Heavy Blade","Body Slam+1","Rage+1"],"picked":"SKIP","floor":42},{"not_picked":["Shrug It Off+1","Cleave+1","Hemokinesis"],"picked":"Flame Barrier+1","floor":44},{"not_picked":["Anger+1","Intimidate+1","Entrench+1"],"picked":"Inflame+1","floor":45},{"not_picked":["True Grit+1","Searing Blow+1","Clothesline"],"picked":"Iron Wave+1","floor":46},{"not_picked":["Clothesline","Iron Wave","Body Slam"],"picked":"Ghostly Armor+1","floor":47},{"not_picked":["Hemokinesis","Warcry+1","Cleave+1"],"picked":"Juggernaut","floor":48}],"player_experience":568131,"relics_obtained":[{"floor":6,"key":"Juzu Bracelet"},{"floor":8,"key":"Toxic Egg 2"},{"floor":9,"key":"Nunchaku"},{"floor":23,"key":"Pocketwatch"},{"floor":25,"key":"Happy Flower"},{"floor":26,"key":"Ornamental Fan"},{"floor":28,"key":"Question Card"},{"floor":42,"key":"Centennial Puzzle"},{"floor":43,"key":"Mercury Hourglass"},{"floor":48,"key":"Vajra"}],"event_choices":[{"damage_healed":0,"gold_gain":0,"player_choice":"Entered Light","damage_taken":19,"max_hp_gain":0,"max_hp_loss":0,"event_name":"Shining Light","floor":4,"gold_loss":0,"cards_upgraded":["Defend_R","Bash"]},{"damage_healed":0,"gold_gain":0,"player_choice":"Fled","damage_taken":7,"max_hp_gain":0,"max_hp_loss":0,"event_name":"Scrap Ooze","floor":12,"gold_loss":0},{"damage_healed":31,"gold_gain":0,"player_choice":"Banana","damage_taken":0,"max_hp_gain":0,"max_hp_loss":0,"event_name":"Big Fish","floor":13,"gold_loss":0},{"damage_healed":0,"gold_gain":0,"player_choice":"Ignored","damage_taken":0,"max_hp_gain":0,"max_hp_loss":0,"event_name":"Beggar","floor":19,"gold_loss":0},{"damage_healed":0,"gold_gain":0,"player_choice":"Read","damage_taken":0,"max_hp_gain":0,"max_hp_loss":0,"event_name":"The Library","floor":22,"gold_loss":0,"cards_obtained":["Flame Barrier"]},{"damage_healed":0,"gold_gain":0,"player_choice":"Joined the Cult","damage_taken":6,"max_hp_gain":0,"max_hp_loss":0,"event_name":"Nest","floor":30,"gold_loss":0,"cards_obtained":["RitualDagger"]},{"damage_healed":0,"gold_gain":0,"player_choice":"3 cards matched","damage_taken":0,"max_hp_gain":0,"max_hp_loss":0,"event_name":"Match and Keep!","floor":31,"gold_loss":0,"cards_obtained":["Bash","Clothesline","Mind Blast"]},{"cards_removed":["Carnage"],"damage_healed":0,"gold_gain":0,"player_choice":"Offered Uncommon","damage_taken":0,"max_hp_gain":0,"max_hp_loss":0,"event_name":"Bonfire Elementals","floor":36,"gold_loss":0}],"is_beta":false,"boss_relics":[{"not_picked":["Astrolabe","Black Blood"],"picked":"Coffee Dripper"},{"not_picked":["Lizard Tail","White Beast Statue"],"picked":"Snecko Eye"}],"items_purged_floors":[41],"is_endless":false,"potions_floor_spawned":[3,6,10,14,20,28,29,35,37,42],"ascension_level":0}