{"gold_per_floor":[211,229,33,46,46,73,86,115,115,115,115,134,134,134,134,236,286,305,323,340,340],"floor_reached":21,"playtime":957,"items_purged":[],"score":239,"play_id":"d6e65083-53d3-4a5c-9682-310cd0e34376","local_time":"20190301150335","is_ascension_mode":true,"campfire_choices":[{"floor":15,"key":"REST"}],"neow_cost":"NONE","seed_source_timestamp":581003536748,"circlet_count":0,"master_deck":["Strike_B","Strike_B+1","Strike_B","Strike_B","Defend_B","Defend_B","Defend_B","Defend_B","Zap","Dualcast","Ball Lightning+1","Ball Lightning+1","Sweeping Beam","Rebound","Thunder Strike","Rebound","Tempest","Parasite","Buffer","Creative AI","Go for the Eyes","Ball Lightning","Hologram","Stack"],"relics":["Cracked Core","Lantern","Whetstone","Question Card","Bottled Lightning","Shovel","Kunai","Meat on the Bone","Tiny House"],"potions_floor_usage":[12,18,20],"damage_taken":[{"damage":7,"enemies":"2 Louse","floor":1,"turns":3},{"damage":4,"enemies":"Small Slimes","floor":2,"turns":3},{"damage":2,"enemies":"Jaw Worm","floor":4,"turns":2},{"damage":35,"enemies":"3 Sentries","floor":6,"turns":5},{"damage":8,"enemies":"Blue Slaver","floor":7,"turns":2},{"damage":8,"enemies":"Gremlin Nob","floor":8,"turns":3},{"damage":0,"enemies":"Gremlin Gang","floor":12,"turns":1},{"damage":20,"enemies":"The Guardian","floor":16,"turns":10},{"damage":23,"enemies":"Shell Parasite","floor":18,"turns":6},{"damage":27,"enemies":"2 Thieves","floor":19,"turns":3},{"damage":30,"enemies":"Snake Plant","floor":20,"turns":4},{"damage":23,"enemies":"Snecko","floor":21,"turns":3}],"seed_played":"-5777339746314090248","potions_obtained":[{"floor":2,"key":"GamblersBrew"},{"floor":4,"key":"GamblersBrew"},{"floor":6,"key":"EntropicBrew"},{"floor":8,"key":"Explosive Potion"},{"floor":16,"key":"Strength Potion"},{"floor":17,"key":"AttackPotion"},{"floor":19,"key":"Ancient Potion"}],"is_trial":false,"path_per_floor":["M","M","$","M","?","E","M","E","T","?","?","M","?","T","R","B",null,"M","M","M","M"],"character_chosen":"DEFECT","items_purchased":["Lantern","Sweeping Beam"],"campfire_rested":1,"item_purchase_floors":[3,3],"current_hp_per_floor":[68,64,64,62,67,32,24,16,16,16,36,36,29,29,53,45,76,53,38,20,0],"gold":340,"neow_bonus":"HUNDRED_GOLD","is_prod":false,"is_daily":false,"chose_seed":false,"campfire_upgraded":0,"win_rate":0,"timestamp":1551470615,"path_taken":["M","M","$","M","?","E","M","E","T","?","?","?","?","?","R","BOSS","M","?","M","?"],"build_version":"2019-01-23","purchased_purges":0,"victory":false,"max_hp_per_floor":[75,75,75,75,80,80,80,80,80,80,80,80,80,80,80,80,85,85,85,85,85],"card_choices":[{"not_picked":["Gash","Coolheaded"],"picked":"Ball Lightning","floor":1},{"not_picked":["Go for the Eyes","Rip and Tear"],"picked":"Ball Lightning","floor":2},{"not_picked":["Steam","Blizzard"],"picked":"Rebound","floor":4},{"not_picked":["Recycle","Streamline"],"picked":"Thunder Strike","floor":6},{"not_picked":["Sweeping Beam","Gash"],"picked":"Rebound","floor":7},{"not_picked":["Rebound","Turbo"],"picked":"Tempest","floor":8},{"not_picked":["Coolheaded","Undo","Streamline"],"picked":"Buffer","floor":12},{"not_picked":["Meteor Strike","Amplify","Fission"],"picked":"Creative AI","floor":16},{"not_picked":["Turbo","Beam Cell","Rebound"],"picked":"Go for the Eyes","floor":17},{"not_picked":["Sweeping Beam","Stack","Cold Snap"],"picked":"Ball Lightning","floor":18},{"not_picked":["Rip and Tear","Tempest+1","Steam"],"picked":"Hologram","floor":19},{"not_picked":["Turbo+1","Tempest+1","Leap"],"picked":"Stack","floor":20}],"player_experience":239404,"relics_obtained":[{"floor":6,"key":"Whetstone"},{"floor":8,"key":"Question Card"},{"floor":9,"key":"Bottled Lightning"},{"floor":14,"key":"Meat on the Bone"}],"event_choices":[{"damage_healed":0,"gold_gain":0,"player_choice":"Donut","damage_taken":0,"max_hp_gain":5,"max_hp_loss":0,"event_name":"Big Fish","floor":5,"gold_loss":0},{"damage_healed":0,"gold_gain":0,"player_choice":"Searched \u00272\u0027 times","damage_taken":0,"relics_obtained":["Shovel"],"max_hp_gain":0,"max_hp_loss":0,"event_name":"Dead Adventurer","floor":10,"gold_loss":0},{"damage_healed":20,"gold_gain":0,"player_choice":"Healed and dodged fight","damage_taken":0,"max_hp_gain":0,"max_hp_loss":0,"event_name":"Mushrooms","floor":11,"gold_loss":0,"cards_obtained":["Parasite"]},{"damage_healed":0,"gold_gain":0,"player_choice":"Success","damage_taken":7,"relics_obtained":["Kunai"],"max_hp_gain":0,"max_hp_loss":0,"event_name":"Scrap Ooze","floor":13,"gold_loss":0}],"is_beta":false,"boss_relics":[{"not_picked":["Runic Dome","Pandora\u0027s Box"],"picked":"Tiny House"}],"items_purged_floors":[],"is_endless":false,"potions_floor_spawned":[2,4,6,8,16,19],"killed_by":"Snecko","ascension_level":5}