{"gold_per_floor":[111,111,186,201,216,216,242,254,254,254,266,283,312,66,66,66],"floor_reached":16,"playtime":1032,"items_purged":["Pain"],"score":274,"play_id":"7f71adb6-1803-4b0b-bc81-19ef5cb92cb4","local_time":"20190421211356","is_ascension_mode":true,"campfire_choices":[{"data":"Neutralize","floor":6,"key":"SMITH"},{"data":"Malaise","floor":15,"key":"SMITH"}],"neow_cost":"NONE","seed_source_timestamp":293479728600884,"circlet_count":0,"master_deck":["AscendersBane","Defend_G","Defend_G","Defend_G","Defend_G","Defend_G","Strike_G","Strike_G","Strike_G+1","Strike_G","Strike_G+1","Survivor","Neutralize+1","Footwork","Cloak And Dagger","Backflip","Adrenaline","Cloak And Dagger","Well Laid Plans","Dodge and Roll","Footwork","Malaise+1"],"relics":["Ring of the Snake","Whetstone","Molten Egg 2","WarpedTongs","Matryoshka"],"potions_floor_usage":[7,13],"damage_taken":[{"damage":2,"enemies":"Jaw Worm","floor":1,"turns":5},{"damage":4,"enemies":"Small Slimes","floor":4,"turns":4},{"damage":0,"enemies":"Cultist","floor":5,"turns":5},{"damage":26,"enemies":"Gremlin Nob","floor":7,"turns":4},{"damage":1,"enemies":"2 Fungi Beasts","floor":8,"turns":5},{"damage":8,"enemies":"Large Slime","floor":11,"turns":7},{"damage":0,"enemies":"Red Slaver","floor":12,"turns":4},{"damage":3,"enemies":"3 Sentries","floor":13,"turns":12},{"damage":9,"enemies":"Hexaghost","floor":16,"turns":16}],"seed_played":"-5662000152869947481","potions_obtained":[{"floor":1,"key":"FearPotion"},{"floor":5,"key":"EssenceOfSteel"},{"floor":7,"key":"Swift Potion"}],"is_trial":false,"path_per_floor":["?","?","?","M"],"character_chosen":"THE_SILENT","items_purchased":["Footwork","Malaise"],"campfire_rested":0,"item_purchase_floors":[14,14],"current_hp_per_floor":[57,62,51,47,47,47,21,20,20,20,12,12,9,9,9,0],"gold":66,"neow_bonus":"RANDOM_COMMON_RELIC","is_prod":false,"is_daily":false,"chose_seed":false,"campfire_upgraded":2,"win_rate":0,"timestamp":1555870436,"path_taken":["M","?","?","M","M","R","E","M","T","?","M","?","E","$","R","BOSS"],"build_version":"2019-01-23","purchased_purges":1,"victory":false,"max_hp_per_floor":[66,71,71,71,71,71,71,71,71,71,71,71,71,71,71,71],"card_choices":[{"not_picked":["Deadly Poison","Flying Knee"],"picked":"Footwork","floor":1},{"not_picked":["Riddle With Holes","Flechettes"],"picked":"Cloak And Dagger","floor":4},{"not_picked":["Prepared","Outmaneuver","Slice"],"picked":"SKIP","floor":5},{"not_picked":["Cloak And Dagger","Slice"],"picked":"Backflip","floor":7},{"not_picked":["Prepared","Deadly Poison"],"picked":"Adrenaline","floor":8},{"not_picked":["Tactician","Infinite Blades"],"picked":"Cloak And Dagger","floor":11},{"not_picked":["Sucker Punch+1","Bane+1"],"picked":"Well Laid Plans","floor":12},{"not_picked":["Flying Knee+1","Distraction"],"picked":"Dodge and Roll","floor":13}],"player_experience":1785503,"relics_obtained":[{"floor":7,"key":"Molten Egg 2"},{"floor":13,"key":"Matryoshka"}],"event_choices":[{"damage_healed":0,"gold_gain":0,"player_choice":"Donut","damage_taken":0,"max_hp_gain":5,"max_hp_loss":0,"event_name":"Big Fish","floor":2,"gold_loss":0},{"damage_healed":0,"gold_gain":75,"player_choice":"Gather Gold","damage_taken":11,"max_hp_gain":0,"max_hp_loss":0,"event_name":"World of Goop","floor":3,"gold_loss":0},{"damage_healed":0,"gold_gain":0,"player_choice":"Rummage","damage_taken":0,"relics_obtained":["WarpedTongs"],"max_hp_gain":0,"max_hp_loss":0,"event_name":"Accursed Blacksmith","floor":10,"gold_loss":0,"cards_obtained":["Pain"]}],"is_beta":false,"boss_relics":[],"items_purged_floors":[14],"is_endless":false,"potions_floor_spawned":[1,5,7,11],"killed_by":"Hexaghost","ascension_level":20}