{"gold_per_floor":[116,41,58,133,143,143,160,191,218,218,218,237,237,237,237,335,335,355,371,371,371],"floor_reached":21,"playtime":528,"items_purged":["Strike_G"],"score":224,"play_id":"7ce7d9c2-2736-40e2-a0d6-a804fbfe7ebc","local_time":"20190124222014","is_ascension_mode":true,"campfire_choices":[{"data":"Footwork","floor":6,"key":"SMITH"},{"floor":11,"key":"REST"},{"floor":15,"key":"REST"}],"neow_cost":"NONE","seed_source_timestamp":424648362516800,"circlet_count":0,"master_deck":["Defend_G","Defend_G","Defend_G","Defend_G","Defend_G","Strike_G+1","Strike_G","Strike_G+1","Strike_G","Survivor","Neutralize","Footwork+1","Deadly Poison","Die Die Die","Bouncing Flask+1"],"relics":["Ring of the Snake","NeowsBlessing","Boot","PreservedInsect","Mummified Hand","White Beast Statue","MutagenicStrength"],"potions_floor_usage":[16,18],"damage_taken":[{"damage":0,"enemies":"2 Louse","floor":1,"turns":1},{"damage":0,"enemies":"Jaw Worm","floor":3,"turns":1},{"damage":0,"enemies":"Small Slimes","floor":5,"turns":1},{"damage":1,"enemies":"2 Fungi Beasts","floor":7,"turns":7},{"damage":45,"enemies":"Gremlin Nob","floor":8,"turns":5},{"damage":4,"enemies":"Blue Slaver","floor":12,"turns":4},{"damage":23,"enemies":"The Guardian","floor":16,"turns":13},{"damage":0,"enemies":"Chosen","floor":18,"turns":4},{"damage":35,"enemies":"2 Thieves","floor":19,"turns":4},{"damage":42,"enemies":"Sentry and Sphere","floor":21,"turns":5}],"seed_played":"5704152424800483978","potions_obtained":[{"floor":3,"key":"SteroidPotion"},{"floor":7,"key":"SmokeBomb"},{"floor":8,"key":"Weak Potion"},{"floor":16,"key":"SkillPotion"},{"floor":18,"key":"FairyPotion"}],"is_trial":false,"path_per_floor":["M","$","M","?","M","R","M","E","T","?","R","M","T","?","R","B",null,"M","M","?","M"],"character_chosen":"THE_SILENT","items_purchased":[],"campfire_rested":2,"item_purchase_floors":[],"current_hp_per_floor":[70,70,70,59,59,59,58,13,13,18,40,36,36,21,43,20,61,61,26,26,0],"gold":371,"neow_bonus":"THREE_ENEMY_KILL","is_prod":false,"is_daily":false,"chose_seed":false,"campfire_upgraded":1,"win_rate":0,"timestamp":1548364814,"path_taken":["M","$","M","?","M","R","M","E","T","?","R","M","?","?","R","BOSS","M","M","?","M"],"build_version":"2019-01-23","purchased_purges":1,"victory":false,"max_hp_per_floor":[70,70,70,70,70,70,70,70,70,75,75,75,75,75,75,75,75,75,75,75,75],"card_choices":[{"not_picked":["Dagger Throw","Sucker Punch"],"picked":"Footwork","floor":1},{"not_picked":["Terror","Flechettes","Underhanded Strike"],"picked":"SKIP","floor":3},{"not_picked":["Outmaneuver","Quick Slash","Acrobatics"],"picked":"SKIP","floor":5},{"not_picked":["Terror","Dagger Throw"],"picked":"Deadly Poison","floor":7},{"not_picked":["Dodge and Roll","Terror","Underhanded Strike"],"picked":"SKIP","floor":8},{"not_picked":["Flechettes","Blade Dance","Quick Slash"],"picked":"SKIP","floor":12},{"not_picked":["Malaise","Storm of Steel"],"picked":"Die Die Die","floor":16},{"not_picked":["Acrobatics","Cloak And Dagger"],"picked":"Bouncing Flask+1","floor":18},{"not_picked":["Choke","Acrobatics","Accuracy"],"picked":"SKIP","floor":19}],"player_experience":848760,"relics_obtained":[{"floor":8,"key":"Boot"},{"floor":9,"key":"PreservedInsect"},{"floor":13,"key":"Mummified Hand"}],"event_choices":[{"damage_healed":0,"gold_gain":75,"player_choice":"Gather Gold","damage_taken":11,"max_hp_gain":0,"max_hp_loss":0,"event_name":"World of Goop","floor":4,"gold_loss":0},{"damage_healed":0,"gold_gain":0,"player_choice":"Donut","damage_taken":0,"max_hp_gain":5,"max_hp_loss":0,"event_name":"Big Fish","floor":10,"gold_loss":0},{"damage_healed":0,"gold_gain":0,"player_choice":"Entered Light","damage_taken":15,"max_hp_gain":0,"max_hp_loss":0,"event_name":"Shining Light","floor":14,"gold_loss":0,"cards_upgraded":["Strike_G","Strike_G"]},{"damage_healed":0,"gold_gain":0,"player_choice":"Inject Mutagens","damage_taken":0,"relics_obtained":["MutagenicStrength"],"max_hp_gain":0,"max_hp_loss":0,"event_name":"Drug Dealer","floor":20,"gold_loss":0}],"is_beta":false,"boss_relics":[{"not_picked":["Snecko Eye","Fusion Hammer"],"picked":"White Beast Statue"}],"items_purged_floors":[2],"is_endless":false,"potions_floor_spawned":[3,7,8,16,18,19],"killed_by":"Sentry and Sphere","ascension_level":5}