{"gold_per_floor":[109,109,120,133,133,163,163,194,247,279,279,296,296,296,296,400,400,418,62,62,42,42,42,42,42,42,53,68,68,85,102,102,206,206,225,225,38,58,58,58,58,72,72,90,90,100,131,150,150,150],"floor_reached":51,"playtime":4737,"items_purged":["Strike_G"],"score":971,"play_id":"af21ff7b-06f7-4fc1-9aa4-2318e877f55d","local_time":"20190102125432","is_ascension_mode":true,"campfire_choices":[{"floor":7,"key":"REST"},{"floor":11,"key":"REST"},{"floor":13,"key":"REST"},{"floor":15,"key":"REST"},{"floor":23,"key":"REST"},{"floor":25,"key":"REST"},{"floor":32,"key":"REST"},{"floor":40,"key":"RECALL"},{"floor":45,"key":"REST"},{"floor":49,"key":"REST"}],"neow_cost":"NONE","seed_source_timestamp":1171371918492667,"circlet_count":0,"master_deck":["AscendersBane","Defend_G","Defend_G","Defend_G","Defend_G","Defend_G","Survivor","Neutralize","Underhanded Strike","Predator","Burst","Caltrops+1","Dagger Throw","Backflip","Deadly Poison","Night Terror","Footwork+1","Caltrops+1","Cloak And Dagger","Bouncing Flask+1","Prepared","Leg Sweep","Footwork+1","Underhanded Strike","Bullet Time","Noxious Fumes+1","Eviscerate","Blur","Eviscerate","Adrenaline","Crippling Poison+1","Choke+1"],"relics":["Runic Dome","Frozen Egg 2","Pen Nib","Snake Skull","Bag of Preparation","HoveringKite","Lee\u0027s Waffle","Enchiridion","Shuriken","Snecko Eye","Bronze Scales","Darkstone Periapt"],"potions_floor_usage":[6,6,16,30,33,33,35,50,50,50],"damage_taken":[{"damage":1,"enemies":"2 Louse","floor":1,"turns":3},{"damage":7,"enemies":"Cultist","floor":3,"turns":5},{"damage":0,"enemies":"Small Slimes","floor":4,"turns":2},{"damage":9,"enemies":"Lagavulin","floor":6,"turns":8},{"damage":32,"enemies":"3 Sentries","floor":8,"turns":11},{"damage":25,"enemies":"Lagavulin","floor":10,"turns":6},{"damage":15,"enemies":"3 Louse","floor":12,"turns":3},{"damage":12,"enemies":"The Guardian","floor":16,"turns":9},{"damage":24,"enemies":"Spheric Guardian","floor":18,"turns":5},{"damage":46,"enemies":"2 Thieves","floor":21,"turns":4},{"damage":37,"enemies":"Sentry and Sphere","floor":27,"turns":4},{"damage":14,"enemies":"Centurion and Healer","floor":28,"turns":5},{"damage":2,"enemies":"Snake Plant","floor":30,"turns":4},{"damage":7,"enemies":"Cultist and Chosen","floor":31,"turns":6},{"damage":25,"enemies":"Automaton","floor":33,"turns":9},{"damage":0,"enemies":"3 Darklings","floor":35,"turns":5},{"damage":0,"enemies":"Orb Walker","floor":38,"turns":3},{"damage":13,"enemies":"Writhing Mass","floor":42,"turns":4},{"damage":17,"enemies":"Spire Growth","floor":44,"turns":4},{"damage":3,"enemies":"Maw","floor":46,"turns":6},{"damage":37,"enemies":"Giant Head","floor":47,"turns":7},{"damage":0,"enemies":"Sphere and 2 Shapes","floor":48,"turns":5},{"damage":2,"enemies":"Donu and Deca","floor":50,"turns":8}],"seed_played":"-7637686046592722727","potions_obtained":[{"floor":1,"key":"Dexterity Potion"},{"floor":4,"key":"FearPotion"},{"floor":14,"key":"EntropicBrew"},{"floor":14,"key":"FairyPotion"},{"floor":14,"key":"EssenceOfSteel"},{"floor":18,"key":"Dexterity Potion"},{"floor":31,"key":"Ancient Potion"},{"floor":44,"key":"GhostInAJar"}],"is_trial":false,"path_per_floor":["M","?","M","M","?","E","R","E","T","E","R","M","R","?","R","B",null,"M","$","$","M","?","R","?","R","T","M","M","$","M","M","R","B",null,"M","?","$","M","?","R","$","M","T","M","R","M","E","M","R","B",null],"character_chosen":"THE_SILENT","items_purchased":["Caltrops+1","Cloak And Dagger","Lee\u0027s Waffle","Noxious Fumes+1","Eviscerate","Blur"],"campfire_rested":9,"item_purchase_floors":[19,19,19,37,37,37],"current_hp_per_floor":[62,62,55,55,55,46,67,35,35,10,31,16,37,37,58,46,64,40,77,77,31,31,54,38,61,61,24,10,10,8,1,24,7,60,60,60,60,60,60,60,60,47,47,30,53,50,13,13,36,34],"gold":150,"neow_bonus":"BOSS_RELIC","is_prod":false,"is_daily":false,"chose_seed":false,"campfire_upgraded":0,"win_rate":0,"timestamp":1546433672,"path_taken":["M","?","M","?","?","E","R","E","T","E","R","?","R","?","R","BOSS","M","?","$","M","?","R","?","R","T","?","M","$","M","M","R","BOSS","M","?","$","M","?","R","$","M","T","M","R","M","E","M","R","BOSS"],"build_version":"2018-12-20","purchased_purges":1,"victory":true,"max_hp_per_floor":[70,70,70,70,70,70,70,70,70,70,70,70,70,70,70,70,70,70,77,77,77,77,77,77,77,77,77,77,77,77,77,77,77,77,77,77,77,77,77,77,77,77,77,77,77,77,77,77,77,77],"card_choices":[{"not_picked":["Calculated Gamble","Prepared"],"picked":"Underhanded Strike","floor":1},{"not_picked":["Quick Slash","PiercingWail"],"picked":"Predator","floor":3},{"not_picked":["Eviscerate","PiercingWail"],"picked":"Burst","floor":4},{"not_picked":["Quick Slash","Blade Dance"],"picked":"Caltrops","floor":6},{"not_picked":["Quick Slash","Flying Knee"],"picked":"Dagger Throw","floor":8},{"not_picked":["Well Laid Plans+1","Expertise"],"picked":"Backflip","floor":10},{"not_picked":["Infinite Blades+1","Dodge and Roll"],"picked":"Deadly Poison","floor":12},{"not_picked":["Wraith Form v2+1","Grand Finale"],"picked":"Night Terror","floor":16},{"not_picked":["Backstab","Tactician"],"picked":"Footwork+1","floor":18},{"not_picked":["Escape Plan","Skewer+1"],"picked":"Bouncing Flask+1","floor":21},{"not_picked":["Concentrate","Sucker Punch"],"picked":"Leg Sweep","floor":27},{"not_picked":["Masterful Stab","Sucker Punch"],"picked":"Footwork+1","floor":28},{"not_picked":["Tactician","Well Laid Plans+1","Expertise"],"picked":"SKIP","floor":30},{"not_picked":["Acrobatics","Backstab"],"picked":"Underhanded Strike","floor":31},{"not_picked":["Tools of the Trade+1","Adrenaline"],"picked":"Bullet Time","floor":33},{"not_picked":["Quick Slash","Bane+1","PiercingWail"],"picked":"SKIP","floor":35},{"not_picked":["Blade Dance+1","Expertise+1"],"picked":"Eviscerate","floor":38},{"not_picked":["Acrobatics+1","Underhanded Strike"],"picked":"Adrenaline","floor":42},{"not_picked":["Flechettes+1","Blade Dance+1"],"picked":"Crippling Poison+1","floor":44},{"not_picked":["Prepared+1","Blade Dance+1","Accuracy+1"],"picked":"SKIP","floor":46},{"not_picked":["Slice+1","Poisoned Stab"],"picked":"Choke+1","floor":47},{"not_picked":["Flying Knee","Outmaneuver+1","Finisher"],"picked":"SKIP","floor":48}],"player_experience":1114345,"relics_obtained":[{"floor":6,"key":"Frozen Egg 2"},{"floor":8,"key":"Pen Nib"},{"floor":9,"key":"Snake Skull"},{"floor":10,"key":"Bag of Preparation"},{"floor":24,"key":"Enchiridion"},{"floor":26,"key":"Shuriken"},{"floor":43,"key":"Bronze Scales"},{"floor":47,"key":"Darkstone Periapt"}],"event_choices":[{"cards_removed":["Strike_G"],"damage_healed":0,"gold_gain":0,"player_choice":"Purged","damage_taken":0,"max_hp_gain":0,"max_hp_loss":0,"event_name":"Purifier","floor":2,"gold_loss":0},{"cards_removed":["Strike_G"],"damage_healed":0,"gold_gain":0,"player_choice":"Offered Basic","damage_taken":0,"max_hp_gain":0,"max_hp_loss":0,"event_name":"Bonfire Elementals","floor":5,"gold_loss":0},{"damage_healed":0,"gold_gain":0,"player_choice":"Got Potions","damage_taken":0,"max_hp_gain":0,"max_hp_loss":0,"event_name":"Lab","floor":14,"gold_loss":0},{"damage_healed":0,"gold_gain":0,"cards_transformed":["Strike_G","Strike_G"],"player_choice":"Became Test Subject","damage_taken":0,"max_hp_gain":0,"max_hp_loss":0,"event_name":"Drug Dealer","floor":22,"gold_loss":0,"cards_obtained":["Heel Hook","Prepared"]},{"damage_healed":0,"gold_gain":0,"player_choice":"Obtained Book","damage_taken":16,"max_hp_gain":0,"max_hp_loss":0,"event_name":"Cursed Tome","floor":24,"gold_loss":0},{"damage_healed":0,"gold_gain":0,"player_choice":"Ignored","damage_taken":0,"max_hp_gain":0,"max_hp_loss":0,"event_name":"Mysterious Sphere","floor":36,"gold_loss":0},{"cards_removed":["Heel Hook"],"damage_healed":0,"gold_gain":0,"player_choice":"Removed Attack","damage_taken":0,"max_hp_gain":0,"max_hp_loss":0,"event_name":"Falling","floor":39,"gold_loss":0}],"is_beta":false,"boss_relics":[{"not_picked":["Ectoplasm","Black Star"],"picked":"HoveringKite"},{"not_picked":["Empty Cage","Lizard Tail"],"picked":"Snecko Eye"}],"items_purged_floors":[19],"is_endless":false,"potions_floor_spawned":[1,4,18,21,31,33,44,47,48],"ascension_level":10}