{"gold_per_floor":[112,126,126,136,149,176,176,202,202,202,231,250,250,250,250,346,346,364,379,398,409,409,409,435,435,435,435,360,360,360,460,460,563,563,576,57,67,82,0,0,0,33,33,62,77,77,77,39,39,39],"floor_reached":51,"playtime":1992,"items_purged":["Decay"],"score":1006,"play_id":"e039bfe3-4824-42bb-b6ff-a1b6bd4f1074","local_time":"20181202162325","is_ascension_mode":true,"campfire_choices":[{"floor":7,"key":"REST"},{"data":"Defragment","floor":10,"key":"SMITH"},{"floor":13,"key":"REST"},{"data":"Zap","floor":15,"key":"SMITH"},{"data":"Machine Learning","floor":23,"key":"SMITH"},{"data":"Hello World","floor":25,"key":"SMITH"},{"data":"Storm","floor":30,"key":"SMITH"},{"floor":32,"key":"REST"},{"floor":40,"key":"REST"},{"floor":46,"key":"REST"},{"data":"Static Discharge","floor":49,"key":"SMITH"}],"neow_cost":"CURSE","seed_source_timestamp":788404480161453,"circlet_count":0,"master_deck":["Strike_B","Strike_B","Defend_B","Defend_B","Defend_B","Defend_B","Zap+1","Dualcast","Parasite","Glacier","Defragment+1","Storm","Steam","Storm","Rebound","Reboot","Core Surge","Cold Snap","Electrodynamics","Machine Learning+1","Steam+1","Undo","Storm+1","Static Discharge+1","Hello World+1","Conserve Battery","Reboot","Steam Power","Auto Shields","Loop+1","Echo Form+1","Force Field","Defragment+1","Buffer+1","Skim+1","Buffer+1","Doubt","Self Repair+1","Force Field+1","Glacier+1","Static Discharge+1"],"relics":["Cracked Core","StoneCalendar","Lantern","Pen Nib","Prayer Wheel","Question Card","Ornamental Fan","Cursed Key","Frozen Egg 2","Juzu Bracelet","Bag of Marbles","Gambling Chip","Bottled Tornado","Sozu","DataDisk","Pear","Red Mask","Girya","Boot","Toxic Egg 2","SsserpentHead"],"potions_floor_usage":[12,16,20,24,31,35],"damage_taken":[{"damage":4,"enemies":"Jaw Worm","floor":1,"turns":4},{"damage":12,"enemies":"Small Slimes","floor":2,"turns":4},{"damage":0,"enemies":"Cultist","floor":4,"turns":3},{"damage":0,"enemies":"Looter","floor":5,"turns":4},{"damage":10,"enemies":"Lagavulin","floor":6,"turns":7},{"damage":14,"enemies":"3 Sentries","floor":8,"turns":7},{"damage":5,"enemies":"Lagavulin","floor":11,"turns":5},{"damage":3,"enemies":"3 Louse","floor":12,"turns":3},{"damage":28,"enemies":"The Guardian","floor":16,"turns":9},{"damage":4,"enemies":"Spheric Guardian","floor":18,"turns":3},{"damage":0,"enemies":"3 Byrds","floor":19,"turns":3},{"damage":2,"enemies":"Shelled Parasite and Fungi","floor":20,"turns":4},{"damage":8,"enemies":"Snake Plant","floor":21,"turns":3},{"damage":14,"enemies":"Book of Stabbing","floor":24,"turns":4},{"damage":22,"enemies":"Colosseum Slavers","floor":31,"turns":3},{"damage":6,"enemies":"Colosseum Nobs","floor":31,"turns":5},{"damage":30,"enemies":"Champ","floor":33,"turns":11},{"damage":32,"enemies":"3 Darklings","floor":35,"turns":3},{"damage":11,"enemies":"3 Shapes","floor":37,"turns":2},{"damage":0,"enemies":"Jaw Worm Horde","floor":38,"turns":1},{"damage":0,"enemies":"Giant Head","floor":42,"turns":6},{"damage":21,"enemies":"Reptomancer","floor":44,"turns":4},{"damage":4,"enemies":"Sphere and 2 Shapes","floor":45,"turns":4},{"damage":14,"enemies":"Awakened One","floor":50,"turns":8}],"seed_played":"6929780424807054451","potions_obtained":[{"floor":1,"key":"Explosive Potion"},{"floor":2,"key":"SteroidPotion"},{"floor":11,"key":"LiquidBronze"},{"floor":12,"key":"SkillPotion"},{"floor":16,"key":"GamblersBrew"},{"floor":18,"key":"Poison Potion"},{"floor":20,"key":"Energy Potion"},{"floor":21,"key":"SkillPotion"},{"floor":33,"key":"Fire Potion"}],"is_trial":false,"path_per_floor":["M","M","?","M","M","E","R","E","T","R","E","M","R","?","R","B",null,"M","M","M","M","?","R","E","R","T","?","?","?","R","?","R","B",null,"M","$","M","M","?","R","?","E","T","E","M","R","?","$","R","B",null],"character_chosen":"DEFECT","items_purchased":["DataDisk","Defragment+1","Pear","Static Discharge+1"],"campfire_rested":5,"item_purchase_floors":[36,36,36,48],"current_hp_per_floor":[64,52,27,27,27,17,39,25,25,25,20,17,39,75,75,47,68,64,64,62,54,54,54,40,40,40,65,65,65,65,37,59,29,64,32,42,31,31,31,56,56,56,56,35,41,66,66,66,66,62],"gold":39,"neow_bonus":"ONE_RARE_RELIC","is_prod":false,"is_daily":false,"chose_seed":false,"campfire_upgraded":6,"win_rate":0,"timestamp":1543785805,"path_taken":["M","M","?","M","M","E","R","E","T","R","E","M","R","?","R","BOSS","M","M","M","M","?","R","E","R","T","?","?","?","R","?","R","BOSS","M","$","M","M","?","R","?","E","T","E","M","R","?","$","R","BOSS"],"build_version":"2018-11-15","purchased_purges":1,"victory":true,"max_hp_per_floor":[75,75,75,75,75,75,75,75,75,75,75,75,75,75,75,75,75,75,75,75,75,75,75,75,75,75,75,75,75,75,75,75,75,75,75,85,85,85,85,85,85,85,85,85,85,85,85,85,85,85],"card_choices":[{"not_picked":["Cold Snap","Rip and Tear"],"picked":"Glacier","floor":1},{"not_picked":["Stack","Storm"],"picked":"Defragment","floor":2},{"not_picked":["Coolheaded","Melter"],"picked":"Storm","floor":4},{"not_picked":["Darkness","Stack"],"picked":"Steam","floor":5},{"not_picked":["Blizzard","Heatsinks"],"picked":"Storm","floor":6},{"not_picked":["Sweeping Beam","Go for the Eyes"],"picked":"Rebound","floor":8},{"not_picked":["Static Discharge","Leap","Heatsinks"],"picked":"Reboot","floor":11},{"not_picked":["Turbo","Streamline","Leap"],"picked":"Core Surge","floor":12},{"not_picked":["Stack","Beam Cell","Compile Driver"],"picked":"Cold Snap","floor":12},{"not_picked":["Biased Cognition","Fission","Seek"],"picked":"Electrodynamics","floor":16},{"not_picked":["Steam Power","Recycle","Sweeping Beam"],"picked":"Compile Driver+1","floor":18},{"not_picked":["Coolheaded+1","Gash+1","Fusion"],"picked":"Machine Learning","floor":18},{"not_picked":["Ball Lightning","Leap+1","Coolheaded"],"picked":"Steam+1","floor":19},{"not_picked":["Consume","Reprogram+1","Redo"],"picked":"Undo","floor":19},{"not_picked":["Undo","Streamline","Rebound"],"picked":"Storm","floor":20},{"not_picked":["Conserve Battery","Steam Power","Undo"],"picked":"Static Discharge","floor":20},{"not_picked":["Compile Driver","Ball Lightning","Rip and Tear"],"picked":"Hello World","floor":21},{"not_picked":["Fusion+1","Coolheaded","Streamline"],"picked":"Conserve Battery","floor":21},{"not_picked":["Hologram","Turbo","Skim"],"picked":"Reboot","floor":24},{"not_picked":["Hologram","Lockon+1","Tempest"],"picked":"Loop+1","floor":31},{"not_picked":["Biased Cognition+1","Hyperbeam","Core Surge"],"picked":"Echo Form+1","floor":33},{"not_picked":["Rebound+1","Conserve Battery","Aggregate"],"picked":"Force Field","floor":35},{"not_picked":["Sweeping Beam","Ball Lightning","Compile Driver+1","Conserve Battery+1"],"picked":"SKIP","floor":35},{"not_picked":["Turbo","Go for the Eyes+1","Lockon+1"],"picked":"Buffer+1","floor":37},{"not_picked":["Sweeping Beam","Coolheaded+1","Redo","Rebound+1"],"picked":"SKIP","floor":37},{"not_picked":["Turbo","Compile Driver+1","Genetic Algorithm+1"],"picked":"Skim+1","floor":38},{"not_picked":["Leap","Sweeping Beam+1","Beam Cell"],"picked":"Buffer+1","floor":38},{"not_picked":["Leap","Sweeping Beam","Darkness","Double Energy+1"],"picked":"SKIP","floor":42},{"not_picked":["Fusion","BootSequence","Blizzard+1"],"picked":"Self Repair+1","floor":44},{"not_picked":["Blizzard+1","Loop+1","Conserve Battery+1"],"picked":"Force Field+1","floor":45},{"not_picked":["Streamline+1","Fusion+1","Hello World+1"],"picked":"Glacier+1","floor":45}],"player_experience":340110,"relics_obtained":[{"floor":6,"key":"Pen Nib"},{"floor":8,"key":"Prayer Wheel"},{"floor":9,"key":"Question Card"},{"floor":11,"key":"Ornamental Fan"},{"floor":24,"key":"Juzu Bracelet"},{"floor":26,"key":"Bag of Marbles"},{"floor":31,"key":"Gambling Chip"},{"floor":31,"key":"Bottled Tornado"},{"floor":42,"key":"Girya"},{"floor":43,"key":"Boot"},{"floor":44,"key":"Toxic Egg 2"}],"event_choices":[{"damage_healed":0,"gold_gain":0,"player_choice":"Success","damage_taken":25,"relics_obtained":["Lantern"],"max_hp_gain":0,"max_hp_loss":0,"event_name":"Scrap Ooze","floor":3,"gold_loss":0},{"damage_healed":36,"gold_gain":0,"player_choice":"Full Heal","damage_taken":0,"max_hp_gain":0,"max_hp_loss":0,"event_name":"Wheel of Change","floor":14,"gold_loss":0},{"damage_healed":0,"gold_gain":0,"player_choice":"Opened","damage_taken":0,"relics_obtained":["Frozen Egg 2"],"max_hp_gain":0,"max_hp_loss":0,"event_name":"The Mausoleum","floor":22,"gold_loss":0,"cards_obtained":["Writhe"]},{"damage_healed":25,"gold_gain":0,"player_choice":"Heal","damage_taken":0,"max_hp_gain":0,"max_hp_loss":0,"event_name":"The Library","floor":27,"gold_loss":0},{"cards_removed":["Writhe"],"damage_healed":0,"gold_gain":0,"player_choice":"Gave Gold","damage_taken":0,"max_hp_gain":0,"max_hp_loss":0,"event_name":"Beggar","floor":28,"gold_loss":75},{"damage_healed":0,"gold_gain":0,"cards_transformed":["Strike_B","Strike_B"],"player_choice":"Became Test Subject","damage_taken":0,"max_hp_gain":0,"max_hp_loss":0,"event_name":"Drug Dealer","floor":29,"gold_loss":0,"cards_obtained":["Steam Power","Auto Shields"]},{"damage_healed":0,"gold_gain":0,"player_choice":"Fight","damage_taken":0,"max_hp_gain":0,"max_hp_loss":0,"event_name":"Colosseum","floor":31,"gold_loss":0},{"damage_healed":0,"gold_gain":0,"player_choice":"Fought Nobs","damage_taken":0,"max_hp_gain":0,"max_hp_loss":0,"event_name":"Colosseum","floor":31,"gold_loss":0},{"damage_healed":0,"gold_gain":0,"player_choice":"Paid","damage_taken":0,"relics_obtained":["Red Mask"],"max_hp_gain":0,"max_hp_loss":0,"event_name":"Tomb of Lord Red Mask","floor":39,"gold_loss":82},{"cards_removed":["Compile Driver"],"damage_healed":0,"gold_gain":0,"player_choice":"Removed Attack","damage_taken":0,"max_hp_gain":0,"max_hp_loss":0,"event_name":"Falling","floor":41,"gold_loss":0},{"damage_healed":0,"gold_gain":0,"player_choice":"Trade","damage_taken":0,"relics_obtained":["SsserpentHead"],"max_hp_gain":0,"max_hp_loss":0,"event_name":"FaceTrader","floor":47,"gold_loss":0}],"is_beta":false,"boss_relics":[{"not_picked":["Astrolabe","Velvet Choker"],"picked":"Cursed Key"},{"not_picked":["Runic Dome","Calling Bell"],"picked":"Sozu"}],"items_purged_floors":[36],"is_endless":false,"potions_floor_spawned":[1,2,11,12,16,18,20,21,33,38],"ascension_level":6}