{"gold_per_floor":[119,135,147,147,167,200,213,213,213,213,242,296,310,321,321,422,422,432,432,450,40,64,106,130,142,177,189,201,128,140,169,181,290,302,330,342,354,380,412,459,471,517,554,244,259,271,271,286,286,286],"floor_reached":50,"playtime":3872,"items_purged":["Regret","Injury"],"score":691,"play_id":"036573df-363d-4665-97c5-45eb80166e8b","local_time":"20181106041554","is_ascension_mode":true,"campfire_choices":[{"data":"Infernal Blade","floor":8,"key":"SMITH"},{"data":"Dark Embrace","floor":10,"key":"SMITH"},{"floor":15,"key":"REST"},{"data":"Apotheosis","floor":25,"key":"SMITH"},{"floor":27,"key":"REST"},{"data":"Feel No Pain","floor":30,"key":"SMITH"},{"data":"Burning Pact","floor":32,"key":"SMITH"},{"floor":41,"key":"REST"},{"floor":47,"key":"REST"},{"floor":49,"key":"REST"}],"neow_cost":"NONE","seed_source_timestamp":478833355835750,"circlet_count":0,"master_deck":["Bash","Shrug It Off","Shrug It Off","Clothesline","Infernal Blade+1","Dark Embrace+1","Clothesline","Feel No Pain+1","Thunderclap","Dark Embrace","Body Slam","Infernal Blade","Warcry+1","Apotheosis+1","Shockwave+1","Inflame","Headbutt","Havoc","Burning Pact+1","Limit Break","Uppercut","Intimidate","Clash","Clash","Flame Barrier","Power Through","Flex","Metallicize","Clash","Headbutt+1","Purity","Panacea","Flash of Steel","Intimidate+1","Parasite","Sever Soul+1","Seeing Red+1","True Grit","Dual Wield+1","Feel No Pain+1","Seeing Red","Clash+1","Wild Strike+1","Evolve","Body Slam+1"],"relics":["Burning Blood","NeowsBlessing","Ancient Tea Set","PreservedInsect","Centennial Puzzle","Mercury Hourglass","Velvet Choker","MawBank","Orichalcum","Dream Catcher","Oddly Smooth Stone","Pandora\u0027s Box","Molten Egg 2","Smiling Mask","Juzu Bracelet","DollysMirror"],"potions_floor_usage":[6,7,16,16,22,24,33,45,45,46,50],"damage_taken":[{"damage":0,"enemies":"Small Slimes","floor":1,"turns":1},{"damage":0,"enemies":"Jaw Worm","floor":2,"turns":1},{"damage":0,"enemies":"Cultist","floor":3,"turns":1},{"damage":10,"enemies":"Looter","floor":5,"turns":4},{"damage":42,"enemies":"Lagavulin","floor":6,"turns":8},{"damage":13,"enemies":"2 Fungi Beasts","floor":7,"turns":3},{"damage":12,"enemies":"Gremlin Nob","floor":11,"turns":3},{"damage":12,"enemies":"Large Slime","floor":13,"turns":3},{"damage":19,"enemies":"Exordium Wildlife","floor":14,"turns":5},{"damage":21,"enemies":"Slime Boss","floor":16,"turns":8},{"damage":7,"enemies":"Spheric Guardian","floor":18,"turns":4},{"damage":6,"enemies":"Chosen","floor":20,"turns":6},{"damage":42,"enemies":"Snake Plant","floor":22,"turns":5},{"damage":18,"enemies":"Slavers","floor":23,"turns":5},{"damage":6,"enemies":"3 Cultists","floor":24,"turns":4},{"damage":15,"enemies":"Shelled Parasite and Fungi","floor":31,"turns":5},{"damage":44,"enemies":"Champ","floor":33,"turns":10},{"damage":11,"enemies":"Orb Walker","floor":35,"turns":4},{"damage":10,"enemies":"3 Shapes","floor":38,"turns":2},{"damage":40,"enemies":"Writhing Mass","floor":39,"turns":5},{"damage":26,"enemies":"Nemesis","floor":40,"turns":5},{"damage":22,"enemies":"Giant Head","floor":42,"turns":6},{"damage":8,"enemies":"Spire Growth","floor":45,"turns":5},{"damage":7,"enemies":"Jaw Worm Horde","floor":46,"turns":5},{"damage":0,"enemies":"4 Shapes","floor":48,"turns":6},{"damage":88,"enemies":"Time Eater","floor":50,"turns":11}],"seed_played":"-61417381495426324","potions_obtained":[{"floor":1,"key":"Block Potion"},{"floor":3,"key":"Explosive Potion"},{"floor":6,"key":"PowerPotion"},{"floor":13,"key":"SteroidPotion"},{"floor":16,"key":"Energy Potion"},{"floor":18,"key":"SteroidPotion"},{"floor":23,"key":"Energy Potion"},{"floor":39,"key":"Ancient Potion"},{"floor":42,"key":"LiquidBronze"},{"floor":45,"key":"SkillPotion"},{"floor":46,"key":"Swift Potion"}],"is_trial":false,"path_per_floor":["M","M","M","?","M","E","M","R","T","R","E","?","M","M","R","B",null,"M","?","M","$","M","E","M","R","T","R","$","?","R","M","R","B",null,"M","?","?","M","M","E","R","E","T","$","M","M","R","M","R","B"],"character_chosen":"IRONCLAD","items_purchased":["Apotheosis","MawBank","DollysMirror","Seeing Red"],"campfire_rested":5,"item_purchase_floors":[21,21,44,44],"current_hp_per_floor":[80,80,80,80,76,40,33,33,33,33,27,27,21,8,32,17,80,79,79,79,79,43,31,31,31,31,55,55,55,55,46,46,8,80,75,75,65,61,27,7,31,15,15,15,13,12,36,42,66,0],"gold":286,"neow_bonus":"THREE_ENEMY_KILL","is_prod":false,"is_daily":false,"chose_seed":false,"campfire_upgraded":5,"win_rate":0,"timestamp":1541495754,"path_taken":["M","M","M","?","M","E","M","R","T","R","E","?","M","M","R","BOSS","M","?","M","$","M","E","M","R","T","R","?","?","R","M","R","BOSS","M","?","?","M","M","E","R","E","T","$","M","M","R","M","R","BOSS"],"build_version":"2018-11-01","purchased_purges":2,"victory":false,"max_hp_per_floor":[80,80,80,80,80,80,80,80,80,80,80,80,80,80,80,80,80,80,80,80,80,80,80,80,80,80,80,80,80,80,80,80,80,80,80,80,80,80,80,80,80,80,80,80,80,80,80,80,80,80],"card_choices":[{"not_picked":["Rupture","Intimidate"],"picked":"Shrug It Off","floor":1},{"not_picked":["Rage","Flame Barrier"],"picked":"Shrug It Off","floor":2},{"not_picked":["Headbutt","Dark Embrace"],"picked":"Clothesline","floor":3},{"not_picked":["Wild Strike","Searing Blow"],"picked":"Infernal Blade","floor":5},{"not_picked":["True Grit","Rampage"],"picked":"Dark Embrace","floor":6},{"not_picked":["Sword Boomerang","Clash"],"picked":"Clothesline","floor":7},{"not_picked":["Entrench","Wild Strike"],"picked":"Feel No Pain","floor":11},{"not_picked":["Shrug It Off","Cleave"],"picked":"Sever Soul","floor":13},{"not_picked":["True Grit","Pummel"],"picked":"Thunderclap","floor":14},{"not_picked":["Impervious","Demon Form"],"picked":"Dark Embrace","floor":16},{"not_picked":["Clothesline","Sword Boomerang"],"picked":"Body Slam","floor":18},{"not_picked":["True Grit","Inflame"],"picked":"Warcry+1","floor":20},{"not_picked":["Armaments","Inflame"],"picked":"Shockwave+1","floor":22},{"not_picked":["Entrench","Armaments"],"picked":"Inflame","floor":23},{"not_picked":["Iron Wave","Warcry+1"],"picked":"Headbutt","floor":24},{"not_picked":["Sever Soul","Shrug It Off"],"picked":"Havoc","floor":27},{"not_picked":["Uppercut+1","Bloodletting"],"picked":"Burning Pact","floor":31},{"not_picked":["Feed","Dark Embrace"],"picked":"Limit Break","floor":33},{"not_picked":["Iron Wave","Heavy Blade+1"],"picked":"Headbutt+1","floor":35},{"not_picked":["Impatience","HandOfGreed"],"picked":"Purity","floor":37},{"not_picked":["HandOfGreed","Enlightenment"],"picked":"Panacea","floor":37},{"not_picked":["Deep Breath","Mind Blast"],"picked":"Flash of Steel","floor":37},{"not_picked":["Perfected Strike","Sword Boomerang+1"],"picked":"Intimidate+1","floor":38},{"not_picked":["Flex","Combust"],"picked":"Sever Soul+1","floor":39},{"not_picked":["Corruption+1","Impervious"],"picked":"Seeing Red+1","floor":40},{"not_picked":["Searing Blow+1","Corruption+1"],"picked":"True Grit","floor":41},{"not_picked":["Armaments+1","Sword Boomerang+1"],"picked":"Dual Wield+1","floor":42},{"not_picked":["Cleave+1","Seeing Red"],"picked":"Clash+1","floor":45},{"not_picked":["Thunderclap+1","Warcry"],"picked":"Wild Strike+1","floor":46},{"not_picked":["Heavy Blade+1","Shrug It Off+1"],"picked":"Evolve","floor":48},{"not_picked":["Burning Pact+1","Clothesline+1"],"picked":"Body Slam+1","floor":49}],"player_experience":229155,"relics_obtained":[{"floor":6,"key":"PreservedInsect"},{"floor":9,"key":"Centennial Puzzle"},{"floor":11,"key":"Mercury Hourglass"},{"floor":23,"key":"Orichalcum"},{"floor":26,"key":"Dream Catcher"},{"floor":40,"key":"Molten Egg 2"},{"floor":42,"key":"Smiling Mask"},{"floor":43,"key":"Juzu Bracelet"}],"event_choices":[{"damage_healed":0,"gold_gain":0,"player_choice":"Box","damage_taken":0,"relics_obtained":["Ancient Tea Set"],"max_hp_gain":0,"max_hp_loss":0,"event_name":"Big Fish","floor":4,"gold_loss":0,"cards_obtained":["Regret"]},{"damage_healed":0,"gold_gain":54,"player_choice":"Gained Gold","damage_taken":0,"max_hp_gain":0,"max_hp_loss":0,"event_name":"Golden Wing","floor":12,"gold_loss":0},{"damage_healed":0,"gold_gain":0,"player_choice":"2 cards matched","damage_taken":0,"max_hp_gain":0,"max_hp_loss":0,"event_name":"Match and Keep!","floor":19,"gold_loss":0,"cards_obtained":["Infernal Blade","Injury"]},{"damage_healed":0,"gold_gain":0,"player_choice":"Obtained Relic","damage_taken":0,"relics_obtained":["Oddly Smooth Stone"],"max_hp_gain":0,"max_hp_loss":0,"event_name":"Addict","floor":29,"gold_loss":85},{"cards_removed":["Sever Soul"],"damage_healed":0,"gold_gain":0,"player_choice":"Removed Attack","damage_taken":0,"max_hp_gain":0,"max_hp_loss":0,"event_name":"Falling","floor":36,"gold_loss":0},{"damage_healed":0,"gold_gain":0,"player_choice":"Memory 3","damage_taken":10,"max_hp_gain":0,"max_hp_loss":0,"event_name":"SensoryStone","floor":37,"gold_loss":0}],"is_beta":false,"boss_relics":[{"not_picked":["Ectoplasm","Tiny House"],"picked":"Velvet Choker"},{"not_picked":["Lizard Tail","Runic Pyramid"],"picked":"Pandora\u0027s Box"}],"items_purged_floors":[21,44],"is_endless":false,"potions_floor_spawned":[1,3,6,13,16,18,23,39,42,45,46],"killed_by":"Time Eater","ascension_level":3}