{"gold_per_floor":[119,30,50,150,169,169,199,46,46,66,96,114,114],"floor_reached":13,"playtime":1083,"items_purged":["Strike_G"],"score":147,"play_id":"33e6b834-88c5-4e60-a295-edc5674c4e59","local_time":"20190102201124","is_ascension_mode":true,"campfire_choices":[{"floor":6,"key":"RECALL"}],"neow_cost":"NONE","seed_source_timestamp":1201257261465976,"circlet_count":0,"master_deck":["AscendersBane","Defend_G","Defend_G","Defend_G","Defend_G","Defend_G","Strike_G","Strike_G","Strike_G","Strike_G","Survivor","Neutralize","Slice","Backstab","Cloak And Dagger","Sucker Punch","Blade Dance","Slice","Footwork","Underhanded Strike","Masterful Stab","Noxious Fumes"],"relics":["Fusion Hammer","Dodecahedron","Orichalcum"],"potions_floor_usage":[3,7],"damage_taken":[{"damage":0,"enemies":"Cultist","floor":1,"turns":4},{"damage":2,"enemies":"Small Slimes","floor":3,"turns":3},{"damage":2,"enemies":"2 Louse","floor":5,"turns":3},{"damage":26,"enemies":"Lagavulin","floor":7,"turns":9},{"damage":0,"enemies":"Large Slime","floor":10,"turns":6},{"damage":33,"enemies":"3 Sentries","floor":11,"turns":12},{"damage":4,"enemies":"3 Louse","floor":12,"turns":2},{"damage":16,"enemies":"Gremlin Gang","floor":13,"turns":3}],"seed_played":"-6532738862662606214","potions_obtained":[{"floor":1,"key":"Fruit Juice"},{"floor":5,"key":"Weak Potion"},{"floor":10,"key":"SpeedPotion"}],"is_trial":false,"path_per_floor":["M","$","M","?","M","R","E","$","T","M","E","M","M"],"character_chosen":"THE_SILENT","items_purchased":["Backstab","Cloak And Dagger","Footwork"],"campfire_rested":0,"item_purchase_floors":[2,2,8],"current_hp_per_floor":[63,63,66,66,64,64,38,38,38,38,5,1,0],"gold":114,"neow_bonus":"BOSS_RELIC","is_prod":false,"is_daily":false,"chose_seed":false,"campfire_upgraded":0,"win_rate":0,"timestamp":1546459884,"path_taken":["M","$","M","?","M","R","E","$","T","?","E","M","M"],"build_version":"2018-12-20","purchased_purges":1,"victory":false,"max_hp_per_floor":[70,70,75,75,75,75,75,75,75,75,75,75,75],"card_choices":[{"not_picked":["Eviscerate","PiercingWail"],"picked":"Slice","floor":1},{"not_picked":["Backflip","Crippling Poison"],"picked":"Sucker Punch","floor":3},{"not_picked":["Deflect","Well Laid Plans"],"picked":"Blade Dance","floor":5},{"not_picked":["Prepared","Escape Plan"],"picked":"Slice","floor":7},{"not_picked":["Quick Slash","PiercingWail"],"picked":"Underhanded Strike","floor":10},{"not_picked":["PiercingWail","Expertise"],"picked":"Masterful Stab","floor":11},{"not_picked":["Poisoned Stab","Dagger Spray"],"picked":"Noxious Fumes","floor":12}],"player_experience":1120457,"relics_obtained":[{"floor":7,"key":"Dodecahedron"},{"floor":11,"key":"Orichalcum"}],"event_choices":[{"damage_healed":0,"gold_gain":100,"player_choice":"Pray","damage_taken":0,"max_hp_gain":0,"max_hp_loss":0,"event_name":"Golden Shrine","floor":4,"gold_loss":0}],"is_beta":false,"boss_relics":[],"items_purged_floors":[8],"is_endless":false,"potions_floor_spawned":[1,5,10],"killed_by":"Gremlin Gang","ascension_level":11}