{"gold_per_floor":[113,113,124,142,417,452,463,463,487,499,499],"floor_reached":11,"playtime":398,"items_purged":[],"score":120,"play_id":"d6853ff0-72f6-4965-acad-599c4ae1c7f0","local_time":"20190130195831","is_ascension_mode":true,"campfire_choices":[{"data":"Blade Dance","floor":8,"key":"SMITH"}],"neow_cost":"NONE","seed_source_timestamp":5745418076693,"circlet_count":0,"master_deck":["AscendersBane","Defend_G","Defend_G","Defend_G","Defend_G","Defend_G","Strike_G","Strike_G","Strike_G","Strike_G","Strike_G","Survivor","Neutralize","Dodge and Roll","Choke","Blade Dance+1","Regret","Footwork","Dagger Throw","Backflip"],"relics":["Ring of the Snake","NeowsBlessing","Smiling Mask","Potion Belt"],"potions_floor_usage":[6],"damage_taken":[{"damage":0,"enemies":"Cultist","floor":1,"turns":1},{"damage":0,"enemies":"Jaw Worm","floor":3,"turns":1},{"damage":0,"enemies":"Small Slimes","floor":4,"turns":1},{"damage":29,"enemies":"3 Sentries","floor":6,"turns":11},{"damage":2,"enemies":"2 Fungi Beasts","floor":7,"turns":4},{"damage":24,"enemies":"Exordium Wildlife","floor":10,"turns":7},{"damage":8,"enemies":"Lagavulin","floor":11,"turns":5}],"seed_played":"-8911242920770647911","potions_obtained":[{"floor":3,"key":"Strength Potion"},{"floor":6,"key":"Dexterity Potion"},{"floor":7,"key":"GhostInAJar"}],"is_trial":false,"path_per_floor":["M","?","M","M","?","E","M","R","T","M","E"],"character_chosen":"THE_SILENT","items_purchased":[],"campfire_rested":0,"item_purchase_floors":[],"current_hp_per_floor":[63,63,63,63,63,34,32,32,32,8,0],"gold":499,"neow_bonus":"THREE_ENEMY_KILL","is_prod":false,"is_daily":false,"chose_seed":false,"campfire_upgraded":1,"win_rate":0,"timestamp":1548899911,"path_taken":["M","?","M","?","?","E","M","R","T","?","E"],"build_version":"2019-01-23","purchased_purges":0,"victory":false,"max_hp_per_floor":[70,70,70,70,70,70,70,70,70,70,70],"card_choices":[{"not_picked":["Sucker Punch","Acrobatics"],"picked":"Dodge and Roll","floor":1},{"not_picked":["Prepared","Masterful Stab"],"picked":"Choke","floor":3},{"not_picked":["Cloak And Dagger","Bane"],"picked":"Blade Dance","floor":4},{"not_picked":["Wraith Form v2","Noxious Fumes"],"picked":"Footwork","floor":6},{"not_picked":["Deadly Poison","Bouncing Flask"],"picked":"Dagger Throw","floor":7},{"not_picked":["Noxious Fumes","Heel Hook"],"picked":"Backflip","floor":10}],"player_experience":231092,"relics_obtained":[{"floor":6,"key":"Smiling Mask"},{"floor":9,"key":"Potion Belt"}],"event_choices":[{"damage_healed":0,"gold_gain":0,"player_choice":"Bought 0 Potions","damage_taken":0,"max_hp_gain":0,"max_hp_loss":0,"event_name":"The Woman in Blue","floor":2,"gold_loss":0},{"damage_healed":0,"gold_gain":275,"player_choice":"Desecrate","damage_taken":0,"max_hp_gain":0,"max_hp_loss":0,"event_name":"Golden Shrine","floor":5,"gold_loss":0,"cards_obtained":["Regret"]}],"is_beta":false,"boss_relics":[],"items_purged_floors":[],"is_endless":false,"potions_floor_spawned":[3,6,7],"killed_by":"Lagavulin","ascension_level":12}