{"gold_per_floor":[114,114,114,39,49,74,74,101,149,160,160],"floor_reached":11,"playtime":384,"items_purged":["Defend_G"],"score":93,"play_id":"4c298011-35bb-4571-a237-5324d377da70","local_time":"20181122042943","is_ascension_mode":true,"campfire_choices":[],"neow_cost":"NONE","seed_source_timestamp":125032023499675,"circlet_count":0,"master_deck":["Defend_G","Defend_G","Defend_G","Defend_G","Strike_G","Strike_G","Strike_G","Survivor","Neutralize","Dash","All Out Attack","All Out Attack","Good Instincts","Setup","All Out Attack"],"relics":["Ring of the Snake","Happy Flower","Strawberry","Centennial Puzzle","Potion Belt"],"potions_floor_usage":[],"damage_taken":[{"damage":0,"enemies":"Small Slimes","floor":1,"turns":3},{"damage":0,"enemies":"2 Louse","floor":5,"turns":3},{"damage":43,"enemies":"Lagavulin","floor":6,"turns":11},{"damage":9,"enemies":"3 Sentries","floor":8,"turns":5},{"damage":5,"enemies":"Cultist","floor":10,"turns":4},{"damage":13,"enemies":"Lagavulin","floor":11,"turns":5}],"seed_played":"-5244115295386053296","potions_obtained":[{"floor":1,"key":"Ancient Potion"}],"is_trial":false,"path_per_floor":["M","?","?","$","M","E","?","E","T","M","E"],"character_chosen":"THE_SILENT","items_purchased":[],"campfire_rested":0,"item_purchase_floors":[],"current_hp_per_floor":[70,63,63,63,63,27,27,18,18,13,0],"gold":160,"neow_bonus":"RANDOM_COMMON_RELIC","is_prod":false,"is_daily":false,"chose_seed":false,"campfire_upgraded":0,"win_rate":0,"timestamp":1542878983,"path_taken":["M","?","?","$","M","E","?","E","T","M","E"],"build_version":"2018-11-15","purchased_purges":1,"victory":false,"max_hp_per_floor":[70,70,70,70,70,77,77,77,77,77,77],"card_choices":[{"not_picked":["Escape Plan","Dagger Spray"],"picked":"Dash","floor":1},{"not_picked":["Bane","Concentrate"],"picked":"All Out Attack","floor":5},{"not_picked":["Choke","Catalyst"],"picked":"All Out Attack","floor":6},{"not_picked":["Poisoned Stab","Dagger Throw"],"picked":"Setup","floor":8},{"not_picked":["Deflect","Bane"],"picked":"All Out Attack","floor":10}],"player_experience":305356,"relics_obtained":[{"floor":6,"key":"Strawberry"},{"floor":8,"key":"Centennial Puzzle"},{"floor":9,"key":"Potion Belt"}],"event_choices":[{"cards_removed":["Strike_G"],"damage_healed":0,"gold_gain":0,"player_choice":"Card Removal","damage_taken":7,"max_hp_gain":0,"max_hp_loss":0,"event_name":"Golden Wing","floor":2,"gold_loss":0},{"cards_removed":["Strike_G"],"damage_healed":0,"gold_gain":0,"player_choice":"Forget","damage_taken":0,"max_hp_gain":0,"max_hp_loss":0,"event_name":"Living Wall","floor":3,"gold_loss":0},{"damage_healed":0,"gold_gain":0,"player_choice":"1 cards matched","damage_taken":0,"max_hp_gain":0,"max_hp_loss":0,"event_name":"Match and Keep!","floor":7,"gold_loss":0,"cards_obtained":["Good Instincts"]}],"is_beta":false,"boss_relics":[],"items_purged_floors":[4],"is_endless":false,"potions_floor_spawned":[1],"killed_by":"Lagavulin","ascension_level":3}