{"gold_per_floor":[114,133,46,46,63,63,92,92,92,92],"floor_reached":10,"playtime":298,"items_purged":[],"score":83,"play_id":"867c24d1-8f6b-494e-afae-98c424c6c6d5","local_time":"20190201220516","is_ascension_mode":true,"campfire_choices":[{"data":"Footwork","floor":6,"key":"SMITH"},{"data":"Venomology","floor":8,"key":"SMITH"}],"neow_cost":"NONE","seed_source_timestamp":1115194978967200,"circlet_count":0,"master_deck":["Defend_G","Defend_G","Defend_G","Defend_G","Defend_G","Strike_G","Strike_G","Strike_G","Strike_G","Survivor","Neutralize","Footwork+1","Good Instincts","Deflect","Venomology+1"],"relics":["Ring of the Snake","NeowsBlessing","Dodecahedron","Ninja Scroll"],"potions_floor_usage":[7,7],"damage_taken":[{"damage":0,"enemies":"2 Louse","floor":1,"turns":1},{"damage":0,"enemies":"Cultist","floor":2,"turns":1},{"damage":0,"enemies":"Small Slimes","floor":5,"turns":2},{"damage":51,"enemies":"Gremlin Nob","floor":7,"turns":7},{"damage":10,"enemies":"Exordium Wildlife","floor":10,"turns":10}],"seed_played":"4193339427020868018","potions_obtained":[{"floor":1,"key":"SkillPotion"},{"floor":5,"key":"Poison Potion"},{"floor":7,"key":"Poison Potion"}],"is_trial":false,"path_per_floor":["M","M","$","?","M","R","E","R","T","M"],"character_chosen":"THE_SILENT","items_purchased":["Good Instincts"],"campfire_rested":0,"item_purchase_floors":[3],"current_hp_per_floor":[70,70,70,70,70,70,19,19,19,9],"gold":92,"neow_bonus":"THREE_ENEMY_KILL","is_prod":false,"is_daily":false,"chose_seed":false,"campfire_upgraded":2,"win_rate":0,"timestamp":1549055116,"path_taken":["M","M","$","?","M","R","E","R","T","M"],"build_version":"2019-01-23","purchased_purges":0,"victory":false,"max_hp_per_floor":[70,70,70,70,70,70,70,70,70,70],"card_choices":[{"not_picked":["All Out Attack","Outmaneuver","Underhanded Strike"],"picked":"SKIP","floor":1},{"not_picked":["Prepared","Dash"],"picked":"Footwork","floor":2},{"not_picked":["Sucker Punch","Cloak And Dagger"],"picked":"Deflect","floor":5},{"not_picked":["Dash","Prepared"],"picked":"Venomology","floor":7}],"player_experience":855080,"relics_obtained":[{"floor":7,"key":"Dodecahedron"},{"floor":9,"key":"Ninja Scroll"}],"event_choices":[{"cards_removed":["Strike_G"],"damage_healed":0,"gold_gain":0,"player_choice":"Offered Basic","damage_taken":0,"max_hp_gain":0,"max_hp_loss":0,"event_name":"Bonfire Elementals","floor":4,"gold_loss":0}],"is_beta":false,"boss_relics":[],"items_purged_floors":[],"is_endless":false,"potions_floor_spawned":[1,5,7],"killed_by":"Exordium Wildlife","ascension_level":5}