{"gold_per_floor":[113,123,134,149,168,168,43,118,118,129,149,249,265,282,282,282],"floor_reached":16,"playtime":1054,"items_purged":["Strike_R"],"score":98,"play_id":"37485b77-8f25-4c39-af67-a8b74cf8dd63","local_time":"20190123012910","is_ascension_mode":false,"campfire_choices":[{"data":"Anger","floor":6,"key":"SMITH"},{"floor":15,"key":"REST"}],"neow_cost":"NONE","seed_source_timestamp":14223752963900,"circlet_count":0,"master_deck":["Strike_R","Strike_R","Strike_R","Strike_R","Defend_R","Defend_R","Defend_R","Defend_R","Bash","Searing Blow","Blood for Blood","Iron Wave","Combust","Anger+1","Shrug It Off","Anger","Spot Weakness","Bloodletting","Headbutt"],"relics":["Burning Blood","Mercury Hourglass"],"potions_floor_usage":[4,4,14,16,16,16],"damage_taken":[{"damage":6,"enemies":"Cultist","floor":1,"turns":3},{"damage":14,"enemies":"2 Louse","floor":2,"turns":3},{"damage":12,"enemies":"Small Slimes","floor":3,"turns":3},{"damage":7,"enemies":"Exordium Wildlife","floor":4,"turns":4},{"damage":12,"enemies":"3 Louse","floor":5,"turns":4},{"damage":2,"enemies":"2 Fungi Beasts","floor":10,"turns":3},{"damage":10,"enemies":"Looter","floor":11,"turns":3},{"damage":15,"enemies":"Exordium Wildlife","floor":13,"turns":2},{"damage":5,"enemies":"3 Louse","floor":14,"turns":2},{"damage":66,"enemies":"The Guardian","floor":16,"turns":7}],"seed_played":"109154486190796815","potions_obtained":[{"floor":0,"key":"SneckoOil"},{"floor":0,"key":"Fire Potion"},{"floor":0,"key":"SpeedPotion"},{"floor":2,"key":"SpeedPotion"},{"floor":4,"key":"GamblersBrew"},{"floor":13,"key":"Strength Potion"},{"floor":14,"key":"Strength Potion"}],"is_trial":false,"path_per_floor":["M","M","M","M","M","R","$","?","T","M","M","?","M","M","R","B"],"character_chosen":"IRONCLAD","items_purchased":["Shrug It Off"],"campfire_rested":1,"item_purchase_floors":[7],"current_hp_per_floor":[80,72,66,65,59,59,59,48,48,52,48,48,39,40,64,0],"gold":282,"neow_bonus":"THREE_SMALL_POTIONS","is_prod":false,"is_daily":false,"chose_seed":false,"campfire_upgraded":1,"win_rate":0.0,"timestamp":1548235750,"path_taken":["M","M","M","M","?","R","$","?","T","M","M","?","M","?","R","BOSS"],"build_version":"2019-01-17v2","purchased_purges":1,"victory":false,"max_hp_per_floor":[80,80,80,80,80,80,80,80,80,80,80,80,80,80,80,80],"card_choices":[{"not_picked":["Heavy Blade","Warcry"],"picked":"Searing Blow","floor":1},{"not_picked":["Heavy Blade","Reckless Charge"],"picked":"Blood for Blood","floor":2},{"not_picked":["Perfected Strike","Hemokinesis"],"picked":"Iron Wave","floor":3},{"not_picked":["Thunderclap","Iron Wave"],"picked":"Combust","floor":4},{"not_picked":["Carnage","True Grit"],"picked":"Anger","floor":5},{"not_picked":["Dark Embrace","Combust"],"picked":"Anger","floor":10},{"not_picked":["Wild Strike","Twin Strike"],"picked":"Spot Weakness","floor":11},{"not_picked":["True Grit","Intimidate"],"picked":"Bloodletting","floor":13},{"not_picked":["Body Slam","Offering"],"picked":"Headbutt","floor":14}],"player_experience":47983,"relics_obtained":[{"floor":9,"key":"Mercury Hourglass"}],"event_choices":[{"damage_healed":0,"gold_gain":75,"player_choice":"Gather Gold","damage_taken":11,"max_hp_gain":0,"max_hp_loss":0,"event_name":"World of Goop","floor":8,"gold_loss":0},{"damage_healed":0,"gold_gain":100,"player_choice":"Gold","damage_taken":0,"max_hp_gain":0,"max_hp_loss":0,"event_name":"Wheel of Change","floor":12,"gold_loss":0}],"is_beta":false,"boss_relics":[],"items_purged_floors":[7],"is_endless":false,"potions_floor_spawned":[2,3,4,13,14],"killed_by":"The Guardian","ascension_level":0}