{"path_per_floor":["M","?","M","?","?","E","R","E","T","M","R","M","M","E","R","B",null,"M","$","M","$","?","E","R","E","T","?","$"],"character_chosen":"DEFECT","items_purchased":[],"gold_per_floor":[17,17,35,35,35,61,61,93,93,110,110,122,133,192,192,287,287,212,137,137,37,37,37,37,37,37,0,0,0],"floor_reached":29,"campfire_rested":2,"playtime":2098,"item_purchase_floors":[],"current_hp_per_floor":[70,70,68,68,61,61,61,29,29,28,28,22,15,15,37,27,75,58,58,56,56,56,18,40,40,40,40,40,0],"items_purged":["Defend_B","Defend_B"],"gold":0,"score":378,"play_id":"c4cfa97b-a7ff-41f1-b7b2-5149d7d7b6e7","local_time":"20180620170701","is_prod":false,"is_daily":false,"chose_seed":false,"is_ascension_mode":true,"campfire_upgraded":2,"win_rate":0,"timestamp":1529536021,"campfire_choices":[{"data":"Loop","floor":7,"key":"SMITH"},{"data":"Zap","floor":11,"key":"SMITH"},{"floor":15,"key":"REST"},{"floor":24,"key":"REST"}],"path_taken":["M","?","M","?","?","E","R","E","T","?","R","M","M","E","R","BOSS","M","$","?","$","?","E","R","E","T","?","?","E"],"build_version":"2018-06-14v2","seed_source_timestamp":414308285416698,"purchased_purges":2,"victory":false,"master_deck":["Strike_B","Defend_B+1","Defend_B","Zap+1","Dualcast+1","Hello World","Compile Driver","Loop+1","Machine Learning","Defragment+1","BootSequence","Conserve Battery","Reboot","Ball Lightning","Redo","Sunder+1"],"max_hp_per_floor":[75,75,75,75,75,75,75,75,75,75,75,75,75,75,75,75,75,75,75,75,75,75,75,75,75,75,75,75,75],"relics":["Cracked Core","Frozen Egg 2","Orichalcum","Pantograph","Tiny Chest","Ectoplasm","War Paint","Bottled Tornado","Ginger"],"card_choices":[{"not_picked":["Cold Snap","Coolheaded"],"picked":"Loop","floor":1},{"not_picked":["Sweeping Beam","Barrage","Steam Power"],"picked":"SKIP","floor":3},{"not_picked":["Recycle","Meteor Strike"],"picked":"Defragment","floor":6},{"not_picked":["Doom and Gloom","Melter","Turbo"],"picked":"SKIP","floor":8},{"not_picked":["Leap","Hologram","Coolheaded"],"picked":"SKIP","floor":10},{"not_picked":["Coolheaded","Turbo","Hello World+1"],"picked":"SKIP","floor":12},{"not_picked":["Aggregate","Conserve Battery"],"picked":"BootSequence","floor":13},{"not_picked":["Sunder","Coolheaded"],"picked":"Conserve Battery","floor":14},{"not_picked":["All For One","Seek"],"picked":"Reboot","floor":16},{"not_picked":["Rip and Tear","Gash+1","Static Discharge+1"],"picked":"SKIP","floor":18},{"not_picked":["Sweeping Beam+1","Compile Driver"],"picked":"Ball Lightning","floor":20},{"not_picked":["Rip and Tear","Sweeping Beam"],"picked":"Redo","floor":23},{"not_picked":["BootSequence+1","Barrage"],"picked":"Sunder+1","floor":25}],"player_experience":161972,"potions_floor_usage":[6,6,12,14,14,23],"damage_taken":[{"damage":5,"enemies":"Small Slimes","floor":1,"turns":3},{"damage":2,"enemies":"2 Louse","floor":3,"turns":3},{"damage":15,"enemies":"3 Sentries","floor":6,"turns":7},{"damage":32,"enemies":"Gremlin Nob","floor":8,"turns":4},{"damage":1,"enemies":"Cultist","floor":10,"turns":3},{"damage":6,"enemies":"Large Slime","floor":12,"turns":3},{"damage":7,"enemies":"Blue Slaver","floor":13,"turns":3},{"damage":0,"enemies":"Lagavulin","floor":14,"turns":4},{"damage":35,"enemies":"Hexaghost","floor":16,"turns":8},{"damage":17,"enemies":"2 Thieves","floor":18,"turns":5},{"damage":2,"enemies":"Chosen","floor":20,"turns":4},{"damage":38,"enemies":"Slavers","floor":23,"turns":5},{"damage":0,"enemies":"Gremlin Leader","floor":25,"turns":7},{"damage":47,"enemies":"Slavers","floor":29,"turns":3}],"relics_obtained":[{"floor":6,"key":"Frozen Egg 2"},{"floor":8,"key":"Orichalcum"},{"floor":9,"key":"Pantograph"},{"floor":14,"key":"Tiny Chest"},{"floor":23,"key":"War Paint"},{"floor":25,"key":"Bottled Tornado"},{"floor":26,"key":"Ginger"}],"event_choices":[{"event_name":"The Cleric","player_choice":"Leave","floor":2,"damage_taken":0},{"event_name":"Match and Keep!","player_choice":"1 cards matched","floor":4,"damage_taken":0},{"event_name":"Golden Wing","player_choice":"Card Removal","floor":5,"damage_taken":0},{"event_name":"Beggar","player_choice":"Ignored","floor":22,"damage_taken":0},{"event_name":"Masked Bandits","player_choice":"Paid Bandits 37 gold","floor":27,"damage_taken":0}],"boss_relics":[{"not_picked":["Busted Crown","Orrery"],"picked":"Ectoplasm"}],"items_purged_floors":[19,21],"is_endless":false,"potions_floor_spawned":[1,3,8,12,13,20],"seed_played":"-8115539911353494968","killed_by":"Slavers","ascension_level":3,"potions_obtained":[{"floor":1,"key":"Fire Potion"},{"floor":3,"key":"Regen Potion"},{"floor":8,"key":"Block Potion"},{"floor":12,"key":"PowerPotion"},{"floor":13,"key":"PowerPotion"},{"floor":20,"key":"Ancient Potion"}],"is_trial":false}