{"gold_per_floor":[117,117,42,42,90,116,116,16,16,16,16,43,43,74,74,175,175],"floor_reached":17,"playtime":542,"items_purged":["Creative AI","Thunder Strike"],"score":230,"play_id":"5ad9632d-acb9-44f7-b9eb-525be8d7307a","local_time":"20181022181823","daily_mods":["Shiny","Vintage","Heirloom","Time Dilation","Flight"],"is_ascension_mode":true,"campfire_choices":[{"data":"Fission","floor":7,"key":"SMITH"},{"data":"Buffer","floor":10,"key":"SMITH"},{"data":"Seek","floor":13,"key":"SMITH"},{"data":"Multi-Cast","floor":15,"key":"SMITH"}],"neow_cost":"","seed_source_timestamp":0,"circlet_count":0,"master_deck":["Multi-Cast+1","Hyperbeam","Biased Cognition","Machine Learning","Electrodynamics","Buffer+1","Seek+1","Meteor Strike","Echo Form","All For One","Reboot","Amplify","Fission+1","Core Surge","Meteor Strike","Decay"],"relics":["Unceasing Top","Incense Burner","Matryoshka","Tiny Chest","Centennial Puzzle","Ancient Tea Set","Omamori","Bag of Preparation","Shuriken","Thread and Needle","Dream Catcher","Art of War","Calling Bell","PreservedInsect","Ornamental Fan","Dead Branch"],"potions_floor_usage":[16],"damage_taken":[{"damage":0,"enemies":"Small Slimes","floor":1,"turns":1},{"damage":0,"enemies":"2 Louse","floor":5,"turns":1},{"damage":16,"enemies":"Gremlin Nob","floor":6,"turns":4},{"damage":0,"enemies":"Lagavulin","floor":12,"turns":2},{"damage":0,"enemies":"Gremlin Nob","floor":14,"turns":1},{"damage":20,"enemies":"Hexaghost","floor":16,"turns":5}],"seed_played":"-613059133827465619","potions_obtained":[{"floor":6,"key":"SteroidPotion"},{"floor":12,"key":"Ancient Potion"},{"floor":14,"key":"SkillPotion"}],"is_trial":true,"path_per_floor":["M","?","$","?","M","E","R","$","T","R","T","E","R","E","R","B"],"character_chosen":"DEFECT","items_purchased":[],"campfire_rested":0,"item_purchase_floors":[],"current_hp_per_floor":[75,80,80,73,73,57,57,57,57,57,57,57,57,57,57,37,80],"gold":175,"neow_bonus":"","is_prod":false,"is_daily":false,"chose_seed":false,"campfire_upgraded":4,"win_rate":0,"timestamp":1540246703,"path_taken":["M","?","$","?","?","E","R","$","T","R","?","E","R","E","R","BOSS"],"build_version":"2018-10-19","purchased_purges":2,"victory":false,"max_hp_per_floor":[75,80,80,80,80,80,80,80,80,80,80,80,80,80,80,80,80],"card_choices":[{"not_picked":["Storm","Streamline"],"picked":"Meteor Strike","floor":6},{"not_picked":["Double Energy","Cold Snap","Leap"],"picked":"SKIP","floor":12},{"not_picked":["Storm","Barrage","Beam Cell"],"picked":"SKIP","floor":14}],"player_experience":520306,"relics_obtained":[{"floor":1,"key":"Matryoshka"},{"floor":5,"key":"Tiny Chest"},{"floor":6,"key":"Centennial Puzzle"},{"floor":9,"key":"Ancient Tea Set"},{"floor":9,"key":"Omamori"},{"floor":11,"key":"Bag of Preparation"},{"floor":11,"key":"Shuriken"},{"floor":12,"key":"Thread and Needle"},{"floor":14,"key":"Dream Catcher"},{"floor":16,"key":"Art of War"},{"floor":17,"key":"PreservedInsect"},{"floor":17,"key":"Ornamental Fan"},{"floor":17,"key":"Dead Branch"}],"event_choices":[{"damage_healed":0,"gold_gain":0,"player_choice":"Donut","damage_taken":0,"max_hp_gain":5,"max_hp_loss":0,"event_name":"Big Fish","floor":2,"gold_loss":0},{"cards_removed":["Rainbow"],"damage_healed":0,"gold_gain":0,"player_choice":"Card Removal","damage_taken":7,"max_hp_gain":0,"max_hp_loss":0,"event_name":"Golden Wing","floor":4,"gold_loss":0}],"is_beta":true,"boss_relics":[{"not_picked":["Nuclear Battery","Lizard Tail"],"picked":"Calling Bell"}],"items_purged_floors":[3,8],"is_endless":false,"potions_floor_spawned":[6,12,14],"ascension_level":1}