{"gold_per_floor":[109,42,56,5,5,44,74,74,74,99,99,135,135,166,166,287,287,307,323,347,28,44,87,87,155,178,21,21,21,21,57,57,183,183,203,222,240,259,259,294,313,313,313,353,353,384,132,151,151,151],"floor_reached":50,"playtime":3668,"items_purged":["Defend_R","Defend_R"],"score":984,"play_id":"20d691fc-3e2c-4f18-9b12-84cd04a6a373","local_time":"20190125171132","is_ascension_mode":true,"campfire_choices":[{"data":"Uppercut","floor":8,"key":"SMITH"},{"data":"Metallicize","floor":11,"key":"SMITH"},{"data":"Carnage","floor":13,"key":"SMITH"},{"data":"Disarm","floor":15,"key":"SMITH"},{"floor":28,"key":"REST"},{"floor":29,"key":"REST"},{"data":"Enlightenment","floor":32,"key":"SMITH"},{"floor":42,"key":"REST"},{"floor":45,"key":"REST"},{"floor":49,"key":"REST"}],"neow_cost":"NONE","seed_source_timestamp":589218729797756,"circlet_count":0,"master_deck":["AscendersBane","Strike_R","Strike_R","Strike_R","Strike_R","Defend_R","Defend_R","Bash","Carnage+1","Uppercut+1","Warcry","Shrug It Off","Metallicize+1","Disarm+1","Double Tap+1","Battle Trance+1","Combust+1","Headbutt","Enlightenment+1","Shockwave","Metallicize","Impervious","Shrug It Off","Offering","Shrug It Off+1","Cleave","Whirlwind","Offering"],"relics":["Burning Blood","NeowsBlessing","Golden Idol","Happy Flower","Odd Mushroom","Sundial","WingedGreaves","Champion Belt","Cursed Key","Omamori","Tiny Chest","Dream Catcher","Ice Cream","Snecko Eye","Boot","Turnip","Unceasing Top","Bottled Tornado"],"potions_floor_usage":[7,12,22,23,33,33,33,44,50],"damage_taken":[{"damage":0,"enemies":"Cultist","floor":1,"turns":1},{"damage":0,"enemies":"Jaw Worm","floor":3,"turns":1},{"damage":0,"enemies":"Gremlin Nob","floor":6,"turns":1},{"damage":11,"enemies":"The Mushroom Lair","floor":7,"turns":4},{"damage":0,"enemies":"2 Louse","floor":10,"turns":3},{"damage":17,"enemies":"3 Sentries","floor":12,"turns":8},{"damage":16,"enemies":"Gremlin Nob","floor":14,"turns":4},{"damage":14,"enemies":"The Guardian","floor":16,"turns":13},{"damage":1,"enemies":"3 Byrds","floor":18,"turns":6},{"damage":3,"enemies":"Shell Parasite","floor":19,"turns":3},{"damage":24,"enemies":"Snake Plant","floor":20,"turns":4},{"damage":22,"enemies":"Centurion and Healer","floor":22,"turns":4},{"damage":50,"enemies":"Gremlin Leader","floor":23,"turns":6},{"damage":8,"enemies":"Book of Stabbing","floor":25,"turns":6},{"damage":18,"enemies":"Gremlin Leader","floor":31,"turns":4},{"damage":37,"enemies":"Automaton","floor":33,"turns":10},{"damage":5,"enemies":"Orb Walker","floor":35,"turns":3},{"damage":28,"enemies":"3 Darklings","floor":36,"turns":5},{"damage":9,"enemies":"Transient","floor":37,"turns":5},{"damage":6,"enemies":"Maw","floor":38,"turns":7},{"damage":17,"enemies":"Nemesis","floor":40,"turns":8},{"damage":11,"enemies":"Jaw Worm Horde","floor":41,"turns":5},{"damage":23,"enemies":"Reptomancer","floor":44,"turns":9},{"damage":7,"enemies":"Giant Head","floor":46,"turns":7},{"damage":21,"enemies":"3 Darklings","floor":48,"turns":5},{"damage":65,"enemies":"Awakened One","floor":50,"turns":7}],"seed_played":"-4966587418188972190","potions_obtained":[{"floor":1,"key":"Strength Potion"},{"floor":6,"key":"Energy Potion"},{"floor":7,"key":"PowerPotion"},{"floor":16,"key":"Swift Potion"},{"floor":18,"key":"Regen Potion"},{"floor":25,"key":"AttackPotion"},{"floor":31,"key":"AttackPotion"},{"floor":35,"key":"Energy Potion"},{"floor":40,"key":"SkillPotion"},{"floor":41,"key":"SpeedPotion"},{"floor":44,"key":"Weak Potion"}],"is_trial":false,"path_per_floor":["M","$","M","$","?","E","?","R","T","M","R","E","R","E","R","B",null,"M","M","M","$","M","E","?","E","T","$","R","R","$","E","R","B",null,"M","M","M","M","?","E","M","R","T","E","R","E","$","M","R","B"],"character_chosen":"IRONCLAD","items_purchased":["Uppercut","Shrug It Off","Enlightenment","Shockwave","Metallicize","Impervious","Whirlwind","Offering"],"campfire_rested":5,"item_purchase_floors":[2,4,21,21,21,27,47,47],"current_hp_per_floor":[78,78,80,80,60,66,61,61,61,67,67,56,56,46,46,38,70,75,78,60,60,44,15,15,13,13,13,37,61,61,49,49,18,65,66,44,41,41,41,30,25,49,49,32,56,55,55,40,64,0],"gold":151,"neow_bonus":"THREE_ENEMY_KILL","is_prod":false,"is_daily":false,"chose_seed":false,"campfire_upgraded":5,"win_rate":0,"timestamp":1548457892,"path_taken":["M","$","?","?","?","E","?","R","T","M","R","E","R","E","R","BOSS","M","M","M","$","M","E","?","E","T","?","R","R","?","E","R","BOSS","M","M","M","M","?","E","?","R","T","E","R","E","$","M","R","BOSS"],"build_version":"2019-01-23","purchased_purges":2,"victory":false,"max_hp_per_floor":[80,80,80,80,80,80,80,80,80,80,80,80,80,80,80,80,80,80,80,80,80,80,80,80,80,80,80,80,80,80,80,80,80,80,80,80,80,80,80,80,80,80,80,80,80,80,80,80,80,80],"card_choices":[{"not_picked":["Anger","Heavy Blade"],"picked":"Carnage","floor":1},{"not_picked":["Shockwave","Dual Wield"],"picked":"Warcry","floor":3},{"not_picked":["Wild Strike","True Grit"],"picked":"Metallicize","floor":6},{"not_picked":["Fire Breathing","Clothesline"],"picked":"Disarm","floor":10},{"not_picked":["Metallicize","Flex"],"picked":"Double Tap","floor":12},{"not_picked":["Clothesline","Twin Strike","Pommel Strike"],"picked":"SKIP","floor":14},{"not_picked":["Rage+1","Sever Soul"],"picked":"Battle Trance+1","floor":18},{"not_picked":["Rage","Inflame+1"],"picked":"Combust+1","floor":19},{"not_picked":["Heavy Blade+1","Clash"],"picked":"Headbutt","floor":20},{"not_picked":["Fire Breathing","Anger","Blood for Blood+1"],"picked":"SKIP","floor":22},{"not_picked":["Flex+1","Armaments","True Grit"],"picked":"SKIP","floor":23},{"not_picked":["Heavy Blade","Twin Strike","Warcry"],"picked":"SKIP","floor":25},{"not_picked":["Flame Barrier","Anger"],"picked":"Shrug It Off","floor":29},{"not_picked":["Spot Weakness","Sword Boomerang+1","Armaments"],"picked":"SKIP","floor":31},{"not_picked":["Double Tap","Barricade"],"picked":"Offering","floor":33},{"not_picked":["Warcry+1","Shockwave+1","Heavy Blade+1"],"picked":"SKIP","floor":35},{"not_picked":["Headbutt","Dual Wield","Havoc"],"picked":"SKIP","floor":36},{"not_picked":["Sever Soul","Sword Boomerang+1","Ghostly Armor+1"],"picked":"SKIP","floor":37},{"not_picked":["Perfected Strike+1","Bloodletting+1"],"picked":"Shrug It Off+1","floor":38},{"not_picked":["Warcry","Twin Strike+1","Shrug It Off"],"picked":"SKIP","floor":40},{"not_picked":["Iron Wave","Pommel Strike"],"picked":"Cleave","floor":41},{"not_picked":["Flex+1","Perfected Strike","Warcry"],"picked":"SKIP","floor":44},{"not_picked":["Clash+1","Pommel Strike+1","Reckless Charge"],"picked":"SKIP","floor":46},{"not_picked":["True Grit","Anger+1","Clash"],"picked":"SKIP","floor":48}],"player_experience":209825,"relics_obtained":[{"floor":6,"key":"Happy Flower"},{"floor":7,"key":"Odd Mushroom"},{"floor":9,"key":"Sundial"},{"floor":12,"key":"WingedGreaves"},{"floor":14,"key":"Champion Belt"},{"floor":23,"key":"Omamori"},{"floor":25,"key":"Tiny Chest"},{"floor":26,"key":"Dream Catcher"},{"floor":31,"key":"Ice Cream"},{"floor":40,"key":"Boot"},{"floor":43,"key":"Turnip"},{"floor":44,"key":"Unceasing Top"},{"floor":46,"key":"Bottled Tornado"}],"event_choices":[{"damage_healed":0,"gold_gain":0,"player_choice":"Take Damage","damage_taken":20,"relics_obtained":["Golden Idol"],"max_hp_gain":0,"max_hp_loss":0,"event_name":"Golden Idol","floor":5,"gold_loss":0},{"damage_healed":0,"gold_gain":0,"player_choice":"Fought Mushrooms","damage_taken":0,"max_hp_gain":0,"max_hp_loss":0,"event_name":"Mushrooms","floor":7,"gold_loss":0},{"cards_removed":["Strike_R"],"damage_healed":0,"gold_gain":0,"player_choice":"Purged","damage_taken":0,"max_hp_gain":0,"max_hp_loss":0,"event_name":"Purifier","floor":24,"gold_loss":0},{"damage_healed":0,"gold_gain":0,"player_choice":"Upgraded","damage_taken":0,"max_hp_gain":0,"max_hp_loss":0,"event_name":"Upgrade Shrine","floor":39,"gold_loss":0,"cards_upgraded":["Double Tap"]}],"is_beta":false,"boss_relics":[{"not_picked":["Lizard Tail","Busted Crown"],"picked":"Cursed Key"},{"not_picked":["Calling Bell","Runic Pyramid"],"picked":"Snecko Eye"}],"items_purged_floors":[21,47],"is_endless":false,"potions_floor_spawned":[1,6,7,16,18,25,31,35,40,41,44,48],"killed_by":"Awakened One","ascension_level":10}