{"gold_per_floor":[109,109,130,130,130,168,168,10,35,48,48,62,62,75,75,205,205,220,240,240,89,49,49,63,81,81,100,100,100,115,150,150,150],"floor_reached":33,"playtime":4488,"items_purged":[],"score":247,"play_id":"9adae842-328c-4e9b-9e22-7504ed5ed2bc","local_time":"20190201142937","is_ascension_mode":false,"campfire_choices":[{"floor":7,"key":"REST"},{"data":"Loop","floor":11,"key":"SMITH"},{"data":"Doom and Gloom","floor":13,"key":"SMITH"},{"data":"Thunder Strike","floor":15,"key":"SMITH"},{"floor":23,"key":"REST"},{"floor":29,"key":"REST"},{"floor":32,"key":"REST"}],"neow_cost":"NONE","seed_source_timestamp":1193644907239244,"circlet_count":0,"master_deck":["Strike_B+1","Defend_B+1","Defend_B+1","Defend_B+1","Defend_B+1","Zap+1","Dualcast","Stack","Coolheaded","Cold Snap+1","Loop+1","Doom and Gloom+1","Cold Snap","Doom and Gloom+1","Thunder Strike+1","Rainbow","Reboot+1","Thunder Strike+1","Streamline+1","Hologram+1","Defragment","Defragment","Blizzard+1","Streamline+1","Force Field+1","Glacier+1","Redo+1","Ball Lightning+1"],"relics":["Cracked Core","War Paint","Bloody Idol","Art of War","Lantern","Whetstone","Astrolabe","Potion Belt","Red Mask"],"potions_floor_usage":[6,12,25,30,30,31,31],"damage_taken":[{"damage":0,"enemies":"Cultist","floor":1,"turns":3},{"damage":0,"enemies":"Small Slimes","floor":3,"turns":2},{"damage":2,"enemies":"Lagavulin","floor":6,"turns":9},{"damage":5,"enemies":"2 Louse","floor":10,"turns":2},{"damage":2,"enemies":"Blue Slaver","floor":12,"turns":3},{"damage":2,"enemies":"Large Slime","floor":14,"turns":4},{"damage":1,"enemies":"The Guardian","floor":16,"turns":11},{"damage":33,"enemies":"3 Byrds","floor":18,"turns":7},{"damage":8,"enemies":"Shell Parasite","floor":19,"turns":8},{"damage":12,"enemies":"Snake Plant","floor":24,"turns":5},{"damage":0,"enemies":"Snecko","floor":25,"turns":3},{"damage":21,"enemies":"Cultist and Chosen","floor":27,"turns":8},{"damage":28,"enemies":"3 Cultists","floor":30,"turns":7},{"damage":27,"enemies":"Masked Bandits","floor":31,"turns":7},{"damage":34,"enemies":"Champ","floor":33,"turns":12}],"seed_played":"-3327848118989023236","potions_obtained":[{"floor":1,"key":"EssenceOfSteel"},{"floor":6,"key":"Poison Potion"},{"floor":10,"key":"EssenceOfSteel"},{"floor":18,"key":"Poison Potion"},{"floor":25,"key":"Poison Potion"},{"floor":27,"key":"SkillPotion"},{"floor":30,"key":"Strength Potion"}],"is_trial":false,"path_per_floor":["M","?","M","?","?","E","R","$","T","M","R","M","R","M","R","B",null,"M","M","?","$","?","R","M","M","T","M","?","R","M","?","R","B"],"character_chosen":"DEFECT","items_purchased":["Loop","Doom and Gloom","Defragment","Blizzard"],"campfire_rested":4,"item_purchase_floors":[8,8,21,21],"current_hp_per_floor":[75,57,57,50,55,53,77,77,77,72,72,70,70,68,68,67,80,47,39,39,39,39,63,51,51,51,30,30,54,31,9,33,0],"gold":150,"neow_bonus":"RANDOM_COMMON_RELIC","is_prod":false,"is_daily":false,"chose_seed":false,"campfire_upgraded":3,"win_rate":0.0,"timestamp":1549027777,"path_taken":["M","?","M","?","?","E","R","$","T","?","R","M","R","M","R","BOSS","M","M","?","$","?","R","M","M","T","?","?","R","M","?","R","BOSS"],"build_version":"2019-01-23","purchased_purges":0,"victory":false,"max_hp_per_floor":[75,75,75,75,80,80,80,80,80,80,80,80,80,80,80,80,80,80,80,80,80,80,80,80,80,80,80,80,80,80,80,80,80],"card_choices":[{"not_picked":["Aggregate","Rip and Tear"],"picked":"Stack","floor":1},{"not_picked":["Compile Driver","Stack"],"picked":"Coolheaded","floor":3},{"not_picked":["Storm","Double Energy"],"picked":"Cold Snap","floor":6},{"not_picked":["Streamline","Hello World"],"picked":"Cold Snap","floor":10},{"not_picked":["Defragment","Reprogram"],"picked":"Doom and Gloom","floor":12},{"not_picked":["Rip and Tear","Compile Driver"],"picked":"Thunder Strike","floor":14},{"not_picked":["Biased Cognition","Buffer"],"picked":"Rainbow","floor":16},{"not_picked":["Rip and Tear","Compile Driver+1"],"picked":"Hologram+1","floor":18},{"not_picked":["Leap","Rip and Tear"],"picked":"Defragment","floor":19},{"not_picked":["Fusion","Steam"],"picked":"Streamline+1","floor":24},{"not_picked":["Gash","Chill"],"picked":"Force Field+1","floor":25},{"not_picked":["Conserve Battery","Streamline"],"picked":"Glacier+1","floor":27},{"not_picked":["Stack","Conserve Battery"],"picked":"Redo+1","floor":30},{"not_picked":["Redo","Force Field"],"picked":"Ball Lightning+1","floor":31}],"player_experience":50714,"relics_obtained":[{"floor":6,"key":"Lantern"},{"floor":9,"key":"Whetstone"},{"floor":26,"key":"Potion Belt"},{"floor":31,"key":"Red Mask"}],"event_choices":[{"damage_healed":0,"gold_gain":0,"player_choice":"Take Damage","damage_taken":18,"relics_obtained":["Golden Idol"],"max_hp_gain":0,"max_hp_loss":0,"event_name":"Golden Idol","floor":2,"gold_loss":0},{"damage_healed":0,"gold_gain":0,"player_choice":"Success","damage_taken":7,"relics_obtained":["Art of War"],"max_hp_gain":0,"max_hp_loss":0,"event_name":"Scrap Ooze","floor":4,"gold_loss":0},{"damage_healed":0,"gold_gain":0,"player_choice":"Donut","damage_taken":0,"max_hp_gain":5,"max_hp_loss":0,"event_name":"Big Fish","floor":5,"gold_loss":0},{"damage_healed":0,"gold_gain":0,"player_choice":"Simplicity","damage_taken":0,"max_hp_gain":0,"max_hp_loss":0,"event_name":"Back to Basics","floor":20,"gold_loss":0,"cards_upgraded":["Strike_B","Defend_B","Defend_B","Defend_B"]},{"damage_healed":0,"gold_gain":0,"player_choice":"Upgraded Two","damage_taken":0,"max_hp_gain":0,"max_hp_loss":0,"event_name":"Designer","floor":22,"gold_loss":40,"cards_upgraded":["Blizzard","Doom and Gloom"]},{"damage_healed":0,"gold_gain":0,"player_choice":"Gave Idol","damage_taken":0,"relics_obtained":["Bloody Idol"],"max_hp_gain":0,"max_hp_loss":0,"event_name":"Forgotten Altar","floor":28,"relics_lost":["Golden Idol"],"gold_loss":0},{"damage_healed":0,"gold_gain":0,"player_choice":"Fought Bandits","damage_taken":0,"max_hp_gain":0,"max_hp_loss":0,"event_name":"Masked Bandits","floor":31,"gold_loss":0}],"is_beta":false,"boss_relics":[{"not_picked":["White Beast Statue","Calling Bell"],"picked":"Astrolabe"}],"items_purged_floors":[],"is_endless":false,"potions_floor_spawned":[1,6,10,18,25,27,30],"killed_by":"Champ","ascension_level":0}