{"gold_per_floor":[18,18,34,54,73,73,85,110,110,121,151,151,161,225,225,326,326,336,336,436,151,170,170,198,198,254,254,254,287,105,116,116,216,216,234,334,346,346,346],"floor_reached":39,"playtime":4039,"items_purged":["Writhe","Normality"],"score":493,"play_id":"9ed2847d-7ba8-4bf9-9d57-986984017f47","local_time":"20181115140103","is_ascension_mode":true,"campfire_choices":[{"data":"Armaments","floor":6,"key":"SMITH"},{"data":"Havoc","floor":12,"key":"SMITH"},{"data":"Shrug It Off","floor":15,"key":"SMITH"},{"data":"Mayhem","floor":23,"key":"SMITH"},{"data":"Double Tap","floor":25,"key":"SMITH"},{"data":"Shrug It Off","floor":27,"key":"SMITH"},{"data":"Enlightenment","floor":32,"key":"SMITH"}],"neow_cost":"NO_GOLD","seed_source_timestamp":39165330004269,"circlet_count":0,"master_deck":["Strike_R","Strike_R","Strike_R","Defend_R","Defend_R","Defend_R","Bash","Ghostly Armor","Armaments+1","Dropkick","Shrug It Off+1","Headbutt","Headbutt","Havoc+1","Blood for Blood+1","Clothesline+1","Double Tap+1","Searing Blow+1","Mayhem+1","Shrug It Off+1","Headbutt+1","Pommel Strike+1","Uppercut+1","Enlightenment+1","Bludgeon+1","Clothesline+1","Warcry+1","Warcry+1"],"relics":["Burning Blood","Vajra","Blood Vial","Dream Catcher","Molten Egg 2","Gambling Chip","Cursed Key","Centennial Puzzle","Ancient Tea Set","Tiny Chest","Bronze Scales","Runic Dome","FossilizedHelix"],"potions_floor_usage":[11,14,14,22,33,39],"damage_taken":[{"damage":4,"enemies":"2 Louse","floor":1,"turns":4},{"damage":1,"enemies":"Cultist","floor":3,"turns":3},{"damage":5,"enemies":"Small Slimes","floor":4,"turns":3},{"damage":15,"enemies":"2 Fungi Beasts","floor":5,"turns":3},{"damage":7,"enemies":"Looter","floor":7,"turns":3},{"damage":27,"enemies":"Gremlin Nob","floor":8,"turns":5},{"damage":0,"enemies":"Gremlin Gang","floor":10,"turns":6},{"damage":20,"enemies":"Lagavulin","floor":11,"turns":5},{"damage":2,"enemies":"3 Louse","floor":13,"turns":3},{"damage":27,"enemies":"Gremlin Nob","floor":14,"turns":4},{"damage":30,"enemies":"The Guardian","floor":16,"turns":10},{"damage":5,"enemies":"Shell Parasite","floor":18,"turns":6},{"damage":0,"enemies":"3 Byrds","floor":22,"turns":3},{"damage":2,"enemies":"Book of Stabbing","floor":24,"turns":3},{"damage":19,"enemies":"Slavers","floor":29,"turns":6},{"damage":11,"enemies":"Sentry and Sphere","floor":31,"turns":3},{"damage":40,"enemies":"Automaton","floor":33,"turns":7},{"damage":0,"enemies":"Orb Walker","floor":35,"turns":3},{"damage":36,"enemies":"Mind Bloom Boss Battle","floor":36,"turns":3},{"damage":18,"enemies":"3 Darklings","floor":37,"turns":5},{"damage":47,"enemies":"Sphere and 2 Shapes","floor":39,"turns":5}],"seed_played":"-4440714799707038633","potions_obtained":[{"floor":1,"key":"SkillPotion"},{"floor":3,"key":"SkillPotion"},{"floor":4,"key":"LiquidBronze"},{"floor":11,"key":"Fire Potion"},{"floor":13,"key":"Weak Potion"},{"floor":24,"key":"Swift Potion"},{"floor":29,"key":"Weak Potion"},{"floor":33,"key":"SteroidPotion"},{"floor":36,"key":"GamblersBrew"}],"is_trial":false,"path_per_floor":["M","?","M","M","M","R","M","E","T","M","E","R","M","?","R","B",null,"M","?","?","$","M","R","E","R","T","R","?","E","$","M","R","B",null,"M","?","M","?","M"],"character_chosen":"IRONCLAD","items_purchased":["Mayhem","Shrug It Off","Enlightenment"],"campfire_rested":0,"item_purchase_floors":[21,21,30],"current_hp_per_floor":[80,80,80,80,71,71,70,49,49,57,45,45,51,32,32,10,80,80,80,80,80,80,80,80,80,80,80,65,54,54,51,51,19,85,85,55,45,45,0],"gold":346,"neow_bonus":"REMOVE_TWO","is_prod":false,"is_daily":false,"chose_seed":false,"campfire_upgraded":7,"win_rate":0,"timestamp":1542308463,"path_taken":["M","?","M","M","M","R","M","E","T","?","E","R","M","?","R","BOSS","M","?","?","$","?","R","E","R","T","R","?","E","$","M","R","BOSS","M","?","M","?","M"],"build_version":"2018-11-08","purchased_purges":2,"victory":false,"max_hp_per_floor":[80,80,80,80,80,80,80,80,80,80,80,80,80,80,80,80,80,80,80,80,80,80,80,80,80,80,80,85,85,85,85,85,85,85,85,85,85,85,85],"card_choices":[{"not_picked":["Entrench","Corruption"],"picked":"Clash","floor":1},{"not_picked":["Power Through","Twin Strike"],"picked":"Ghostly Armor","floor":3},{"not_picked":["Flame Barrier","Sword Boomerang"],"picked":"Armaments","floor":4},{"not_picked":["Rampage","True Grit"],"picked":"Dropkick","floor":5},{"not_picked":["Wild Strike","Entrench"],"picked":"Shrug It Off","floor":7},{"not_picked":["Anger","Juggernaut"],"picked":"Headbutt","floor":8},{"not_picked":["Flex","Pommel Strike"],"picked":"Headbutt","floor":10},{"not_picked":["Body Slam","Pommel Strike"],"picked":"Havoc","floor":11},{"not_picked":["Twin Strike+1","Perfected Strike+1"],"picked":"Blood for Blood+1","floor":13},{"not_picked":["Headbutt+1","Battle Trance"],"picked":"Clothesline+1","floor":14},{"not_picked":["Bludgeon+1","Berserk"],"picked":"Double Tap","floor":16},{"not_picked":["Clash+1","Reckless Charge+1"],"picked":"Searing Blow+1","floor":18},{"not_picked":["Second Wind","Rampage+1"],"picked":"Headbutt+1","floor":22},{"not_picked":["Battle Trance","Headbutt+1"],"picked":"Pommel Strike+1","floor":24},{"not_picked":["Headbutt+1","Twin Strike+1"],"picked":"Uppercut+1","floor":29},{"not_picked":["Havoc","True Grit","Twin Strike+1"],"picked":"SKIP","floor":31},{"not_picked":["Double Tap","Reaper+1"],"picked":"Bludgeon+1","floor":33},{"not_picked":["Heavy Blade+1","Seeing Red"],"picked":"Clothesline+1","floor":35},{"not_picked":["Sword Boomerang+1","Shockwave"],"picked":"Warcry+1","floor":36},{"not_picked":["Shrug It Off","Disarm"],"picked":"Warcry+1","floor":37}],"player_experience":264244,"relics_obtained":[{"floor":8,"key":"Blood Vial"},{"floor":9,"key":"Dream Catcher"},{"floor":11,"key":"Molten Egg 2"},{"floor":14,"key":"Gambling Chip"},{"floor":24,"key":"Ancient Tea Set"},{"floor":26,"key":"Tiny Chest"},{"floor":29,"key":"Bronze Scales"},{"floor":36,"key":"FossilizedHelix"}],"event_choices":[{"cards_removed":["Clash"],"damage_healed":0,"gold_gain":0,"player_choice":"Gave Card","damage_taken":0,"relics_obtained":["Vajra"],"max_hp_gain":0,"max_hp_loss":0,"event_name":"WeMeetAgain","floor":2,"gold_loss":0},{"damage_healed":0,"gold_gain":0,"player_choice":"Searched \u00272\u0027 times","damage_taken":0,"max_hp_gain":0,"max_hp_loss":0,"event_name":"Dead Adventurer","floor":14,"gold_loss":0},{"damage_healed":0,"gold_gain":0,"player_choice":"Opened","damage_taken":0,"relics_obtained":["Centennial Puzzle"],"max_hp_gain":0,"max_hp_loss":0,"event_name":"The Mausoleum","floor":19,"gold_loss":0,"cards_obtained":["Writhe"]},{"damage_healed":0,"gold_gain":100,"player_choice":"Pray","damage_taken":0,"max_hp_gain":0,"max_hp_loss":0,"event_name":"Golden Shrine","floor":20,"gold_loss":0},{"damage_healed":0,"gold_gain":0,"player_choice":"Shed Blood","damage_taken":20,"max_hp_gain":5,"max_hp_loss":0,"event_name":"Forgotten Altar","floor":28,"gold_loss":0},{"damage_healed":0,"gold_gain":0,"player_choice":"Fight","damage_taken":0,"max_hp_gain":0,"max_hp_loss":0,"event_name":"MindBloom","floor":36,"gold_loss":0},{"cards_removed":["Strike_R"],"damage_healed":0,"gold_gain":0,"player_choice":"Purged","damage_taken":0,"max_hp_gain":0,"max_hp_loss":0,"event_name":"Purifier","floor":38,"gold_loss":0}],"is_beta":false,"boss_relics":[{"not_picked":["Mark of Pain","Black Star"],"picked":"Cursed Key"},{"not_picked":["Calling Bell","Pandora\u0027s Box"],"picked":"Runic Dome"}],"items_purged_floors":[21,30],"is_endless":false,"potions_floor_spawned":[1,3,4,11,13,24,29,33,36],"killed_by":"Sphere and 2 Shapes","ascension_level":3}