{"gold_per_floor":[115,128,143,143,159,159,194,194,194,194,119,138,150,161,161,161],"floor_reached":16,"playtime":576,"items_purged":["Strike_R"],"score":177,"play_id":"7dbb4084-6a4b-491b-8772-cadc379cc985","local_time":"20190103035627","is_ascension_mode":true,"campfire_choices":[{"data":"True Grit","floor":6,"key":"SMITH"},{"floor":8,"key":"REST"},{"floor":10,"key":"REST"},{"floor":15,"key":"REST"}],"neow_cost":"NONE","seed_source_timestamp":900116499840561,"circlet_count":0,"master_deck":["AscendersBane","Strike_R","Strike_R","Strike_R+1","Defend_R","Defend_R","Defend_R","Defend_R","Bash+1","Corruption","Pommel Strike","Sword Boomerang+1","Combust","True Grit+1","Blood for Blood","Carnage","Iron Wave"],"relics":["Burning Blood","Whetstone","Art of War"],"potions_floor_usage":[7,14],"damage_taken":[{"damage":4,"enemies":"2 Louse","floor":1,"turns":3},{"damage":6,"enemies":"Cultist","floor":2,"turns":3},{"damage":7,"enemies":"Jaw Worm","floor":3,"turns":3},{"damage":28,"enemies":"Exordium Wildlife","floor":5,"turns":5},{"damage":45,"enemies":"3 Sentries","floor":7,"turns":7},{"damage":15,"enemies":"Blue Slaver","floor":12,"turns":3},{"damage":2,"enemies":"Large Slime","floor":13,"turns":4},{"damage":11,"enemies":"Gremlin Gang","floor":14,"turns":4},{"damage":64,"enemies":"The Guardian","floor":16,"turns":6}],"seed_played":"839728975720856335","potions_obtained":[{"floor":1,"key":"Ancient Potion"},{"floor":3,"key":"Strength Potion"},{"floor":7,"key":"Poison Potion"}],"is_trial":false,"path_per_floor":["M","M","M","?","M","R","E","R","T","R","$","M","M","M","R","B"],"character_chosen":"IRONCLAD","items_purchased":[],"campfire_rested":3,"item_purchase_floors":[],"current_hp_per_floor":[70,70,69,69,47,47,8,30,30,52,52,43,47,42,64,0],"gold":161,"neow_bonus":"TRANSFORM_CARD","is_prod":false,"is_daily":false,"chose_seed":false,"campfire_upgraded":1,"win_rate":0,"timestamp":1546505787,"path_taken":["M","M","M","?","?","R","E","R","T","R","$","M","M","M","R","BOSS"],"build_version":"2018-12-20","purchased_purges":1,"victory":false,"max_hp_per_floor":[75,75,75,75,75,75,75,75,75,75,75,75,75,75,75,75],"card_choices":[{"not_picked":["Power Through","Sword Boomerang"],"picked":"Pommel Strike","floor":1},{"not_picked":["Heavy Blade","Fire Breathing"],"picked":"Sword Boomerang","floor":2},{"not_picked":["Flame Barrier","Battle Trance"],"picked":"Combust","floor":3},{"not_picked":["Power Through","Twin Strike"],"picked":"True Grit","floor":5},{"not_picked":["Burning Pact","Exhume"],"picked":"Blood for Blood","floor":7},{"not_picked":["Twin Strike","Searing Blow"],"picked":"Carnage","floor":12},{"not_picked":["Perfected Strike","Twin Strike","Reckless Charge"],"picked":"SKIP","floor":13},{"not_picked":["Burning Pact","Pommel Strike"],"picked":"Iron Wave","floor":14}],"player_experience":456357,"relics_obtained":[{"floor":7,"key":"Whetstone"},{"floor":9,"key":"Art of War"}],"event_choices":[{"damage_healed":0,"gold_gain":0,"player_choice":"Forge","damage_taken":0,"max_hp_gain":0,"max_hp_loss":0,"event_name":"Accursed Blacksmith","floor":4,"gold_loss":0,"cards_upgraded":["Bash"]}],"is_beta":false,"boss_relics":[],"items_purged_floors":[11],"is_endless":false,"potions_floor_spawned":[1,3,7],"killed_by":"The Guardian","ascension_level":14}