{"gold_per_floor":[119,119,119,48,69,69,100,100,148,148,73,3,47,12,12,12],"floor_reached":16,"playtime":671,"items_purged":["Strike_R"],"score":127,"play_id":"785c4a89-9a6e-4d60-91f3-8a21c925b76a","local_time":"20190202183122","is_ascension_mode":true,"campfire_choices":[{"data":"Uppercut","floor":6,"key":"SMITH"},{"data":"Shockwave","floor":8,"key":"SMITH"},{"floor":10,"key":"REST"},{"data":"Defend_R","floor":15,"key":"SMITH"}],"neow_cost":"NONE","seed_source_timestamp":7899046351812,"circlet_count":0,"master_deck":["Strike_R","Strike_R","Strike_R+1","Strike_R","Defend_R+1","Defend_R","Defend_R","Defend_R","Bash+1","Shockwave+1","Uppercut+1","Impervious"],"relics":["Burning Blood","Golden Idol","Odd Mushroom","Whetstone","Strawberry"],"potions_floor_usage":[1,5,7,16],"damage_taken":[{"damage":11,"enemies":"Jaw Worm","floor":1,"turns":4},{"damage":0,"enemies":"Small Slimes","floor":5,"turns":3},{"damage":23,"enemies":"The Mushroom Lair","floor":7,"turns":5},{"damage":21,"enemies":"Lagavulin","floor":13,"turns":8},{"damage":81,"enemies":"Hexaghost","floor":16,"turns":12}],"seed_played":"2600567744191252188","potions_obtained":[{"floor":0,"key":"FairyPotion"},{"floor":0,"key":"Swift Potion"},{"floor":0,"key":"Block Potion"},{"floor":1,"key":"Block Potion"},{"floor":5,"key":"LiquidBronze"}],"is_trial":false,"path_per_floor":["M","?","?","$","M","R","?","R","T","R","$","$","E","?","R","B"],"character_chosen":"IRONCLAD","items_purchased":["Uppercut","Impervious"],"campfire_rested":1,"item_purchase_floors":[4,12],"current_hp_per_floor":[67,47,47,47,53,53,36,36,36,60,60,60,52,73,73,0],"gold":12,"neow_bonus":"THREE_SMALL_POTIONS","is_prod":false,"is_daily":false,"chose_seed":false,"campfire_upgraded":3,"win_rate":0,"timestamp":1549099882,"path_taken":["M","?","?","$","?","R","?","R","T","R","?","$","E","?","R","BOSS"],"build_version":"2019-01-23","purchased_purges":1,"victory":false,"max_hp_per_floor":[80,80,80,80,80,80,80,80,80,80,80,80,87,87,87,87],"card_choices":[{"not_picked":["Sword Boomerang","Dual Wield"],"picked":"Shockwave","floor":1},{"not_picked":["Sentinel","True Grit","Seeing Red"],"picked":"SKIP","floor":5},{"not_picked":["Clash","Clothesline","Evolve"],"picked":"SKIP","floor":13}],"player_experience":151349,"relics_obtained":[{"floor":7,"key":"Odd Mushroom"},{"floor":9,"key":"Whetstone"},{"floor":13,"key":"Strawberry"}],"event_choices":[{"damage_healed":0,"gold_gain":0,"player_choice":"Take Damage","damage_taken":20,"relics_obtained":["Golden Idol"],"max_hp_gain":0,"max_hp_loss":0,"event_name":"Golden Idol","floor":2,"gold_loss":0},{"damage_healed":0,"gold_gain":0,"player_choice":"Bought 0 Potions","damage_taken":0,"max_hp_gain":0,"max_hp_loss":0,"event_name":"The Woman in Blue","floor":3,"gold_loss":0},{"damage_healed":0,"gold_gain":0,"player_choice":"Fought Mushrooms","damage_taken":0,"max_hp_gain":0,"max_hp_loss":0,"event_name":"Mushrooms","floor":7,"gold_loss":0},{"damage_healed":21,"gold_gain":0,"player_choice":"Healed","damage_taken":0,"max_hp_gain":0,"max_hp_loss":0,"event_name":"The Cleric","floor":14,"gold_loss":35}],"is_beta":false,"boss_relics":[],"items_purged_floors":[11],"is_endless":false,"potions_floor_spawned":[1,5],"killed_by":"Hexaghost","ascension_level":7}