{"gold_per_floor":[116,116,130,10,20,53,53,83,83,113,42,42,67,17,17,112,112,131,114,66,116,3,3,36,36],"floor_reached":25,"playtime":1914,"items_purged":["Strike_G","Strike_G"],"score":368,"play_id":"5e3ed4aa-2239-4560-b8c2-77e98ad8b5c0","local_time":"20181210225429","is_ascension_mode":true,"campfire_choices":[{"floor":7,"key":"REST"},{"floor":15,"key":"REST"},{"floor":23,"key":"REST"}],"neow_cost":"NONE","seed_source_timestamp":862248497885032,"circlet_count":0,"master_deck":["AscendersBane","Defend_G","Defend_G","Defend_G","Defend_G","Defend_G","Survivor","Neutralize+1","Bouncing Flask+1","Bullet Time+1","Blade Dance+1","Dagger Spray","Terror","Dagger Spray","Flying Knee","Caltrops","Blur","Slice","Skewer","Predator","After Image","Bouncing Flask","Cloak And Dagger","Footwork","PiercingWail","Deflect+1","Deadly Poison","Catalyst","All Out Attack","Concentrate"],"relics":["Astrolabe","Ice Cream","Singing Bowl","Unceasing Top","SsserpentHead","Ornamental Fan","Orrery","Nilry\u0027s Codex","WingedGreaves"],"potions_floor_usage":[6,8,10,18,19,24],"damage_taken":[{"damage":8,"enemies":"2 Louse","floor":1,"turns":5},{"damage":0,"enemies":"Cultist","floor":3,"turns":4},{"damage":4,"enemies":"Small Slimes","floor":5,"turns":3},{"damage":14,"enemies":"3 Sentries","floor":6,"turns":6},{"damage":10,"enemies":"Gremlin Nob","floor":8,"turns":4},{"damage":16,"enemies":"3 Sentries","floor":10,"turns":10},{"damage":15,"enemies":"Lagavulin","floor":13,"turns":5},{"damage":18,"enemies":"The Guardian","floor":16,"turns":8},{"damage":6,"enemies":"Chosen","floor":18,"turns":6},{"damage":19,"enemies":"2 Thieves","floor":19,"turns":4},{"damage":21,"enemies":"Book of Stabbing","floor":24,"turns":6},{"damage":42,"enemies":"Shelled Parasite and Fungi","floor":25,"turns":4}],"seed_played":"-7203741601131116282","potions_obtained":[{"floor":5,"key":"SpeedPotion"},{"floor":6,"key":"GhostInAJar"},{"floor":8,"key":"Dexterity Potion"},{"floor":13,"key":"Ancient Potion"},{"floor":16,"key":"AttackPotion"},{"floor":19,"key":"Regen Potion"}],"is_trial":false,"path_per_floor":["M","?","M","$","M","E","R","E","T","E","$","?","E","$","R","B",null,"M","M","$","?","$","R","E","M"],"character_chosen":"THE_SILENT","items_purchased":["Dagger Spray","Skewer","Deadly Poison","Catalyst","All Out Attack"],"campfire_rested":3,"item_purchase_floors":[4,11,20,22,22],"current_hp_per_floor":[55,55,55,55,51,37,58,48,48,32,32,32,17,17,38,20,60,54,37,37,21,21,43,37,0],"gold":36,"neow_bonus":"BOSS_RELIC","is_prod":false,"is_daily":false,"chose_seed":false,"campfire_upgraded":0,"win_rate":0,"timestamp":1544482469,"path_taken":["M","?","?","$","M","E","R","E","T","E","$","?","E","?","R","BOSS","M","M","$","?","$","R","E","M"],"build_version":"2018-12-06","purchased_purges":2,"victory":false,"max_hp_per_floor":[70,70,70,70,70,70,70,70,70,70,70,70,70,70,70,70,72,72,74,74,74,74,74,74,74],"card_choices":[{"not_picked":["Setup","Slice"],"picked":"Dagger Spray","floor":1},{"not_picked":["Flying Knee","Underhanded Strike"],"picked":"Terror","floor":3},{"not_picked":["Flechettes","Reflex"],"picked":"Flying Knee","floor":5},{"not_picked":["Quick Slash","Acrobatics"],"picked":"Caltrops","floor":6},{"not_picked":["Riddle With Holes","PiercingWail"],"picked":"Blur","floor":8},{"not_picked":["Quick Slash","Acrobatics"],"picked":"Slice","floor":10},{"not_picked":["Eviscerate","Envenom"],"picked":"Predator","floor":13},{"not_picked":["Unload","Doppelganger"],"picked":"After Image","floor":16},{"not_picked":["Sucker Punch","Deflect"],"picked":"Bouncing Flask","floor":17},{"not_picked":["Blade Dance","Setup"],"picked":"Cloak And Dagger","floor":17},{"not_picked":["Sucker Punch","PiercingWail"],"picked":"Footwork","floor":17},{"not_picked":["Endless Agony","PiercingWail","Tactician"],"picked":"Singing Bowl","floor":17},{"not_picked":["Quick Slash","Tactician"],"picked":"PiercingWail","floor":17},{"not_picked":["Tools of the Trade","Heel Hook"],"picked":"Deflect+1","floor":18},{"not_picked":["Predator","Sucker Punch+1","Prepared+1"],"picked":"Singing Bowl","floor":19},{"not_picked":["Cloak And Dagger","Setup"],"picked":"Concentrate","floor":24}],"player_experience":1017618,"relics_obtained":[{"floor":6,"key":"Ice Cream"},{"floor":8,"key":"Singing Bowl"},{"floor":10,"key":"Unceasing Top"},{"floor":13,"key":"Ornamental Fan"},{"floor":21,"key":"Nilry\u0027s Codex"},{"floor":24,"key":"WingedGreaves"}],"event_choices":[{"damage_healed":0,"gold_gain":0,"player_choice":"Upgraded","damage_taken":0,"max_hp_gain":0,"max_hp_loss":0,"event_name":"Upgrade Shrine","floor":2,"gold_loss":0,"cards_upgraded":["Neutralize"]},{"damage_healed":0,"gold_gain":0,"player_choice":"Trade","damage_taken":0,"relics_obtained":["SsserpentHead"],"max_hp_gain":0,"max_hp_loss":0,"event_name":"FaceTrader","floor":12,"gold_loss":0},{"damage_healed":0,"gold_gain":0,"player_choice":"Obtained Book","damage_taken":16,"max_hp_gain":0,"max_hp_loss":0,"event_name":"Cursed Tome","floor":21,"gold_loss":0}],"is_beta":false,"boss_relics":[{"not_picked":["Velvet Choker","Eternal Feather"],"picked":"Orrery"}],"items_purged_floors":[4,14],"is_endless":false,"potions_floor_spawned":[5,6,8,13,16,19],"killed_by":"Shelled Parasite and Fungi","ascension_level":10}