{"gold_per_floor":[368,368,543,543,543,573,573,586,611,622,633,633,667,68,68,164,164,177,192,13,112,112,112,142,159,233,233,233,244,244,261,261,357,357,369,75,93,93,106,132,132,8,8,8,20,45,45,57,57,57],"floor_reached":50,"playtime":4614,"items_purged":["Writhe","Defend_B","Doubt"],"score":628,"play_id":"ea9251d2-07bf-4f57-ba44-f8e5542a76d0","local_time":"20190201214209","is_ascension_mode":false,"campfire_choices":[{"floor":7,"key":"REST"},{"floor":12,"key":"REST"},{"floor":15,"key":"REST"},{"floor":23,"key":"REST"},{"floor":30,"key":"REST"},{"floor":32,"key":"REST"},{"floor":41,"key":"REST"},{"floor":44,"key":"RECALL"},{"floor":49,"key":"REST"}],"neow_cost":"CURSE","seed_source_timestamp":479369485850502,"circlet_count":0,"master_deck":["Strike_B+1","Strike_B+1","Strike_B+1","Defend_B","Defend_B","Defend_B","Zap","Dualcast","Doom and Gloom","Glacier","Redo","Auto Shields","Creative AI","Conserve Battery","Storm","The Bomb","Electrodynamics","Storm","Turbo+1","Self Repair","Thunder Strike","BootSequence","Writhe","Static Discharge+1","Creative AI+1","Machine Learning+1","Clumsy","Parasite","Cold Snap+1","Storm+1","Discovery","Conserve Battery+1","Force Field+1","Storm+1","Hello World+1","Auto Shields+1","Redo+1","Glacier+1"],"relics":["Cracked Core","Orichalcum","Whetstone","Regal Pillow","Gremlin Horn","Inserter","Potion Belt","Frozen Egg 2","Mercury Hourglass","Calling Bell","Oddly Smooth Stone","Ornamental Fan","Gambling Chip","Pear","Juzu Bracelet","Blue Candle"],"potions_floor_usage":[13,16,24,39,39,40,50,50,50],"damage_taken":[{"damage":6,"enemies":"Jaw Worm","floor":1,"turns":4},{"damage":43,"enemies":"3 Sentries","floor":6,"turns":7},{"damage":0,"enemies":"Small Slimes","floor":8,"turns":2},{"damage":3,"enemies":"2 Louse","floor":10,"turns":2},{"damage":2,"enemies":"Blue Slaver","floor":11,"turns":2},{"damage":12,"enemies":"Lagavulin","floor":13,"turns":6},{"damage":49,"enemies":"The Guardian","floor":16,"turns":10},{"damage":5,"enemies":"Shell Parasite","floor":18,"turns":12},{"damage":22,"enemies":"3 Byrds","floor":19,"turns":4},{"damage":56,"enemies":"Book of Stabbing","floor":24,"turns":8},{"damage":8,"enemies":"Centurion and Healer","floor":25,"turns":5},{"damage":0,"enemies":"Cultist and Chosen","floor":29,"turns":4},{"damage":21,"enemies":"Snake Plant","floor":31,"turns":3},{"damage":65,"enemies":"Automaton","floor":33,"turns":8},{"damage":10,"enemies":"3 Darklings","floor":35,"turns":2},{"damage":10,"enemies":"3 Shapes","floor":37,"turns":3},{"damage":18,"enemies":"Maw","floor":39,"turns":5},{"damage":32,"enemies":"Nemesis","floor":40,"turns":9},{"damage":7,"enemies":"Sphere and 2 Shapes","floor":45,"turns":2},{"damage":29,"enemies":"Reptomancer","floor":46,"turns":3},{"damage":22,"enemies":"Writhing Mass","floor":48,"turns":4},{"damage":68,"enemies":"Awakened One","floor":50,"turns":7}],"seed_played":"7220796743545872315","potions_obtained":[{"floor":10,"key":"Energy Potion"},{"floor":11,"key":"Weak Potion"},{"floor":19,"key":"SkillPotion"},{"floor":25,"key":"Strength Potion"},{"floor":29,"key":"Dexterity Potion"},{"floor":33,"key":"Poison Potion"},{"floor":35,"key":"Weak Potion"},{"floor":48,"key":"FearPotion"}],"is_trial":false,"path_per_floor":["M","?","?","T","?","E","R","M","T","M","M","R","E","$","R","B",null,"M","M","$","?","?","R","E","M","T","?","?","M","R","M","R","B",null,"M","$","M","?","M","E","R","$","T","R","M","E","?","M","R","B"],"character_chosen":"DEFECT","items_purchased":["Gremlin Horn","Conserve Battery","Storm","The Bomb","Self Repair","Storm+1","Discovery","Hello World+1","FearPotion"],"campfire_rested":8,"item_purchase_floors":[14,14,14,14,20,36,36,42,42],"current_hp_per_floor":[69,54,54,54,54,11,33,33,33,30,28,50,38,38,75,26,75,70,48,48,48,34,73,24,23,23,23,23,30,69,48,80,22,80,70,70,60,60,49,27,69,69,69,69,62,40,40,18,60,0],"gold":57,"neow_bonus":"TWO_FIFTY_GOLD","is_prod":false,"is_daily":false,"chose_seed":false,"campfire_upgraded":0,"win_rate":0,"timestamp":1549064529,"path_taken":["M","?","?","?","?","E","R","M","T","M","?","R","E","$","R","BOSS","M","M","$","?","?","R","E","M","T","?","?","M","R","M","R","BOSS","M","$","M","?","M","E","R","$","T","R","M","E","?","M","R","BOSS"],"build_version":"2019-01-23","purchased_purges":3,"victory":false,"max_hp_per_floor":[75,75,75,75,75,75,75,75,75,75,75,75,75,75,75,75,75,75,75,75,75,80,80,80,80,80,80,80,80,80,80,80,80,80,80,80,80,80,80,90,90,90,90,90,90,90,90,90,90,90],"card_choices":[{"not_picked":["Gash","Auto Shields"],"picked":"Doom and Gloom","floor":1},{"not_picked":["Cold Snap","Stack"],"picked":"Glacier","floor":6},{"not_picked":["Double Energy","Sweeping Beam","Darkness"],"picked":"SKIP","floor":8},{"not_picked":["Compile Driver","Rip and Tear"],"picked":"Redo","floor":10},{"not_picked":["FTL","Go for the Eyes"],"picked":"Auto Shields","floor":11},{"not_picked":["Aggregate","Darkness"],"picked":"Creative AI","floor":13},{"not_picked":["Fission","Amplify"],"picked":"Electrodynamics","floor":16},{"not_picked":["Ball Lightning","Stack"],"picked":"Storm","floor":18},{"not_picked":["Ball Lightning","Stack"],"picked":"Turbo+1","floor":19},{"not_picked":["Skim","Coolheaded"],"picked":"Thunder Strike","floor":24},{"not_picked":["Barrage","Compile Driver"],"picked":"BootSequence","floor":25},{"not_picked":["Beam Cell","Redo+1"],"picked":"Static Discharge+1","floor":29},{"not_picked":["Turbo","Chaos"],"picked":"Creative AI+1","floor":31},{"not_picked":["All For One","Hyperbeam"],"picked":"Machine Learning+1","floor":33},{"not_picked":["Chaos","Leap"],"picked":"Cold Snap+1","floor":35},{"not_picked":["Turbo+1","Beam Cell+1"],"picked":"Conserve Battery+1","floor":37},{"not_picked":["Rip and Tear","Fusion+1"],"picked":"Force Field+1","floor":39},{"not_picked":["Cold Snap+1","Ball Lightning+1"],"picked":"Storm+1","floor":40},{"not_picked":["Ball Lightning","Genetic Algorithm"],"picked":"Auto Shields+1","floor":45},{"not_picked":["Rebound+1","Aggregate"],"picked":"Redo+1","floor":46},{"not_picked":["All For One","Beam Cell"],"picked":"Glacier+1","floor":48}],"player_experience":348288,"relics_obtained":[{"floor":6,"key":"Orichalcum"},{"floor":9,"key":"Whetstone"},{"floor":13,"key":"Regal Pillow"},{"floor":24,"key":"Potion Belt"},{"floor":26,"key":"Frozen Egg 2"},{"floor":34,"key":"Oddly Smooth Stone"},{"floor":34,"key":"Ornamental Fan"},{"floor":34,"key":"Gambling Chip"},{"floor":40,"key":"Pear"},{"floor":43,"key":"Juzu Bracelet"},{"floor":46,"key":"Blue Candle"}],"event_choices":[{"damage_healed":0,"gold_gain":0,"player_choice":"Entered Light","damage_taken":15,"max_hp_gain":0,"max_hp_loss":0,"event_name":"Shining Light","floor":2,"gold_loss":0,"cards_upgraded":["Strike_B","Strike_B"]},{"damage_healed":0,"gold_gain":175,"player_choice":"AGREE","damage_taken":0,"max_hp_gain":0,"max_hp_loss":0,"event_name":"Liars Game","floor":3,"gold_loss":0,"cards_obtained":["Doubt"]},{"cards_removed":["Doubt"],"damage_healed":0,"gold_gain":0,"player_choice":"Forget","damage_taken":0,"max_hp_gain":0,"max_hp_loss":0,"event_name":"Living Wall","floor":5,"gold_loss":0},{"damage_healed":0,"gold_gain":99,"player_choice":"Stole From Cult","damage_taken":0,"max_hp_gain":0,"max_hp_loss":0,"event_name":"Nest","floor":21,"gold_loss":0},{"damage_healed":0,"gold_gain":0,"player_choice":"Shed Blood","damage_taken":19,"max_hp_gain":5,"max_hp_loss":0,"event_name":"Forgotten Altar","floor":22,"gold_loss":0},{"cards_removed":["Strike_B"],"damage_healed":0,"gold_gain":0,"player_choice":"Elegance","damage_taken":0,"max_hp_gain":0,"max_hp_loss":0,"event_name":"Back to Basics","floor":27,"gold_loss":0},{"damage_healed":0,"gold_gain":0,"player_choice":"Opened","damage_taken":0,"relics_obtained":["Mercury Hourglass"],"max_hp_gain":0,"max_hp_loss":0,"event_name":"The Mausoleum","floor":28,"gold_loss":0,"cards_obtained":["Writhe"]},{"damage_healed":0,"gold_gain":0,"player_choice":"Ignored","damage_taken":0,"max_hp_gain":0,"max_hp_loss":0,"event_name":"Tomb of Lord Red Mask","floor":38,"gold_loss":0},{"damage_healed":0,"gold_gain":0,"player_choice":"Ignored","damage_taken":0,"max_hp_gain":0,"max_hp_loss":0,"event_name":"The Moai Head","floor":47,"gold_loss":0}],"is_beta":false,"boss_relics":[{"not_picked":["Empty Cage","White Beast Statue"],"picked":"Inserter"},{"not_picked":["Tiny House","Fusion Hammer"],"picked":"Calling Bell"}],"items_purged_floors":[14,20,36],"is_endless":false,"potions_floor_spawned":[10,11,19,25,29,33,35,48],"killed_by":"Awakened One","ascension_level":0}