{"gold_per_floor":[112,112,129,148,148,148,483,483,483,548,562,562,574,590,590,686,686,701,800,810,810,821,821,836,854,854,854],"floor_reached":27,"playtime":790,"items_purged":[],"score":402,"play_id":"9340808e-a0b4-4923-a33f-de568d5b05c5","local_time":"20190210150420","is_ascension_mode":true,"campfire_choices":[{"data":"Coolheaded","floor":6.0,"key":"SMITH"},{"data":"Dualcast","floor":8.0,"key":"SMITH"},{"data":"Darkness","floor":15.0,"key":"SMITH"},{"floor":23,"key":"REST"}],"neow_cost":"NONE","seed_source_timestamp":769918061427000,"circlet_count":0,"master_deck":["Strike_B","Strike_B","Defend_B","Defend_B","Defend_B","Defend_B","Zap+1","Dualcast+1","Hologram+1","Ball Lightning","Coolheaded+1","Darkness+1","Hologram","Conserve Battery","Reinforced Body","Seek","Leap","Defragment","Coolheaded+1"],"special_seed":0,"relics":["Cracked Core","Old Coin","Symbiotic Virus","Tiny Chest","Empty Cage","Blue Candle","Peace Pipe"],"potions_floor_usage":[24],"damage_taken":[{"damage":0.0,"enemies":"Cultist","floor":1.0,"turns":3.0},{"damage":0.0,"enemies":"Small Slimes","floor":3.0,"turns":3.0},{"damage":0.0,"enemies":"2 Louse","floor":4.0,"turns":2.0},{"damage":14.0,"enemies":"Gremlin Nob","floor":7.0,"turns":3.0},{"damage":9.0,"enemies":"Lagavulin","floor":10.0,"turns":6.0},{"damage":10.0,"enemies":"Lots of Slimes","floor":11.0,"turns":3.0},{"damage":3.0,"enemies":"2 Fungi Beasts","floor":13.0,"turns":2.0},{"damage":4.0,"enemies":"Looter","floor":14.0,"turns":2.0},{"damage":0.0,"enemies":"Slime Boss","floor":16.0,"turns":3.0},{"damage":28.0,"enemies":"2 Thieves","floor":18.0,"turns":4.0},{"damage":0.0,"enemies":"Spheric Guardian","floor":20.0,"turns":2.0},{"damage":30,"enemies":"3 Cultists","floor":22,"turns":6},{"damage":19,"enemies":"Shelled Parasite and Fungi","floor":24,"turns":3},{"damage":13,"enemies":"Cultist and Chosen","floor":25,"turns":5},{"damage":0,"enemies":"Slavers","floor":27,"turns":1}],"seed_played":"6053426590767406370","potions_obtained":[{"floor":4.0,"key":"Fire Potion"},{"floor":10.0,"key":"SteroidPotion"},{"floor":12.0,"key":"Fruit Juice"},{"floor":12.0,"key":"FocusPotion"},{"floor":12.0,"key":"Energy Potion"}],"is_trial":false,"path_per_floor":["M","?","M","M","?","R","E","R","T","E","M","?","M","M","R","B",null,"M","?","M","?","M","R","M","M","T","E"],"character_chosen":"DEFECT","items_purchased":[],"campfire_rested":1,"item_purchase_floors":[],"current_hp_per_floor":[68,68,68,68,68,68,54,54,54,45,35,40,37,33,33,33,68,40,40,40,40,10,34,15,2,2,2],"gold":854,"neow_bonus":"UPGRADE_CARD","is_prod":false,"is_daily":false,"chose_seed":false,"campfire_upgraded":3,"win_rate":0,"timestamp":1549836260,"path_taken":["M","?","?","M","?","R","E","R","T","E","M","?","?","M","R","BOSS","M","?","M","?","M","R","?","M","T","E"],"build_version":"2019-01-23","purchased_purges":0,"victory":false,"max_hp_per_floor":[75,75,75,75,75,75,75,75,75,75,75,80,80,80,80,80,80,80,80,80,80,80,80,80,80,80,80],"card_choices":[{"not_picked":["Stack","Blizzard"],"picked":"Hologram","floor":1.0},{"not_picked":["Redo","Recycle"],"picked":"Ball Lightning","floor":3.0},{"not_picked":["Go for the Eyes","Reinforced Body"],"picked":"Coolheaded","floor":4.0},{"not_picked":["BootSequence","Thunder Strike"],"picked":"FTL","floor":7.0},{"not_picked":["Cold Snap","Creative AI"],"picked":"Darkness","floor":10.0},{"not_picked":["Leap","Coolheaded"],"picked":"Hologram","floor":11.0},{"not_picked":["Auto Shields","Hologram"],"picked":"Conserve Battery","floor":13.0},{"not_picked":["Static Discharge","Hello World"],"picked":"Reinforced Body","floor":14.0},{"not_picked":["Core Surge","Reboot"],"picked":"Seek","floor":16.0},{"not_picked":["Stack","Turbo"],"picked":"Leap","floor":18.0},{"not_picked":["Barrage","Redo+1","Go for the Eyes"],"picked":"SKIP","floor":20.0},{"not_picked":["Conserve Battery","Double Energy"],"picked":"Defragment","floor":22},{"not_picked":["Hello World","Recycle"],"picked":"Coolheaded+1","floor":24},{"not_picked":["Machine Learning","Double Energy+1","FTL"],"picked":"SKIP","floor":25}],"player_experience":343141,"relics_obtained":[{"floor":7.0,"key":"Old Coin"},{"floor":9.0,"key":"Symbiotic Virus"},{"floor":10.0,"key":"Tiny Chest"},{"floor":26,"key":"Peace Pipe"}],"event_choices":[{"damage_healed":0.0,"max_hp_gain":0.0,"max_hp_loss":0.0,"gold_gain":0.0,"event_name":"Upgrade Shrine","player_choice":"Upgraded","floor":2.0,"gold_loss":0.0,"damage_taken":0.0,"cards_upgraded":["Hologram"]},{"damage_healed":0.0,"max_hp_gain":0.0,"max_hp_loss":0.0,"gold_gain":0.0,"event_name":"Liars Game","player_choice":"Ignored","floor":5.0,"gold_loss":0.0,"damage_taken":0.0},{"damage_healed":0.0,"max_hp_gain":0.0,"max_hp_loss":0.0,"gold_gain":0.0,"event_name":"Lab","player_choice":"Got Potions","floor":12.0,"gold_loss":0.0,"damage_taken":0.0},{"damage_healed":0.0,"max_hp_gain":0.0,"max_hp_loss":0.0,"gold_gain":99.0,"event_name":"Nest","player_choice":"Stole From Cult","floor":19.0,"gold_loss":0.0,"damage_taken":0.0},{"cards_removed":["FTL"],"damage_healed":0.0,"max_hp_gain":0.0,"max_hp_loss":0.0,"gold_gain":0.0,"event_name":"WeMeetAgain","player_choice":"Gave Card","floor":21.0,"gold_loss":0.0,"damage_taken":0.0,"relics_obtained":["Blue Candle"]}],"is_beta":false,"boss_relics":[{"not_picked":["Snecko Eye","Fusion Hammer"],"picked":"Empty Cage"}],"items_purged_floors":[],"is_endless":false,"potions_floor_spawned":[4,10,20,22],"killed_by":"Slavers","ascension_level":9}