{"gold_per_floor":[117,42,61,72,85,85,119,119,119,133,87,102,122,134,134,134],"floor_reached":16,"playtime":872,"items_purged":["Normality"],"score":154,"play_id":"97922d6d-6065-46a0-b7c8-780f3476b073","local_time":"20181206151711","is_ascension_mode":true,"campfire_choices":[{"floor":6,"key":"REST"},{"floor":8,"key":"REST"},{"floor":15,"key":"REST"}],"neow_cost":"NONE","seed_source_timestamp":490245692184493,"circlet_count":0,"master_deck":["Strike_B","Strike_B","Strike_B","Strike_B","Defend_B","Defend_B","Defend_B","Defend_B","Zap","Dualcast","Shame","Parasite","Sunder","Streamline","Sweeping Beam","Darkness","Leap","Sunder+1","Redo","Auto Shields","Electrodynamics"],"relics":["Calling Bell","Lantern","Dodecahedron","Ginger","Cables","Molten Egg 2"],"potions_floor_usage":[3,4,13,14,16],"damage_taken":[{"damage":17,"enemies":"Cultist","floor":1,"turns":5},{"damage":12,"enemies":"Small Slimes","floor":3,"turns":2},{"damage":4,"enemies":"2 Louse","floor":4,"turns":2},{"damage":1,"enemies":"Exordium Wildlife","floor":5,"turns":3},{"damage":48,"enemies":"Lagavulin","floor":7,"turns":7},{"damage":0,"enemies":"3 Louse","floor":10,"turns":3},{"damage":16,"enemies":"Blue Slaver","floor":12,"turns":4},{"damage":10,"enemies":"Large Slime","floor":13,"turns":4},{"damage":0,"enemies":"2 Fungi Beasts","floor":14,"turns":2},{"damage":26,"enemies":"The Guardian","floor":16,"turns":5}],"seed_played":"5573173498127641926","potions_obtained":[{"floor":1,"key":"SneckoOil"},{"floor":3,"key":"EssenceOfSteel"},{"floor":4,"key":"LiquidBronze"},{"floor":12,"key":"FearPotion"},{"floor":13,"key":"PowerPotion"}],"is_trial":false,"path_per_floor":["M","$","M","M","M","R","E","R","T","M","$","M","M","M","R","B"],"character_chosen":"DEFECT","items_purchased":["Redo"],"campfire_rested":3,"item_purchase_floors":[11],"current_hp_per_floor":[51,51,39,35,34,56,8,30,30,30,30,14,4,4,26,0],"gold":134,"neow_bonus":"BOSS_RELIC","is_prod":false,"is_daily":false,"chose_seed":false,"campfire_upgraded":0,"win_rate":0,"timestamp":1544109431,"path_taken":["M","$","M","M","?","R","E","R","T","M","$","M","M","M","R","BOSS"],"build_version":"2018-11-15","purchased_purges":1,"victory":false,"max_hp_per_floor":[75,75,75,75,75,75,75,75,75,75,75,75,75,75,75,75],"card_choices":[{"not_picked":["Steam","Recycle"],"picked":"Sunder","floor":1},{"not_picked":["Barrage","Rebound"],"picked":"Streamline","floor":3},{"not_picked":["Beam Cell","Static Discharge"],"picked":"Sweeping Beam","floor":4},{"not_picked":["Gash","Tempest"],"picked":"Darkness","floor":5},{"not_picked":["Conserve Battery","Steam Power"],"picked":"Leap","floor":7},{"not_picked":["Reprogram","Hologram"],"picked":"Sunder+1","floor":10},{"not_picked":["Barrage+1","Sunder+1"],"picked":"Auto Shields","floor":12},{"not_picked":["Heatsinks","Aggregate","Scrape+1"],"picked":"SKIP","floor":13},{"not_picked":["Reinforced Body","Conserve Battery"],"picked":"Electrodynamics","floor":14}],"player_experience":983921,"relics_obtained":[{"floor":0,"key":"Lantern"},{"floor":0,"key":"Dodecahedron"},{"floor":0,"key":"Ginger"},{"floor":7,"key":"Cables"},{"floor":9,"key":"Molten Egg 2"}],"event_choices":[],"is_beta":false,"boss_relics":[],"items_purged_floors":[2],"is_endless":false,"potions_floor_spawned":[1,3,4,12,13],"killed_by":"The Guardian","ascension_level":9}