{"gold_per_floor":[111,122,122,9,9,37,37,70,97,97,129,149,25,55,55,156,156,81,81,281,291,310,310,330,330],"floor_reached":25,"playtime":1967,"items_purged":["Pain","Strike_G"],"score":363,"play_id":"004fdec0-a64c-43e3-a68f-9b9f1f5ef0ad","local_time":"20181205203833","is_ascension_mode":true,"campfire_choices":[{"floor":7,"key":"RECALL"},{"floor":15,"key":"REST"},{"floor":23,"key":"REST"}],"neow_cost":"NONE","seed_source_timestamp":422026579048610,"circlet_count":0,"master_deck":["AscendersBane","Defend_G","Defend_G","Defend_G","Defend_G","Defend_G","Strike_G","Strike_G","Survivor","Neutralize","Poisoned Stab","Footwork","Footwork","Caltrops","Terror","Finesse","Neutralize","Predator","Noxious Fumes","Deadly Poison","Night Terror","Caltrops+1","PiercingWail","Sucker Punch","Dagger Spray+1"],"relics":["Ring of the Snake","NeowsBlessing","WarpedTongs","Happy Flower","PreservedInsect","Smiling Mask","Odd Mushroom","Empty Cage"],"potions_floor_usage":[8,8,16,18,24,25],"damage_taken":[{"damage":0,"enemies":"2 Louse","floor":1,"turns":1},{"damage":0,"enemies":"Cultist","floor":2,"turns":1},{"damage":0,"enemies":"Gremlin Nob","floor":6,"turns":1},{"damage":13,"enemies":"Lagavulin","floor":8,"turns":6},{"damage":25,"enemies":"3 Sentries","floor":11,"turns":7},{"damage":3,"enemies":"Small Slimes","floor":12,"turns":4},{"damage":2,"enemies":"The Mushroom Lair","floor":14,"turns":6},{"damage":28,"enemies":"Hexaghost","floor":16,"turns":8},{"damage":19,"enemies":"2 Thieves","floor":18,"turns":5},{"damage":17,"enemies":"Chosen","floor":21,"turns":7},{"damage":8,"enemies":"Snecko","floor":22,"turns":7},{"damage":26,"enemies":"Sentry and Sphere","floor":24,"turns":7},{"damage":11,"enemies":"Snake Plant","floor":25,"turns":2}],"seed_played":"-5031245543413189672","potions_obtained":[{"floor":1,"key":"FearPotion"},{"floor":6,"key":"Swift Potion"},{"floor":14,"key":"AttackPotion"},{"floor":16,"key":"SkillPotion"},{"floor":22,"key":"SkillPotion"},{"floor":24,"key":"Ancient Potion"}],"is_trial":false,"path_per_floor":["M","M","?","$","$","E","R","E","T","?","E","M","$","?","R","B",null,"M","?","?","M","M","R","M","M"],"character_chosen":"THE_SILENT","items_purchased":["Footwork","Noxious Fumes"],"campfire_rested":2,"item_purchase_floors":[4,13],"current_hp_per_floor":[63,63,63,63,63,63,63,50,50,50,25,22,22,20,41,13,56,37,37,37,20,12,33,7,0],"gold":330,"neow_bonus":"THREE_ENEMY_KILL","is_prod":false,"is_daily":false,"chose_seed":false,"campfire_upgraded":0,"win_rate":0,"timestamp":1544042313,"path_taken":["M","M","?","?","$","E","R","E","T","?","E","?","$","?","R","BOSS","M","?","?","?","M","R","M","M"],"build_version":"2018-11-15","purchased_purges":2,"victory":false,"max_hp_per_floor":[70,70,70,70,70,70,70,70,70,70,70,70,70,70,70,70,70,70,70,70,70,70,70,70,70],"card_choices":[{"not_picked":["Backstab","Distraction"],"picked":"Poisoned Stab","floor":1},{"not_picked":["All Out Attack","Bouncing Flask"],"picked":"Footwork","floor":2},{"not_picked":["Bane","Quick Slash"],"picked":"Caltrops","floor":6},{"not_picked":["Deadly Poison","Sucker Punch"],"picked":"Terror","floor":8},{"not_picked":["Well Laid Plans","Setup","Terror"],"picked":"SKIP","floor":11},{"not_picked":["Underhanded Strike","Deadly Poison"],"picked":"Predator","floor":12},{"not_picked":["Finisher","Acrobatics"],"picked":"Deadly Poison","floor":14},{"not_picked":["Die Die Die","Bullet Time"],"picked":"Night Terror","floor":16},{"not_picked":["Outmaneuver","Terror+1"],"picked":"Caltrops+1","floor":18},{"not_picked":["Tactician","Infinite Blades"],"picked":"PiercingWail","floor":21},{"not_picked":["Blade Dance","Quick Slash"],"picked":"Sucker Punch","floor":22},{"not_picked":["Outmaneuver+1","Underhanded Strike"],"picked":"Dagger Spray+1","floor":24}],"player_experience":964559,"relics_obtained":[{"floor":6,"key":"Happy Flower"},{"floor":8,"key":"PreservedInsect"},{"floor":11,"key":"Smiling Mask"},{"floor":14,"key":"Odd Mushroom"}],"event_choices":[{"damage_healed":0,"gold_gain":0,"player_choice":"Rummage","damage_taken":0,"relics_obtained":["WarpedTongs"],"max_hp_gain":0,"max_hp_loss":0,"event_name":"Accursed Blacksmith","floor":3,"gold_loss":0,"cards_obtained":["Pain"]},{"damage_healed":0,"gold_gain":0,"player_choice":"2 cards matched","damage_taken":0,"max_hp_gain":0,"max_hp_loss":0,"event_name":"Match and Keep!","floor":10,"gold_loss":0,"cards_obtained":["Finesse","Neutralize"]},{"damage_healed":0,"gold_gain":0,"player_choice":"Fought Mushrooms","damage_taken":0,"max_hp_gain":0,"max_hp_loss":0,"event_name":"Mushrooms","floor":14,"gold_loss":0},{"damage_healed":0,"gold_gain":250,"player_choice":"Bet on Owner","damage_taken":0,"max_hp_gain":0,"max_hp_loss":0,"event_name":"The Joust","floor":20,"gold_loss":50}],"is_beta":false,"boss_relics":[{"not_picked":["Tiny House","Calling Bell"],"picked":"Empty Cage"}],"items_purged_floors":[4,13],"is_endless":false,"potions_floor_spawned":[1,6,14,16,22,24],"killed_by":"Snake Plant","ascension_level":10}