{"gold_per_floor":[118,268,268,284,22,22,55,55,55,55,86,100,100,117,117,190,190,208,208,231,251,351,351],"floor_reached":23,"playtime":666,"items_purged":["Doubt"],"score":345,"play_id":"98759197-0e1f-4405-987b-4b0326662291","local_time":"20190120135828","is_ascension_mode":true,"campfire_choices":[{"data":"Limit Break","floor":6,"key":"SMITH"},{"data":"Rage","floor":10,"key":"SMITH"},{"data":"Heavy Blade","floor":13,"key":"SMITH"},{"floor":15,"key":"REST"}],"neow_cost":"NONE","seed_source_timestamp":25892941683450,"circlet_count":0,"master_deck":["AscendersBane","Strike_R+1","Strike_R+1","Strike_R+1","Strike_R+1","Strike_R+1","Defend_R+1","Defend_R+1","Defend_R+1","Defend_R+1","Bash","Anger","Rage+1","Inflame","Limit Break+1","Heavy Blade+1","Regret","Juggernaut","Shrug It Off","Immolate","Anger","Thunderclap+1"],"relics":["Burning Blood","Anchor","Oddly Smooth Stone","Dream Catcher","Mummified Hand","Paper Frog","Black Star","Strawberry","Du-Vu Doll","Shuriken"],"potions_floor_usage":[11,18,21,22],"damage_taken":[{"damage":2,"enemies":"Jaw Worm","floor":1,"turns":3},{"damage":0,"enemies":"Small Slimes","floor":4,"turns":2},{"damage":24,"enemies":"Lagavulin","floor":7,"turns":7},{"damage":27,"enemies":"Gremlin Nob","floor":11,"turns":4},{"damage":2,"enemies":"Cultist","floor":12,"turns":3},{"damage":11,"enemies":"Looter","floor":14,"turns":3},{"damage":26,"enemies":"Slime Boss","floor":16,"turns":8},{"damage":13,"enemies":"2 Thieves","floor":18,"turns":3},{"damage":24,"enemies":"Chosen","floor":21,"turns":6},{"damage":0,"enemies":"Colosseum Slavers","floor":22,"turns":3},{"damage":32,"enemies":"Colosseum Nobs","floor":22,"turns":4},{"damage":29,"enemies":"Slavers","floor":23,"turns":3}],"seed_played":"1153182559972704450","potions_obtained":[{"floor":7,"key":"FearPotion"},{"floor":14,"key":"Energy Potion"},{"floor":16,"key":"Strength Potion"},{"floor":18,"key":"Energy Potion"}],"is_trial":false,"path_per_floor":["M","?","?","M","$","R","E","?","T","R","E","M","R","M","R","B",null,"M","?","T","M","?","E"],"character_chosen":"IRONCLAD","items_purchased":["Inflame","Limit Break"],"campfire_rested":1,"item_purchase_floors":[5,5],"current_hp_per_floor":[72,72,75,75,75,75,57,57,57,57,36,40,40,35,57,37,66,59,59,66,48,28,0],"gold":351,"neow_bonus":"RANDOM_COMMON_RELIC","is_prod":false,"is_daily":false,"chose_seed":false,"campfire_upgraded":3,"win_rate":0,"timestamp":1548010708,"path_taken":["M","?","?","?","$","R","E","?","T","R","E","M","R","M","R","BOSS","M","?","?","M","?","E"],"build_version":"2019-01-19","purchased_purges":1,"victory":false,"max_hp_per_floor":[75,75,75,75,75,75,75,75,75,75,75,75,75,75,75,75,75,75,75,82,82,82,82],"card_choices":[{"not_picked":["Twin Strike","Shrug It Off"],"picked":"Anger","floor":1},{"not_picked":["Warcry","Twin Strike"],"picked":"Rage","floor":4},{"not_picked":["Carnage","Sword Boomerang"],"picked":"Heavy Blade","floor":7},{"not_picked":["Uppercut","Intimidate"],"picked":"Juggernaut","floor":11},{"not_picked":["Rage","Cleave","Clothesline"],"picked":"SKIP","floor":12},{"not_picked":["Hemokinesis","Searing Blow","Body Slam"],"picked":"SKIP","floor":14},{"not_picked":["Power Through","Heavy Blade"],"picked":"Shrug It Off","floor":15},{"not_picked":["Exhume","Juggernaut"],"picked":"Immolate","floor":16},{"not_picked":["Entrench+1","Pummel"],"picked":"Anger","floor":18},{"not_picked":["Reckless Charge","Wild Strike","Rampage"],"picked":"SKIP","floor":21},{"not_picked":["Evolve","Headbutt"],"picked":"Thunderclap+1","floor":22}],"player_experience":619943,"relics_obtained":[{"floor":7,"key":"Oddly Smooth Stone"},{"floor":9,"key":"Mummified Hand"},{"floor":11,"key":"Paper Frog"},{"floor":20,"key":"Strawberry"},{"floor":22,"key":"Du-Vu Doll"},{"floor":22,"key":"Shuriken"}],"event_choices":[{"damage_healed":0,"gold_gain":150,"player_choice":"AGREE","damage_taken":0,"max_hp_gain":0,"max_hp_loss":0,"event_name":"Liars Game","floor":2,"gold_loss":0,"cards_obtained":["Doubt"]},{"damage_healed":3,"gold_gain":0,"player_choice":"Full Heal","damage_taken":0,"max_hp_gain":0,"max_hp_loss":0,"event_name":"Wheel of Change","floor":3,"gold_loss":0},{"damage_healed":0,"gold_gain":0,"player_choice":"Box","damage_taken":0,"relics_obtained":["Dream Catcher"],"max_hp_gain":0,"max_hp_loss":0,"event_name":"Big Fish","floor":8,"gold_loss":0,"cards_obtained":["Regret"]},{"damage_healed":0,"gold_gain":0,"player_choice":"Simplicity","damage_taken":0,"max_hp_gain":0,"max_hp_loss":0,"event_name":"Back to Basics","floor":19,"gold_loss":0,"cards_upgraded":["Strike_R","Strike_R","Strike_R","Strike_R","Strike_R","Defend_R","Defend_R","Defend_R","Defend_R"]},{"damage_healed":0,"gold_gain":0,"player_choice":"Fight","damage_taken":0,"max_hp_gain":0,"max_hp_loss":0,"event_name":"Colosseum","floor":22,"gold_loss":0},{"damage_healed":0,"gold_gain":0,"player_choice":"Fought Nobs","damage_taken":0,"max_hp_gain":0,"max_hp_loss":0,"event_name":"Colosseum","floor":22,"gold_loss":0}],"is_beta":true,"boss_relics":[{"not_picked":["Busted Crown","Tiny House"],"picked":"Black Star"}],"items_purged_floors":[5],"is_endless":false,"potions_floor_spawned":[7,14,16,18],"killed_by":"Slavers","ascension_level":15}