{"gold_per_floor":[115,48,68,81,101,101,127,127,127,161],"floor_reached":10,"playtime":546,"items_purged":[],"score":90,"play_id":"17be7b71-6663-4f53-b5c2-821090f0f132","local_time":"20181120010322","is_ascension_mode":true,"campfire_choices":[{"data":"Prepared","floor":6,"key":"SMITH"},{"data":"Venomology","floor":8,"key":"SMITH"}],"neow_cost":"NONE","seed_source_timestamp":118725441367168,"circlet_count":0,"master_deck":["Defend_G","Defend_G","Defend_G","Defend_G","Defend_G","Strike_G","Strike_G","Strike_G","Strike_G","Strike_G","Survivor","Neutralize","Eviscerate","Calculated Gamble","Prepared+1","Backstab","Escape Plan","Venomology+1","Blur+1"],"relics":["Lizard Tail","Pantograph","Toxic Egg 2","Pear"],"potions_floor_usage":[10,10,10],"damage_taken":[{"damage":4,"enemies":"Jaw Worm","floor":1,"turns":5},{"damage":2,"enemies":"Cultist","floor":3,"turns":4},{"damage":3,"enemies":"2 Louse","floor":4,"turns":4},{"damage":4,"enemies":"Large Slime","floor":5,"turns":6},{"damage":39,"enemies":"3 Sentries","floor":7,"turns":13},{"damage":38,"enemies":"Gremlin Nob","floor":10,"turns":6}],"seed_played":"3020499168725219775","potions_obtained":[{"floor":1,"key":"Dexterity Potion"},{"floor":7,"key":"EssenceOfSteel"}],"is_trial":false,"path_per_floor":["M","$","M","M","M","R","E","R","T","E"],"character_chosen":"THE_SILENT","items_purchased":["Calculated Gamble"],"campfire_rested":0,"item_purchase_floors":[2],"current_hp_per_floor":[66,66,64,61,57,57,18,18,18,42],"gold":161,"neow_bonus":"BOSS_RELIC","is_prod":false,"is_daily":false,"chose_seed":false,"campfire_upgraded":2,"win_rate":0,"timestamp":1542693802,"path_taken":["M","$","M","M","M","R","E","R","T","E"],"build_version":"2018-11-15","purchased_purges":0,"victory":false,"max_hp_per_floor":[70,70,70,70,70,70,70,70,70,80],"card_choices":[{"not_picked":["Underhanded Strike","Dagger Throw"],"picked":"Eviscerate","floor":1},{"not_picked":["Blade Dance","Slice"],"picked":"Prepared","floor":3},{"not_picked":["Prepared","PiercingWail"],"picked":"Backstab","floor":4},{"not_picked":["Bane","Cloak And Dagger"],"picked":"Escape Plan","floor":5},{"not_picked":["Prepared","Acrobatics"],"picked":"Venomology","floor":7},{"not_picked":["Accuracy","Bouncing Flask+1"],"picked":"Blur+1","floor":10}],"player_experience":299691,"relics_obtained":[{"floor":7,"key":"Pantograph"},{"floor":9,"key":"Toxic Egg 2"},{"floor":10,"key":"Pear"}],"event_choices":[],"is_beta":false,"boss_relics":[],"items_purged_floors":[],"is_endless":false,"potions_floor_spawned":[1,7],"killed_by":"Gremlin Nob","ascension_level":3}