{"gold_per_floor":[10,26,26,26,26,26,60,80,80,110,110,136,136,166,166,166],"floor_reached":16,"playtime":787,"items_purged":[],"score":164,"play_id":"09e18361-7f49-451f-8721-e7ce25117a40","local_time":"20190108200419","is_ascension_mode":true,"campfire_choices":[{"data":"Blade Dance","floor":6,"key":"SMITH"},{"floor":11,"key":"REST"},{"floor":13,"key":"REST"},{"data":"Forethought","floor":15,"key":"SMITH"}],"neow_cost":"NO_GOLD","seed_source_timestamp":247821230859148,"circlet_count":0,"master_deck":["Defend_G","Defend_G","Defend_G","Defend_G","Defend_G+1","Strike_G","Strike_G","Strike_G","Strike_G","Strike_G","Survivor+1","Neutralize+1","Forethought+1","Madness","Backflip","Blade Dance+1","Dash","PiercingWail","Dagger Spray","Slice","All Out Attack"],"relics":["Ring of the Snake","Singing Bowl","Darkstone Periapt","Kunai","Bronze Scales","Blood Vial"],"potions_floor_usage":[12],"damage_taken":[{"damage":3,"enemies":"Jaw Worm","floor":1,"turns":7},{"damage":0,"enemies":"2 Louse","floor":2,"turns":4},{"damage":12,"enemies":"3 Sentries","floor":7,"turns":12},{"damage":0,"enemies":"Small Slimes","floor":8,"turns":3},{"damage":19,"enemies":"Lagavulin","floor":10,"turns":11},{"damage":13,"enemies":"Gremlin Nob","floor":12,"turns":5},{"damage":6,"enemies":"3 Sentries","floor":14,"turns":6},{"damage":49,"enemies":"Slime Boss","floor":16,"turns":8}],"seed_played":"-7621113477186611154","potions_obtained":[{"floor":1,"key":"Weak Potion"},{"floor":10,"key":"Swift Potion"},{"floor":12,"key":"Ancient Potion"}],"is_trial":false,"path_per_floor":["M","M","?","?","?","R","E","M","T","E","R","E","R","E","R","B"],"character_chosen":"THE_SILENT","items_purchased":[],"campfire_rested":2,"item_purchase_floors":[],"current_hp_per_floor":[60,60,46,46,46,46,34,34,34,15,36,23,44,38,38,0],"gold":166,"neow_bonus":"RANDOM_COLORLESS_2","is_prod":false,"is_daily":false,"chose_seed":false,"campfire_upgraded":2,"win_rate":0,"timestamp":1546999459,"path_taken":["M","M","?","?","?","R","E","M","T","E","R","E","R","E","R","BOSS"],"build_version":"2019-01-03v4","purchased_purges":0,"victory":false,"max_hp_per_floor":[70,70,70,70,70,70,70,70,70,70,70,70,70,70,70,70],"card_choices":[{"not_picked":["Bane","Outmaneuver"],"picked":"Backflip","floor":1},{"not_picked":["Infinite Blades","Poisoned Stab"],"picked":"Blade Dance","floor":2},{"not_picked":["Well Laid Plans","Deflect"],"picked":"Dash","floor":7},{"not_picked":["Deadly Poison","Tactician"],"picked":"PiercingWail","floor":8},{"not_picked":["Underhanded Strike","Tools of the Trade"],"picked":"Dagger Spray","floor":10},{"not_picked":["Tactician","Dagger Spray"],"picked":"Slice","floor":12},{"not_picked":["Reflex","Masterful Stab"],"picked":"All Out Attack","floor":14}],"player_experience":131906,"relics_obtained":[{"floor":7,"key":"Singing Bowl"},{"floor":9,"key":"Darkstone Periapt"},{"floor":10,"key":"Kunai"},{"floor":12,"key":"Bronze Scales"},{"floor":14,"key":"Blood Vial"}],"event_choices":[{"damage_healed":0,"gold_gain":0,"player_choice":"Entered Light","damage_taken":14,"max_hp_gain":0,"max_hp_loss":0,"event_name":"Shining Light","floor":3,"gold_loss":0,"cards_upgraded":["Defend_G","Survivor"]},{"damage_healed":0,"gold_gain":0,"player_choice":"Leave","damage_taken":0,"max_hp_gain":0,"max_hp_loss":0,"event_name":"The Cleric","floor":4,"gold_loss":0},{"damage_healed":0,"gold_gain":0,"player_choice":"Grow","damage_taken":0,"max_hp_gain":0,"max_hp_loss":0,"event_name":"Living Wall","floor":5,"gold_loss":0,"cards_upgraded":["Neutralize"]}],"is_beta":false,"boss_relics":[],"items_purged_floors":[],"is_endless":false,"potions_floor_spawned":[1,10,12],"killed_by":"Slime Boss","ascension_level":6}