{"gold_per_floor":[109,34,109,124,124,154,169,201,227,0,19,19,38,38,38,111,161,171,171,187,198,0,0,0],"floor_reached":24,"playtime":2784,"items_purged":["Strike_R","Strike_R","Strike_R"],"score":418,"play_id":"6a9a7648-0e98-4ddb-a9f6-f4492fd22b8c","local_time":"20181230220543","is_ascension_mode":true,"campfire_choices":[{"floor":12,"key":"REST"},{"data":"Body Slam","floor":15,"key":"SMITH"},{"floor":23,"key":"REST"}],"neow_cost":"NONE","seed_source_timestamp":947207432200143,"circlet_count":0,"master_deck":["AscendersBane","Strike_R","Strike_R","Defend_R","Defend_R","Defend_R","Defend_R","Bash+1","Anger","Shrug It Off","Impervious","Impatience","Thunderclap","Body Slam+1","Entrench","Metallicize","True Grit","Disarm","Dark Embrace","Cleave","Ghostly","Ghostly","Ghostly","Ghostly","Ghostly","Flame Barrier","Corruption"],"relics":["Burning Blood","NeowsBlessing","Orichalcum","Lantern","Tiny House"],"potions_floor_usage":[16,16,21],"damage_taken":[{"damage":0,"enemies":"Small Slimes","floor":1,"turns":1},{"damage":0,"enemies":"2 Louse","floor":4,"turns":1},{"damage":0,"enemies":"Lagavulin","floor":6,"turns":1},{"damage":6,"enemies":"Cultist","floor":7,"turns":4},{"damage":34,"enemies":"3 Sentries","floor":8,"turns":9},{"damage":10,"enemies":"Large Slime","floor":11,"turns":6},{"damage":1,"enemies":"Blue Slaver","floor":13,"turns":5},{"damage":68,"enemies":"The Guardian","floor":16,"turns":24},{"damage":7,"enemies":"Chosen","floor":18,"turns":10},{"damage":31,"enemies":"3 Byrds","floor":20,"turns":11},{"damage":15,"enemies":"3 Cultists","floor":21,"turns":9},{"damage":24,"enemies":"Centurion and Healer","floor":24,"turns":8}],"seed_played":"5600240985555165105","potions_obtained":[{"floor":7,"key":"Weak Potion"},{"floor":11,"key":"PowerPotion"},{"floor":17,"key":"SteroidPotion"}],"is_trial":false,"path_per_floor":["M","$","?","M","?","E","M","E","T","$","M","R","M","?","R","B",null,"M","?","M","M","$","R","M"],"character_chosen":"IRONCLAD","items_purchased":["Metallicize","True Grit","Corruption"],"campfire_rested":2,"item_purchase_floors":[10,10,22],"current_hp_per_floor":[74,74,63,69,69,75,75,47,47,47,43,65,70,75,75,13,68,67,42,17,8,8,20,0],"gold":0,"neow_bonus":"THREE_ENEMY_KILL","is_prod":false,"is_daily":false,"chose_seed":false,"campfire_upgraded":1,"win_rate":0,"timestamp":1546207543,"path_taken":["M","$","?","M","?","E","M","E","T","$","M","R","?","?","R","BOSS","M","?","M","M","$","R","M"],"build_version":"2018-12-20","purchased_purges":3,"victory":false,"max_hp_per_floor":[75,75,75,75,75,75,75,75,75,75,75,75,75,80,80,80,85,85,42,42,42,42,42,42],"card_choices":[{"not_picked":["Perfected Strike","Clash"],"picked":"Anger","floor":1},{"not_picked":["Twin Strike","Hemokinesis"],"picked":"Shrug It Off","floor":4},{"not_picked":["Second Wind","Headbutt"],"picked":"Thunderclap","floor":6},{"not_picked":["Intimidate","Clash"],"picked":"Body Slam","floor":7},{"not_picked":["Exhume","Anger"],"picked":"Entrench","floor":8},{"not_picked":["Iron Wave","Seeing Red"],"picked":"Disarm","floor":11},{"not_picked":["Clash","Clothesline","Heavy Blade"],"picked":"SKIP","floor":13},{"not_picked":["Reaper","Exhume"],"picked":"Dark Embrace","floor":16},{"not_picked":["Clothesline","Hemokinesis"],"picked":"Cleave","floor":18},{"not_picked":["Infernal Blade","Searing Blow","Bloodletting"],"picked":"SKIP","floor":20},{"not_picked":["Intimidate","Power Through"],"picked":"Flame Barrier","floor":21}],"player_experience":1097172,"relics_obtained":[{"floor":6,"key":"Orichalcum"},{"floor":8,"key":"Lantern"}],"event_choices":[{"damage_healed":0,"gold_gain":75,"player_choice":"Gather Gold","damage_taken":11,"max_hp_gain":0,"max_hp_loss":0,"event_name":"World of Goop","floor":3,"gold_loss":0},{"damage_healed":0,"gold_gain":0,"player_choice":"2 cards matched","damage_taken":0,"max_hp_gain":0,"max_hp_loss":0,"event_name":"Match and Keep!","floor":5,"gold_loss":0,"cards_obtained":["Impervious","Impatience"]},{"damage_healed":0,"gold_gain":0,"player_choice":"Donut","damage_taken":0,"max_hp_gain":5,"max_hp_loss":0,"event_name":"Big Fish","floor":14,"gold_loss":0},{"damage_healed":0,"gold_gain":0,"player_choice":"Became a Ghost","damage_taken":0,"max_hp_gain":0,"max_hp_loss":43,"event_name":"Ghosts","floor":19,"gold_loss":0,"cards_obtained":["Ghostly","Ghostly","Ghostly","Ghostly","Ghostly"]}],"is_beta":false,"boss_relics":[{"not_picked":["Runic Cube","Lizard Tail"],"picked":"Tiny House"}],"items_purged_floors":[2,10,22],"is_endless":false,"potions_floor_spawned":[7,11],"killed_by":"Centurion and Healer","ascension_level":14}