{"gold_per_floor":[112,112,123,73,73,103,103,113,184,197,208,208,237,237,237,341,391,403,169,169,169,20,20,20,32,32,46,46],"floor_reached":28,"playtime":1291,"items_purged":["Strike_B"],"score":380,"play_id":"976cd1cd-1394-41bd-84fe-82858376d57a","local_time":"20181225121243","is_ascension_mode":true,"campfire_choices":[{"floor":7,"key":"RECALL"},{"data":"Hyperbeam","floor":12,"key":"SMITH"},{"floor":15,"key":"REST"},{"floor":23,"key":"REST"}],"neow_cost":"NONE","seed_source_timestamp":481113662847097,"circlet_count":0,"master_deck":["AscendersBane","Defend_B","Defend_B","Defend_B","Defend_B+1","Zap","Dualcast","Compile Driver","Aggregate","Sweeping Beam","Hyperbeam+1","Tempest","Go for the Eyes+1","Gash","Conserve Battery","Beam Cell","Fission","Streamline","Glacier+1","Defragment","Doom and Gloom","All For One","Gash+1","Hologram"],"relics":["Cracked Core","NeowsBlessing","Lantern","Dodecahedron","Tiny House","Thread and Needle","The Courier"],"potions_floor_usage":[10,13,13,24],"damage_taken":[{"damage":0,"enemies":"2 Louse","floor":1,"turns":1},{"damage":0,"enemies":"Jaw Worm","floor":3,"turns":1},{"damage":0,"enemies":"Lagavulin","floor":6,"turns":1},{"damage":0,"enemies":"Cultist","floor":8,"turns":4},{"damage":7,"enemies":"Gremlin Gang","floor":10,"turns":2},{"damage":0,"enemies":"Looter","floor":11,"turns":1},{"damage":10,"enemies":"Gremlin Nob","floor":13,"turns":3},{"damage":33,"enemies":"Slime Boss","floor":16,"turns":8},{"damage":35,"enemies":"Shell Parasite","floor":18,"turns":6},{"damage":0,"enemies":"3 Byrds","floor":24,"turns":2},{"damage":32,"enemies":"Shelled Parasite and Fungi","floor":25,"turns":4},{"damage":7,"enemies":"Snake Plant","floor":27,"turns":4},{"damage":22,"enemies":"Slavers","floor":28,"turns":1}],"seed_played":"426942672481173840","potions_obtained":[{"floor":1,"key":"AttackPotion"},{"floor":3,"key":"Swift Potion"},{"floor":6,"key":"Poison Potion"},{"floor":17,"key":"SmokeBomb"}],"is_trial":false,"path_per_floor":["M","?","M","?","?","E","R","M","T","M","M","R","E","?","R","B",null,"M","$","?","?","$","R","M","M","T","M","E"],"character_chosen":"DEFECT","items_purchased":["Defragment","Coolheaded","Doom and Gloom","All For One"],"campfire_rested":2,"item_purchase_floors":[19,19,19,22],"current_hp_per_floor":[68,68,68,68,68,68,68,68,68,61,61,61,51,51,73,40,71,36,36,36,36,36,60,60,28,28,21,0],"gold":46,"neow_bonus":"THREE_ENEMY_KILL","is_prod":false,"is_daily":false,"chose_seed":false,"campfire_upgraded":1,"win_rate":0,"timestamp":1545739963,"path_taken":["M","?","M","?","?","E","R","M","T","?","?","R","E","?","R","BOSS","M","$","?","?","$","R","M","M","T","M","E"],"build_version":"2018-12-20","purchased_purges":1,"victory":false,"max_hp_per_floor":[75,75,75,75,75,75,75,75,75,75,75,75,75,75,75,75,80,80,80,80,80,80,80,80,80,80,80,80],"card_choices":[{"not_picked":["Scrape","Hologram"],"picked":"Compile Driver","floor":1},{"not_picked":["Storm","BootSequence"],"picked":"Sweeping Beam","floor":3},{"not_picked":["Barrage","Fusion"],"picked":"Tempest","floor":6},{"not_picked":["Turbo","Gash"],"picked":"Go for the Eyes","floor":8},{"not_picked":["Rebound","Go for the Eyes"],"picked":"Gash","floor":10},{"not_picked":["Barrage","Stack"],"picked":"Conserve Battery","floor":11},{"not_picked":["Meteor Strike","Double Energy"],"picked":"Beam Cell","floor":13},{"not_picked":["Rainbow","Buffer"],"picked":"Fission","floor":16},{"not_picked":["Fusion","Hologram"],"picked":"Streamline","floor":17},{"not_picked":["Recycle","Sweeping Beam"],"picked":"Glacier+1","floor":18},{"not_picked":["Ball Lightning","BootSequence"],"picked":"Gash+1","floor":25},{"not_picked":["Blizzard+1","Turbo"],"picked":"Hologram","floor":27}],"player_experience":1083524,"relics_obtained":[{"floor":6,"key":"Lantern"},{"floor":13,"key":"Dodecahedron"},{"floor":26,"key":"The Courier"}],"event_choices":[{"damage_healed":0,"gold_gain":0,"cards_transformed":["Strike_B"],"player_choice":"Change","damage_taken":0,"max_hp_gain":0,"max_hp_loss":0,"event_name":"Living Wall","floor":2,"gold_loss":0,"cards_obtained":["Aggregate"]},{"cards_removed":["Strike_B"],"damage_healed":0,"gold_gain":0,"player_choice":"Card Removal","damage_taken":0,"max_hp_gain":0,"max_hp_loss":0,"event_name":"The Cleric","floor":4,"gold_loss":50},{"damage_healed":0,"gold_gain":0,"cards_transformed":["Strike_B"],"player_choice":"Transformed","damage_taken":0,"max_hp_gain":0,"max_hp_loss":0,"event_name":"Transmorgrifier","floor":5,"gold_loss":0,"cards_obtained":["Hyperbeam"]},{"damage_healed":0,"gold_gain":0,"player_choice":"Upgraded","damage_taken":0,"max_hp_gain":0,"max_hp_loss":0,"event_name":"Upgrade Shrine","floor":14,"gold_loss":0,"cards_upgraded":["Go for the Eyes"]},{"damage_healed":0,"gold_gain":0,"player_choice":"Ignored","damage_taken":0,"max_hp_gain":0,"max_hp_loss":0,"event_name":"Vampires","floor":20,"gold_loss":0},{"cards_removed":["Coolheaded"],"damage_healed":0,"gold_gain":0,"player_choice":"Gave Card","damage_taken":0,"relics_obtained":["Thread and Needle"],"max_hp_gain":0,"max_hp_loss":0,"event_name":"WeMeetAgain","floor":21,"gold_loss":0}],"is_beta":false,"boss_relics":[{"not_picked":["Cursed Key","Eternal Feather"],"picked":"Tiny House"}],"items_purged_floors":[19],"is_endless":false,"potions_floor_spawned":[1,3,6,24],"killed_by":"Slavers","ascension_level":10}