{"path_per_floor":["M","?","?","$","?","R","E","M","T","R","E","?","M","M","R","B",null,"M","?","M","M","?","E","$","R","T","E","$","R","M","M","R"],"character_chosen":"THE_SILENT","items_purchased":["Heel Hook","Panache","Concentrate"],"gold_per_floor":[117,117,117,5,5,5,39,49,49,49,82,40,53,65,65,165,165,178,178,198,215,215,242,18,18,18,46,46,46,65,81,81,81],"floor_reached":33,"campfire_rested":1,"playtime":3522,"item_purchase_floors":[4,24,24],"current_hp_per_floor":[70,63,63,63,63,63,32,31,31,31,8,8,7,7,28,2,70,68,68,50,35,35,15,15,15,15,7,7,7,6,35,35,0],"items_purged":["Defend_G"],"gold":81,"score":293,"play_id":"5e6473fb-165e-45ec-b7bd-ed4e80458b6d","local_time":"20180607203823","is_prod":false,"is_daily":false,"chose_seed":false,"is_ascension_mode":false,"campfire_upgraded":5,"win_rate":0,"timestamp":1528425503,"campfire_choices":[{"data":"Reflex","floor":6,"key":"SMITH"},{"data":"Neutralize","floor":10,"key":"SMITH"},{"floor":15,"key":"REST"},{"data":"Adrenaline","floor":25,"key":"SMITH"},{"data":"Panache","floor":29,"key":"SMITH"},{"data":"Footwork","floor":32,"key":"SMITH"}],"path_taken":["M","?","?","?","?","R","E","M","T","R","E","?","?","M","R","BOSS","M","?","?","M","?","E","$","R","T","E","$","R","M","M","R","BOSS"],"build_version":"2018-06-07","seed_source_timestamp":444523512654215,"purchased_purges":1,"victory":false,"master_deck":["Defend_G","Defend_G","Defend_G","Defend_G","Strike_G","Strike_G","Strike_G","Survivor","Neutralize+1","Quick Slash","Reflex+1","Heel Hook","Sucker Punch","Footwork+1","Backstab","Adrenaline+1","Heel Hook","Normality","Backflip+1","Prepared","Heel Hook","Panache+1","Concentrate","Backstab+1","Quick Slash+1","Blur"],"max_hp_per_floor":[70,70,70,70,70,70,70,70,70,70,70,70,70,70,70,70,70,70,70,70,70,70,70,70,70,70,70,70,70,70,70,70,70],"relics":["Ring of the Snake","Tingsha","Calipers","Torii","Lizard Tail","Bronze Scales","Pen Nib","Ornamental Fan","Boot"],"card_choices":[{"not_picked":["Blur","Deadly Poison"],"picked":"Quick Slash","floor":1},{"not_picked":["Dagger Spray","Setup"],"picked":"Sucker Punch","floor":7},{"not_picked":["Expertise","Deadly Poison","Reflex"],"picked":"SKIP","floor":8},{"not_picked":["Riddle With Holes","Terror"],"picked":"Footwork","floor":11},{"not_picked":["Poisoned Stab","Noxious Fumes"],"picked":"Backstab","floor":13},{"not_picked":["Poisoned Stab","Malaise","Slice"],"picked":"SKIP","floor":14},{"not_picked":["Doppelganger","A Thousand Cuts"],"picked":"Adrenaline","floor":16},{"not_picked":["Deadly Poison+1","Choke"],"picked":"Heel Hook","floor":18},{"not_picked":["Flying Knee","Cloak And Dagger+1"],"picked":"Backflip+1","floor":20},{"not_picked":["Flechettes","Finisher"],"picked":"Prepared","floor":21},{"not_picked":["Prepared","Flying Knee"],"picked":"Heel Hook","floor":23},{"not_picked":["Flechettes+1","PiercingWail"],"picked":"Backstab+1","floor":27},{"not_picked":["Backflip","Bane+1"],"picked":"Quick Slash+1","floor":30},{"not_picked":["Predator","Underhanded Strike"],"picked":"Blur","floor":31}],"player_experience":118636,"potions_floor_usage":[16,16,23,27,33],"damage_taken":[{"damage":0,"enemies":"Cultist","floor":1,"turns":5},{"damage":31,"enemies":"3 Sentries","floor":7,"turns":14},{"damage":1,"enemies":"2 Louse","floor":8,"turns":3},{"damage":23,"enemies":"Gremlin Nob","floor":11,"turns":5},{"damage":1,"enemies":"Small Slimes","floor":13,"turns":4},{"damage":0,"enemies":"3 Louse","floor":14,"turns":4},{"damage":26,"enemies":"The Guardian","floor":16,"turns":19},{"damage":2,"enemies":"Spheric Guardian","floor":18,"turns":7},{"damage":18,"enemies":"Chosen","floor":20,"turns":6},{"damage":15,"enemies":"Slaver and Parasite","floor":21,"turns":9},{"damage":20,"enemies":"Slavers","floor":23,"turns":6},{"damage":19,"enemies":"Gremlin Leader","floor":27,"turns":5},{"damage":1,"enemies":"Centurion and Healer","floor":30,"turns":4},{"damage":7,"enemies":"3 Cultists","floor":31,"turns":4},{"damage":59,"enemies":"Champ","floor":33,"turns":14}],"relics_obtained":[{"floor":7,"key":"Tingsha"},{"floor":9,"key":"Calipers"},{"floor":11,"key":"Torii"},{"floor":23,"key":"Pen Nib"},{"floor":26,"key":"Ornamental Fan"},{"floor":27,"key":"Boot"}],"event_choices":[{"event_name":"Golden Wing","player_choice":"Card Removal","floor":2,"damage_taken":0},{"event_name":"Transmorgrifier","player_choice":"Transform","floor":3,"damage_taken":0},{"event_name":"The Lab","player_choice":"Got Potions","floor":5,"damage_taken":0},{"event_name":"World of Goop","player_choice":"Left","floor":12,"damage_taken":0},{"event_name":"Accursed Blacksmith","player_choice":"Rummage","floor":19,"damage_taken":0},{"event_name":"Ghosts","player_choice":"Ignored","floor":22,"damage_taken":0}],"boss_relics":[{"not_picked":["Runic Dome","Philosopher\u0027s Stone"],"picked":"Lizard Tail"}],"items_purged_floors":[4],"potions_floor_spawned":[1,11,13,16,20,21,30],"seed_played":"-2343713114747527185","killed_by":"Champ","ascension_level":0,"potions_obtained":[{"floor":1,"key":"SkillPotion"},{"floor":5,"key":"FairyPotion"},{"floor":5,"key":"Dexterity Potion"},{"floor":16,"key":"SteroidPotion"},{"floor":20,"key":"FearPotion"},{"floor":21,"key":"AttackPotion"},{"floor":30,"key":"Weak Potion"}],"is_trial":false}