{"gold_per_floor":[119,44,56,131,143,176,176,176,176,176,25,25,45,62,62,134,134,151,151,169,185,185,215,215,229,229,279,291,143,163,183,183,183],"floor_reached":33,"playtime":938,"items_purged":["Strike_R"],"score":496,"play_id":"41e2538b-d6a8-4dc7-ab88-98720d556287","local_time":"20190208202124","is_ascension_mode":true,"campfire_choices":[{"data":"Immolate","floor":7,"key":"SMITH"},{"data":"Perfected Strike","floor":10,"key":"SMITH"},{"data":"True Grit","floor":15,"key":"SMITH"},{"data":"Evolve","floor":24,"key":"SMITH"},{"data":"Armaments","floor":32,"key":"SMITH"}],"neow_cost":"PERCENT_DAMAGE","seed_source_timestamp":1690187612615419,"circlet_count":0,"master_deck":["AscendersBane","Strike_R","Strike_R","Strike_R","Strike_R","Defend_R","Defend_R","Defend_R","Bash","Immolate+1","Shrug It Off","Perfected Strike+1","Feed","Twin Strike","True Grit+1","Exhume","Wild Strike","Sentinel+1","Shockwave","J.A.X.","Evolve+1","Shrug It Off","Armaments+1"],"relics":["Burning Blood","Kunai","Meat on the Bone","Blood Vial","Philosopher\u0027s Stone","Darkstone Periapt","Mercury Hourglass","Omamori"],"potions_floor_usage":[6,20,21,23,31,31],"damage_taken":[{"damage":6,"enemies":"Cultist","floor":1,"turns":3},{"damage":2,"enemies":"Small Slimes","floor":3,"turns":2},{"damage":0,"enemies":"2 Louse","floor":5,"turns":4},{"damage":32,"enemies":"Lagavulin","floor":6,"turns":7},{"damage":8,"enemies":"Blue Slaver","floor":13,"turns":2},{"damage":0,"enemies":"Exordium Thugs","floor":14,"turns":2},{"damage":16,"enemies":"Slime Boss","floor":16,"turns":9},{"damage":22,"enemies":"2 Thieves","floor":18,"turns":4},{"damage":15,"enemies":"3 Byrds","floor":20,"turns":2},{"damage":36,"enemies":"Centurion and Healer","floor":21,"turns":9},{"damage":34,"enemies":"Gremlin Leader","floor":23,"turns":8},{"damage":27,"enemies":"Snake Plant","floor":25,"turns":4},{"damage":9,"enemies":"3 Cultists","floor":28,"turns":4},{"damage":12,"enemies":"Centurion and Healer","floor":30,"turns":7},{"damage":12,"enemies":"Snake Plant","floor":31,"turns":4},{"damage":102,"enemies":"Automaton","floor":33,"turns":6}],"seed_played":"-6428253072936646929","potions_obtained":[{"floor":3,"key":"Energy Potion"},{"floor":5,"key":"LiquidBronze"},{"floor":6,"key":"Regen Potion"},{"floor":21,"key":"Strength Potion"},{"floor":23,"key":"Poison Potion"},{"floor":30,"key":"Block Potion"}],"is_trial":false,"path_per_floor":["M","$","M","?","M","E","R","?","T","R","$","?","M","M","R","B",null,"M","?","M","M","?","E","R","M","T","?","M","$","M","M","R","B"],"character_chosen":"IRONCLAD","items_purchased":["Feed","Omamori"],"campfire_rested":0,"item_purchase_floors":[11,29],"current_hp_per_floor":[50,50,54,43,49,23,23,23,23,23,23,23,35,46,46,50,71,60,60,53,58,58,44,44,40,40,40,54,54,65,61,61,0],"gold":183,"neow_bonus":"THREE_RARE_CARDS","is_prod":false,"is_daily":false,"chose_seed":false,"campfire_upgraded":5,"win_rate":0,"timestamp":1549675284,"path_taken":["M","?","M","?","M","E","R","?","T","R","$","?","?","M","R","BOSS","M","?","M","M","?","E","R","M","T","?","?","$","M","M","R","BOSS"],"build_version":"2019-02-06","purchased_purges":1,"victory":false,"max_hp_per_floor":[75,75,75,75,75,75,75,75,75,75,75,75,75,78,78,78,78,81,81,81,87,87,87,87,90,90,90,93,93,96,96,96,96],"card_choices":[{"not_picked":["Offering","Dark Embrace"],"picked":"Immolate","floor":0},{"not_picked":["Perfected Strike","Second Wind"],"picked":"Shrug It Off","floor":1},{"not_picked":["Havoc","Whirlwind"],"picked":"Perfected Strike","floor":3},{"not_picked":["Rupture","Headbutt","Anger"],"picked":"SKIP","floor":5},{"not_picked":["Warcry","Reckless Charge","Combust"],"picked":"SKIP","floor":6},{"not_picked":["Flex","Armaments"],"picked":"Twin Strike","floor":13},{"not_picked":["Warcry","Impervious"],"picked":"True Grit","floor":14},{"not_picked":["Bludgeon","Berserk"],"picked":"Exhume","floor":16},{"not_picked":["Bloodletting","Heavy Blade","Flex"],"picked":"SKIP","floor":18},{"not_picked":["Clash","Flex+1"],"picked":"Sentinel+1","floor":20},{"not_picked":["Clash","Rampage"],"picked":"Shockwave","floor":21},{"not_picked":["Anger","Double Tap"],"picked":"Evolve","floor":23},{"not_picked":["Iron Wave","Metallicize"],"picked":"Shrug It Off","floor":25},{"not_picked":["Power Through","Havoc","Burning Pact"],"picked":"SKIP","floor":28},{"not_picked":["Corruption","Intimidate"],"picked":"Armaments","floor":30},{"not_picked":["Anger","Second Wind","Havoc"],"picked":"SKIP","floor":31}],"player_experience":643586,"relics_obtained":[{"floor":6,"key":"Kunai"},{"floor":9,"key":"Blood Vial"},{"floor":23,"key":"Darkstone Periapt"},{"floor":26,"key":"Mercury Hourglass"}],"event_choices":[{"damage_healed":0,"gold_gain":75,"player_choice":"Gather Gold","damage_taken":11,"max_hp_gain":0,"max_hp_loss":0,"event_name":"World of Goop","floor":4,"gold_loss":0},{"damage_healed":0,"gold_gain":0,"player_choice":"Searched \u00271\u0027 times","damage_taken":0,"relics_obtained":["Meat on the Bone"],"max_hp_gain":0,"max_hp_loss":0,"event_name":"Dead Adventurer","floor":8,"gold_loss":0},{"cards_removed":["Defend_R"],"damage_healed":0,"gold_gain":0,"player_choice":"Purged","damage_taken":0,"max_hp_gain":0,"max_hp_loss":0,"event_name":"Purifier","floor":12,"gold_loss":0},{"damage_healed":0,"gold_gain":0,"player_choice":"Read","damage_taken":0,"max_hp_gain":0,"max_hp_loss":0,"event_name":"The Library","floor":19,"gold_loss":0,"cards_obtained":["Wild Strike"]},{"damage_healed":0,"gold_gain":0,"player_choice":"Obtain J.A.X.","damage_taken":0,"max_hp_gain":0,"max_hp_loss":0,"event_name":"Drug Dealer","floor":22,"gold_loss":0,"cards_obtained":["J.A.X."]},{"damage_healed":0,"gold_gain":50,"player_choice":"Stole From Cult","damage_taken":0,"max_hp_gain":0,"max_hp_loss":0,"event_name":"Nest","floor":27,"gold_loss":0}],"is_beta":true,"boss_relics":[{"not_picked":["Calling Bell","Sozu"],"picked":"Philosopher\u0027s Stone"}],"items_purged_floors":[2],"is_endless":false,"potions_floor_spawned":[3,5,6,21,23,30],"killed_by":"Automaton","ascension_level":15}