{"gold_per_floor":[116,10,26,26,26,26,58,69,69,69,69,98,152,163,163,261,261,274,285,75,15,26,26],"floor_reached":23,"playtime":805,"items_purged":[],"score":249,"play_id":"d477f808-17c9-404f-a87f-1d0dd8667db9","local_time":"20181207191944","is_ascension_mode":true,"campfire_choices":[{"data":"Iron Wave","floor":6,"key":"SMITH"},{"floor":15,"key":"REST"}],"neow_cost":"NONE","seed_source_timestamp":1649780305177100,"circlet_count":0,"master_deck":["Strike_R","Strike_R+1","Defend_R","Defend_R","Defend_R","Defend_R","Bash+1","Iron Wave+1","Blind","Spot Weakness+1","Entrench+1","Armaments+1","Blood for Blood","Body Slam"],"relics":["Burning Blood","Sundial","Toxic Egg 2","Darkstone Periapt","Empty Cage","Blood Vial"],"potions_floor_usage":[16,16,16,18,23,23],"damage_taken":[{"damage":1,"enemies":"Cultist","floor":1,"turns":3},{"damage":0,"enemies":"Small Slimes","floor":3,"turns":3},{"damage":11,"enemies":"Lagavulin","floor":7,"turns":5},{"damage":7,"enemies":"Jaw Worm","floor":8,"turns":2},{"damage":28,"enemies":"3 Sentries","floor":12,"turns":9},{"damage":7,"enemies":"2 Fungi Beasts","floor":14,"turns":4},{"damage":28,"enemies":"Hexaghost","floor":16,"turns":11},{"damage":11,"enemies":"Spheric Guardian","floor":18,"turns":8},{"damage":26,"enemies":"Chosen","floor":19,"turns":6},{"damage":21,"enemies":"Snake Plant","floor":22,"turns":5},{"damage":34,"enemies":"Book of Stabbing","floor":23,"turns":7}],"seed_played":"-7197951701364769791","potions_obtained":[{"floor":7,"key":"Poison Potion"},{"floor":12,"key":"Fire Potion"},{"floor":14,"key":"FearPotion"},{"floor":16,"key":"EssenceOfSteel"},{"floor":19,"key":"SpeedPotion"},{"floor":22,"key":"EssenceOfSteel"}],"is_trial":false,"path_per_floor":["M","$","M","?","$","R","E","M","T","?","$","E","?","M","R","B",null,"M","M","$","?","M","E"],"character_chosen":"IRONCLAD","items_purchased":["Iron Wave","Blind","Blood Vial","Body Slam"],"campfire_rested":1,"item_purchase_floors":[2,2,20,20],"current_hp_per_floor":[80,80,80,64,64,64,59,58,58,58,58,36,36,35,59,37,69,64,44,44,44,31,0],"gold":26,"neow_bonus":"UPGRADE_CARD","is_prod":false,"is_daily":false,"chose_seed":false,"campfire_upgraded":1,"win_rate":0,"timestamp":1544206784,"path_taken":["M","$","M","?","$","R","E","M","T","?","?","E","?","M","R","BOSS","M","M","$","?","M","E"],"build_version":"2018-12-06","purchased_purges":0,"victory":false,"max_hp_per_floor":[80,80,80,80,80,80,80,80,80,80,80,80,80,80,80,80,80,80,80,80,80,80,80],"card_choices":[{"not_picked":["Flex","Shrug It Off","Anger"],"picked":"SKIP","floor":1},{"not_picked":["Second Wind","Sword Boomerang"],"picked":"Spot Weakness","floor":3},{"not_picked":["Bloodletting","Wild Strike","Body Slam"],"picked":"SKIP","floor":7},{"not_picked":["Flex","Searing Blow"],"picked":"Entrench","floor":8},{"not_picked":["Cleave","Rampage"],"picked":"Armaments+1","floor":12},{"not_picked":["Rampage","Reckless Charge","Rupture"],"picked":"SKIP","floor":14},{"not_picked":["Perfected Strike","Metallicize"],"picked":"Blood for Blood","floor":18},{"not_picked":["Fire Breathing","Searing Blow","Body Slam"],"picked":"SKIP","floor":19},{"not_picked":["Sever Soul+1","Sentinel+1","Evolve+1"],"picked":"SKIP","floor":22}],"player_experience":785741,"relics_obtained":[{"floor":7,"key":"Sundial"},{"floor":9,"key":"Toxic Egg 2"},{"floor":12,"key":"Darkstone Periapt"}],"event_choices":[{"damage_healed":0,"gold_gain":0,"player_choice":"Entered Light","damage_taken":16,"max_hp_gain":0,"max_hp_loss":0,"event_name":"Shining Light","floor":4,"gold_loss":0,"cards_upgraded":["Spot Weakness","Strike_R"]},{"damage_healed":0,"gold_gain":0,"player_choice":"Grow","damage_taken":0,"max_hp_gain":0,"max_hp_loss":0,"event_name":"Living Wall","floor":10,"gold_loss":0,"cards_upgraded":["Entrench"]},{"damage_healed":0,"gold_gain":54,"player_choice":"Gained Gold","damage_taken":0,"max_hp_gain":0,"max_hp_loss":0,"event_name":"Golden Wing","floor":13,"gold_loss":0},{"cards_removed":["Strike_R"],"damage_healed":0,"gold_gain":0,"player_choice":"Single Remove","damage_taken":0,"max_hp_gain":0,"max_hp_loss":0,"event_name":"Designer","floor":21,"gold_loss":60}],"is_beta":false,"boss_relics":[{"not_picked":["Coffee Dripper","Runic Dome"],"picked":"Empty Cage"}],"items_purged_floors":[],"is_endless":false,"potions_floor_spawned":[7,12,14,16,19,22],"killed_by":"Book of Stabbing","ascension_level":5}