{"gold_per_floor":[113,113,113,12,32,59,82,113,125,167,506,518,530,558,570,683,695,727,749,761],"floor_reached":20,"playtime":2094,"items_purged":[],"score":193,"play_id":"a04e7135-aa31-4b4f-bb69-dd8dc77a0d9b","local_time":"20190206203645","is_ascension_mode":true,"campfire_choices":[{"floor":12.0,"key":"RECALL"},{"floor":15.0,"key":"REST"}],"neow_cost":"NONE","seed_source_timestamp":255030637555363,"circlet_count":0,"master_deck":["Strike_R+1","Strike_R+1","Defend_R","Defend_R","Defend_R","Bash","Evolve","Berserk","Heavy Blade","Inflame","Spot Weakness","Cleave","Twin Strike","Rupture","Cleave","Heavy Blade","Uppercut","Immolate","Bloodletting","Thunderclap+1"],"special_seed":0,"relics":["Burning Blood","Vajra","MawBank","Odd Mushroom","Old Coin","Empty Cage"],"potions_floor_usage":[],"damage_taken":[{"damage":3.0,"enemies":"2 Louse","floor":1.0,"turns":4.0},{"damage":7.0,"enemies":"Small Slimes","floor":5.0,"turns":4.0},{"damage":18.0,"enemies":"Lagavulin","floor":6.0,"turns":7.0},{"damage":3.0,"enemies":"Jaw Worm","floor":7.0,"turns":3.0},{"damage":9.0,"enemies":"3 Louse","floor":8.0,"turns":3.0},{"damage":7.0,"enemies":"The Mushroom Lair","floor":10.0,"turns":4.0},{"damage":7.0,"enemies":"Gremlin Nob","floor":11.0,"turns":3.0},{"damage":13.0,"enemies":"Lots of Slimes","floor":14.0,"turns":3.0},{"damage":31.0,"enemies":"Hexaghost","floor":16.0,"turns":8.0},{"damage":29.0,"enemies":"2 Thieves","floor":18.0,"turns":4.0},{"damage":22.0,"enemies":"Spheric Guardian","floor":19.0,"turns":4.0},{"damage":43,"enemies":"Masked Bandits","floor":20,"turns":3}],"seed_played":"-7161674508385470662","potions_obtained":[{"floor":5.0,"key":"EssenceOfSteel"},{"floor":6.0,"key":"PowerPotion"},{"floor":16.0,"key":"AttackPotion"},{"floor":18.0,"key":"FearPotion"}],"is_trial":false,"path_per_floor":["M","?","?","$","M","E","M","M","T","?","E","R","?","M","R","B",null,"M","M","?"],"character_chosen":"IRONCLAD","items_purchased":["Heavy Blade","Inflame"],"campfire_rested":1,"item_purchase_floors":[4,4],"current_hp_per_floor":[80,80,73,73,72,60,63,60,60,59,58,58,42,35,59,34,80,57,41,0],"gold":761,"neow_bonus":"RANDOM_COMMON_RELIC","is_prod":false,"is_daily":false,"chose_seed":false,"campfire_upgraded":0,"win_rate":0,"timestamp":1549481805,"path_taken":["M","?","?","$","M","E","M","M","T","?","E","R","?","M","R","BOSS","M","M","?"],"build_version":"2019-01-23","purchased_purges":0,"victory":false,"max_hp_per_floor":[80,80,80,80,80,80,80,80,80,80,80,80,80,80,80,80,80,80,80,80],"card_choices":[{"not_picked":["True Grit","Flex"],"picked":"Evolve","floor":1.0},{"not_picked":["Headbutt","Flex"],"picked":"Spot Weakness","floor":5.0},{"not_picked":["Power Through","Anger"],"picked":"Cleave","floor":6.0},{"not_picked":["Headbutt","Juggernaut"],"picked":"Twin Strike","floor":7.0},{"not_picked":["Rampage","Whirlwind"],"picked":"Rupture","floor":8.0},{"not_picked":["Flex","Dual Wield"],"picked":"Cleave","floor":10.0},{"not_picked":["Clothesline","Spot Weakness"],"picked":"Heavy Blade","floor":11.0},{"not_picked":["Ghostly Armor","Hemokinesis"],"picked":"Uppercut","floor":14.0},{"not_picked":["Feed","Bludgeon"],"picked":"Immolate","floor":16.0},{"not_picked":["Anger","Perfected Strike"],"picked":"Bloodletting","floor":18.0},{"not_picked":["Twin Strike","Clothesline"],"picked":"Thunderclap+1","floor":19.0}],"player_experience":191517,"relics_obtained":[{"floor":6.0,"key":"MawBank"},{"floor":10.0,"key":"Odd Mushroom"},{"floor":11.0,"key":"Old Coin"}],"event_choices":[{"damage_healed":0.0,"max_hp_gain":0.0,"max_hp_loss":0.0,"gold_gain":0.0,"cards_transformed":["Strike_R"],"event_name":"Living Wall","player_choice":"Change","floor":2.0,"gold_loss":0.0,"damage_taken":0.0,"cards_obtained":["Berserk"]},{"cards_removed":["Strike_R"],"damage_healed":0.0,"max_hp_gain":0.0,"max_hp_loss":0.0,"gold_gain":0.0,"event_name":"Golden Wing","player_choice":"Card Removal","floor":3.0,"gold_loss":0.0,"damage_taken":7.0},{"damage_healed":0.0,"max_hp_gain":0.0,"max_hp_loss":0.0,"gold_gain":0.0,"event_name":"Mushrooms","player_choice":"Fought Mushrooms","floor":10.0,"gold_loss":0.0,"damage_taken":0.0},{"damage_healed":0.0,"max_hp_gain":0.0,"max_hp_loss":0.0,"gold_gain":0.0,"event_name":"Shining Light","player_choice":"Entered Light","floor":13.0,"gold_loss":0.0,"damage_taken":16.0,"cards_upgraded":["Strike_R","Strike_R"]},{"damage_healed":0,"gold_gain":0,"player_choice":"Fought Bandits","damage_taken":0,"max_hp_gain":0,"max_hp_loss":0,"event_name":"Masked Bandits","floor":20,"gold_loss":0}],"is_beta":false,"boss_relics":[{"not_picked":["Runic Pyramid","Velvet Choker"],"picked":"Empty Cage"}],"items_purged_floors":[],"is_endless":false,"potions_floor_spawned":[5,6,16,18],"killed_by":"Masked Bandits","ascension_level":1}