{"gold_per_floor":[119,138,88,10,10,10,10,41,115,115,129,159,171,171,171,273,273,292,292,292],"floor_reached":20,"playtime":1290,"items_purged":[],"score":295,"play_id":"f55e4d20-5fff-4330-ba49-4bbea636d8ac","local_time":"20181227172953","is_ascension_mode":true,"campfire_choices":[{"floor":6,"key":"REST"},{"floor":10,"key":"REST"},{"floor":15,"key":"REST"}],"neow_cost":"NONE","seed_source_timestamp":672948710669090,"circlet_count":0,"master_deck":["AscendersBane","Strike_B","Strike_B","Strike_B","Defend_B","Defend_B","Defend_B","Defend_B","Zap+1","Dualcast","Sweeping Beam+1","Gash","FTL","Electrodynamics","Streamline","Go for the Eyes+1","Gash+1","Biased Cognition","Beam Cell+1","Ghostly+1","Ghostly+1","Ghostly+1","Ghostly+1","Ghostly+1"],"relics":["Eternal Feather","Singing Bowl","Toxic Egg 2","Molten Egg 2","Nuclear Battery"],"potions_floor_usage":[8,12,16,20],"damage_taken":[{"damage":9,"enemies":"2 Louse","floor":1,"turns":2},{"damage":9,"enemies":"Jaw Worm","floor":2,"turns":6},{"damage":31,"enemies":"3 Sentries","floor":8,"turns":8},{"damage":6,"enemies":"Cultist","floor":11,"turns":3},{"damage":35,"enemies":"Lagavulin","floor":12,"turns":4},{"damage":1,"enemies":"2 Fungi Beasts","floor":13,"turns":2},{"damage":31,"enemies":"Hexaghost","floor":16,"turns":9},{"damage":31,"enemies":"2 Thieves","floor":18,"turns":3},{"damage":33,"enemies":"Masked Bandits","floor":20,"turns":2}],"seed_played":"-7185302204764164943","potions_obtained":[{"floor":1,"key":"EssenceOfSteel"},{"floor":11,"key":"AttackPotion"},{"floor":12,"key":"Swift Potion"},{"floor":16,"key":"LiquidBronze"}],"is_trial":false,"path_per_floor":["M","M","?","$","?","R","$","E","T","R","M","E","M","?","R","B",null,"M","?","?"],"character_chosen":"DEFECT","items_purchased":["FTL"],"campfire_rested":3,"item_purchase_floors":[4],"current_hp_per_floor":[59,50,50,50,35,63,63,32,32,60,54,19,18,18,49,18,61,30,30,0],"gold":292,"neow_bonus":"BOSS_RELIC","is_prod":false,"is_daily":false,"chose_seed":false,"campfire_upgraded":0,"win_rate":0,"timestamp":1545931793,"path_taken":["M","M","?","$","?","R","$","E","T","R","?","E","M","?","R","BOSS","M","?","?"],"build_version":"2018-12-20","purchased_purges":0,"victory":false,"max_hp_per_floor":[75,75,75,75,75,75,75,75,75,75,75,75,75,75,75,75,75,75,37,37],"card_choices":[{"not_picked":["Reprogram","Darkness"],"picked":"Sweeping Beam","floor":1},{"not_picked":["Compile Driver","White Noise"],"picked":"Gash","floor":2},{"not_picked":["Steam","Streamline"],"picked":"Electrodynamics","floor":8},{"not_picked":["Steam Power+1","Compile Driver"],"picked":"Streamline","floor":11},{"not_picked":["Barrage","Fusion+1"],"picked":"Go for the Eyes","floor":12},{"not_picked":["BootSequence+1","Turbo+1"],"picked":"Gash+1","floor":13},{"not_picked":["Electrodynamics","Buffer"],"picked":"Biased Cognition","floor":16},{"not_picked":["Streamline+1","Heatsinks"],"picked":"Beam Cell+1","floor":18}],"player_experience":1093370,"relics_obtained":[{"floor":8,"key":"Singing Bowl"},{"floor":9,"key":"Toxic Egg 2"},{"floor":12,"key":"Molten Egg 2"}],"event_choices":[{"cards_removed":["Strike_B"],"damage_healed":0,"gold_gain":0,"player_choice":"Card Removal","damage_taken":0,"max_hp_gain":0,"max_hp_loss":0,"event_name":"The Cleric","floor":3,"gold_loss":50},{"damage_healed":0,"gold_gain":0,"player_choice":"Entered Light","damage_taken":15,"max_hp_gain":0,"max_hp_loss":0,"event_name":"Shining Light","floor":5,"gold_loss":0,"cards_upgraded":["Zap","Sweeping Beam"]},{"damage_healed":0,"gold_gain":0,"player_choice":"Ignored","damage_taken":0,"max_hp_gain":0,"max_hp_loss":0,"event_name":"Liars Game","floor":14,"gold_loss":0},{"damage_healed":0,"gold_gain":0,"player_choice":"Became a Ghost","damage_taken":0,"max_hp_gain":0,"max_hp_loss":38,"event_name":"Ghosts","floor":19,"gold_loss":0,"cards_obtained":["Ghostly","Ghostly","Ghostly","Ghostly","Ghostly"]},{"damage_healed":0,"gold_gain":0,"player_choice":"Fought Bandits","damage_taken":0,"max_hp_gain":0,"max_hp_loss":0,"event_name":"Masked Bandits","floor":20,"gold_loss":0}],"is_beta":false,"boss_relics":[{"not_picked":["White Beast Statue","Ectoplasm"],"picked":"Nuclear Battery"}],"items_purged_floors":[],"is_endless":false,"potions_floor_spawned":[1,11,12,16],"killed_by":"Masked Bandits","ascension_level":10}