{"gold_per_floor":[112,62,72,83,83,108,108,127,127,41,51,51,66,76,76,76],"floor_reached":16,"playtime":1826,"items_purged":[],"score":109,"play_id":"900578a2-ebfc-40b4-971e-c4fe3fb32f5f","local_time":"20190202133204","is_ascension_mode":true,"campfire_choices":[{"floor":12,"key":"RECALL"},{"floor":15,"key":"REST"}],"neow_cost":"NONE","seed_source_timestamp":1279250818611844,"circlet_count":0,"master_deck":["Defend_G","Defend_G","Defend_G+1","Defend_G","Defend_G","Strike_G+1","Strike_G","Strike_G","Strike_G","Survivor","Neutralize","Terror","Backflip","Blade Dance","Bullet Time+1","Accuracy","Blur","Dagger Throw","Quick Slash","Acrobatics","Finisher"],"relics":["Ring of the Snake","Pen Nib"],"potions_floor_usage":[6],"damage_taken":[{"damage":4,"enemies":"Jaw Worm","floor":1,"turns":11},{"damage":0,"enemies":"Small Slimes","floor":3,"turns":6},{"damage":0,"enemies":"2 Louse","floor":4,"turns":5},{"damage":34,"enemies":"Lagavulin","floor":6,"turns":15},{"damage":0,"enemies":"Blue Slaver","floor":8,"turns":3},{"damage":7,"enemies":"Gremlin Gang","floor":11,"turns":4},{"damage":0,"enemies":"2 Fungi Beasts","floor":13,"turns":3},{"damage":2,"enemies":"Exordium Wildlife","floor":14,"turns":3},{"damage":43,"enemies":"Slime Boss","floor":16,"turns":9}],"seed_played":"388232322581127678","potions_obtained":[{"floor":4,"key":"GhostInAJar"},{"floor":8,"key":"SteroidPotion"}],"is_trial":false,"path_per_floor":["M","?","M","M","?","E","?","M","T","$","M","R","M","M","R","B"],"character_chosen":"THE_SILENT","items_purchased":["Blur","Dagger Throw"],"campfire_rested":1,"item_purchase_floors":[10,10],"current_hp_per_floor":[73,73,73,73,58,24,24,24,24,24,17,17,17,15,38,0],"gold":76,"neow_bonus":"TEN_PERCENT_HP_BONUS","is_prod":false,"is_daily":false,"chose_seed":false,"campfire_upgraded":0,"win_rate":0,"timestamp":1549110724,"path_taken":["M","?","M","M","?","E","?","M","T","$","M","R","M","M","R","BOSS"],"build_version":"2019-01-23","purchased_purges":0,"victory":false,"max_hp_per_floor":[77,77,77,77,77,77,77,77,77,77,77,77,77,77,77,77],"card_choices":[{"not_picked":["Dodge and Roll","Backflip"],"picked":"Terror","floor":1},{"not_picked":["Slice","Flying Knee"],"picked":"Backflip","floor":3},{"not_picked":["Underhanded Strike","Quick Slash"],"picked":"Blade Dance","floor":4},{"not_picked":["Blade Dance","Terror"],"picked":"Bullet Time","floor":6},{"not_picked":["Underhanded Strike","Predator"],"picked":"Accuracy","floor":8},{"not_picked":["Deflect","Deadly Poison"],"picked":"Quick Slash","floor":11},{"not_picked":["Prepared","Sucker Punch"],"picked":"Acrobatics","floor":13},{"not_picked":["Tactician","Expertise"],"picked":"Finisher","floor":14}],"player_experience":74756,"relics_obtained":[{"floor":6,"key":"Pen Nib"}],"event_choices":[{"cards_removed":["Strike_G"],"damage_healed":0,"gold_gain":0,"player_choice":"Card Removal","damage_taken":0,"max_hp_gain":0,"max_hp_loss":0,"event_name":"The Cleric","floor":2,"gold_loss":50},{"damage_healed":0,"gold_gain":0,"player_choice":"Entered Light","damage_taken":15,"max_hp_gain":0,"max_hp_loss":0,"event_name":"Shining Light","floor":5,"gold_loss":0,"cards_upgraded":["Strike_G","Defend_G"]},{"damage_healed":0,"gold_gain":0,"player_choice":"Grow","damage_taken":0,"max_hp_gain":0,"max_hp_loss":0,"event_name":"Living Wall","floor":7,"gold_loss":0,"cards_upgraded":["Bullet Time"]}],"is_beta":false,"boss_relics":[],"items_purged_floors":[],"is_endless":false,"potions_floor_spawned":[4,8],"killed_by":"Slime Boss","ascension_level":1}