{"gold_per_floor":[114,127,147,162,179,211,211,211,211,239,258,258,270,280,280,381,381,391,391],"floor_reached":19,"playtime":1285,"items_purged":[],"score":210,"play_id":"d568833e-9771-4e79-95c0-4935fbe48a5d","local_time":"20181111041040","is_ascension_mode":true,"campfire_choices":[{"floor":7,"key":"REST"},{"data":"Footwork","floor":15,"key":"SMITH"}],"neow_cost":"NONE","seed_source_timestamp":913120055042504,"circlet_count":0,"master_deck":["Defend_G","Defend_G","Defend_G","Defend_G","Defend_G","Strike_G","Strike_G","Strike_G","Strike_G","Survivor","Neutralize","Footwork","Dodge and Roll","Dagger Spray","Dagger Spray","Noxious Fumes","Unload","Outmaneuver","Dodge and Roll","Footwork+1","Masterful Stab","Burst","All Out Attack"],"relics":["Ring of the Snake","Bronze Scales","Darkstone Periapt","Pear","Gambling Chip","Mummified Hand","HoveringKite"],"potions_floor_usage":[5,10,16,16],"damage_taken":[{"damage":0,"enemies":"Cultist","floor":1,"turns":4},{"damage":2,"enemies":"Small Slimes","floor":2,"turns":4},{"damage":3,"enemies":"2 Louse","floor":3,"turns":3},{"damage":4,"enemies":"Looter","floor":4,"turns":5},{"damage":11,"enemies":"3 Louse","floor":5,"turns":4},{"damage":43,"enemies":"Gremlin Nob","floor":6,"turns":5},{"damage":12,"enemies":"3 Sentries","floor":10,"turns":5},{"damage":5,"enemies":"Large Slime","floor":11,"turns":5},{"damage":3,"enemies":"Looter","floor":13,"turns":4},{"damage":0,"enemies":"Exordium Wildlife","floor":14,"turns":2},{"damage":5,"enemies":"Slime Boss","floor":16,"turns":8},{"damage":38,"enemies":"Spheric Guardian","floor":18,"turns":8},{"damage":12,"enemies":"Chosen","floor":19,"turns":3}],"seed_played":"5748394471473899579","potions_obtained":[{"floor":1,"key":"Dexterity Potion"},{"floor":2,"key":"SpeedPotion"},{"floor":6,"key":"Energy Potion"},{"floor":10,"key":"Fire Potion"},{"floor":14,"key":"PowerPotion"},{"floor":18,"key":"SteroidPotion"}],"is_trial":false,"path_per_floor":["M","M","M","M","M","E","R","T","T","E","M","?","M","M","R","B",null,"M","M"],"character_chosen":"THE_SILENT","items_purchased":[],"campfire_rested":1,"item_purchase_floors":[],"current_hp_per_floor":[70,68,65,61,50,7,28,38,38,26,21,21,18,18,18,13,80,42,30],"gold":391,"neow_bonus":"RANDOM_COMMON_RELIC","is_prod":false,"is_daily":false,"chose_seed":false,"campfire_upgraded":1,"win_rate":0,"timestamp":1541927440,"path_taken":["M","M","M","M","M","E","R","?","T","E","M","?","M","?","R","BOSS","M","M"],"build_version":"2018-11-08","purchased_purges":0,"victory":false,"max_hp_per_floor":[70,70,70,70,70,70,70,80,80,80,80,80,80,80,80,80,80,80,80],"card_choices":[{"not_picked":["Finisher","Masterful Stab"],"picked":"Footwork","floor":1},{"not_picked":["Dagger Spray","Crippling Poison"],"picked":"Dodge and Roll","floor":2},{"not_picked":["Footwork","Backstab"],"picked":"Dagger Spray","floor":3},{"not_picked":["Leg Sweep","Dagger Throw"],"picked":"Dagger Spray","floor":4},{"not_picked":["Poisoned Stab","Blade Dance"],"picked":"Noxious Fumes","floor":5},{"not_picked":["Backflip","Expertise"],"picked":"Unload","floor":6},{"not_picked":["Endless Agony","Acrobatics"],"picked":"Outmaneuver","floor":10},{"not_picked":["Acrobatics","Flying Knee"],"picked":"Dodge and Roll","floor":11},{"not_picked":["Riddle With Holes","Cloak And Dagger"],"picked":"Footwork","floor":13},{"not_picked":["Outmaneuver","Sucker Punch"],"picked":"Masterful Stab","floor":14},{"not_picked":["Phantasmal Killer","Doppelganger"],"picked":"Burst","floor":16},{"not_picked":["Calculated Gamble","Deadly Poison"],"picked":"All Out Attack","floor":18}],"player_experience":250908,"relics_obtained":[{"floor":6,"key":"Darkstone Periapt"},{"floor":8,"key":"Pear"},{"floor":9,"key":"Gambling Chip"},{"floor":10,"key":"Mummified Hand"}],"event_choices":[{"cards_removed":["Strike_G"],"damage_healed":0,"gold_gain":0,"player_choice":"Purged","damage_taken":0,"max_hp_gain":0,"max_hp_loss":0,"event_name":"Purifier","floor":12,"gold_loss":0}],"is_beta":false,"boss_relics":[{"not_picked":["Ectoplasm","Snecko Eye"],"picked":"HoveringKite"}],"items_purged_floors":[],"is_endless":false,"potions_floor_spawned":[1,2,6,10,14,18],"killed_by":"Chosen","ascension_level":3}