{"gold_per_floor":[119,119,194,204,221,248,268,268,293,313,340,357,389,389,389,508,508,527,442,442,463,489,558,350,373,373,388,15,49,68,81,81,211,211,227,0,0,15,39,82,82,82,82,82,102,122,140,180,180,180],"floor_reached":51,"playtime":26445,"items_purged":[],"score":771,"play_id":"4041caef-3f50-4d01-8751-efc339b40dbb","local_time":"20190212003140","is_ascension_mode":false,"campfire_choices":[{"data":"Loop","floor":8,"key":"SMITH"},{"floor":15,"key":"REST"},{"floor":32,"key":"REST"},{"data":"Echo Form","floor":41,"key":"SMITH"},{"data":"Buffer","floor":49,"key":"SMITH"}],"neow_cost":"TEN_PERCENT_HP_LOSS","seed_source_timestamp":267031932663504,"circlet_count":0,"master_deck":["Strike_B+1","Strike_B+1","Strike_B+1","Defend_B+1","Defend_B+1","Defend_B+1","Defend_B+1","Zap","Dualcast","Electrodynamics","Coolheaded+1","Self Repair","Barrage","Loop+1","Glacier","Reinforced Body","Echo Form+1","Compile Driver+1","Coolheaded","Seek","Master of Strategy","Buffer+1","Coolheaded+1","Coolheaded+1","Parasite"],"relics":["Cracked Core","PreservedInsect","Oddly Smooth Stone","Boot","Smiling Mask","Golden Idol","Busted Crown","Orichalcum","Dream Catcher","Tiny Chest","Bronze Scales","Ice Cream","Membership Card","Art of War","Coffee Dripper","Red Mask","Meat on the Bone","Darkstone Periapt","Sundial"],"potions_floor_usage":[16,16,16,33,40,40,48,50,50,50],"damage_taken":[{"damage":0,"enemies":"Small Slimes","floor":1,"turns":2},{"damage":1,"enemies":"Jaw Worm","floor":4,"turns":5},{"damage":0,"enemies":"2 Louse","floor":5,"turns":1},{"damage":23,"enemies":"Lagavulin","floor":6,"turns":8},{"damage":20,"enemies":"Large Slime","floor":7,"turns":5},{"damage":0,"enemies":"3 Louse","floor":10,"turns":1},{"damage":2,"enemies":"3 Sentries","floor":11,"turns":4},{"damage":0,"enemies":"Blue Slaver","floor":12,"turns":4},{"damage":2,"enemies":"Lagavulin","floor":13,"turns":7},{"damage":36,"enemies":"The Guardian","floor":16,"turns":15},{"damage":32,"enemies":"2 Thieves","floor":18,"turns":4},{"damage":2,"enemies":"Chosen","floor":21,"turns":4},{"damage":31,"enemies":"Gremlin Leader","floor":23,"turns":6},{"damage":0,"enemies":"Snecko","floor":25,"turns":5},{"damage":10,"enemies":"Snake Plant","floor":27,"turns":4},{"damage":17,"enemies":"Slavers","floor":29,"turns":6},{"damage":0,"enemies":"Cultist and Chosen","floor":30,"turns":7},{"damage":6,"enemies":"Centurion and Healer","floor":31,"turns":7},{"damage":14,"enemies":"Collector","floor":33,"turns":16},{"damage":0,"enemies":"3 Shapes","floor":35,"turns":5},{"damage":0,"enemies":"3 Darklings","floor":38,"turns":6},{"damage":3,"enemies":"Spire Growth","floor":39,"turns":7},{"damage":43,"enemies":"Giant Head","floor":40,"turns":12},{"damage":5,"enemies":"Sphere and 2 Shapes","floor":45,"turns":4},{"damage":0,"enemies":"Writhing Mass","floor":46,"turns":11},{"damage":2,"enemies":"3 Darklings","floor":47,"turns":4},{"damage":14,"enemies":"Reptomancer","floor":48,"turns":9},{"damage":12,"enemies":"Awakened One","floor":50,"turns":30}],"seed_played":"-2976731327666657428","potions_obtained":[{"floor":4,"key":"AttackPotion"},{"floor":6,"key":"Weak Potion"},{"floor":7,"key":"Dexterity Potion"},{"floor":12,"key":"PowerPotion"},{"floor":16,"key":"GamblersBrew"},{"floor":18,"key":"Ancient Potion"},{"floor":21,"key":"Ancient Potion"},{"floor":31,"key":"LiquidBronze"},{"floor":33,"key":"Regen Potion"},{"floor":40,"key":"SkillPotion"},{"floor":46,"key":"Dexterity Potion"},{"floor":48,"key":"PowerPotion"}],"is_trial":false,"path_per_floor":["M","?","?","M","M","E","M","R","T","M","E","M","E","?","R","B",null,"M","?","?","M","T","E","$","M","T","M","$","E","M","M","R","B",null,"M","?","?","M","M","E","R","$","T","?","M","M","M","E","R","B",null],"character_chosen":"DEFECT","items_purchased":["Bronze Scales","Coolheaded","Membership Card","Seek","Master of Strategy"],"campfire_rested":2,"item_purchase_floors":[24,24,28,28,28],"current_hp_per_floor":[68,68,57,56,56,40,27,27,27,27,25,32,37,20,40,11,68,43,43,43,41,41,17,17,31,31,28,28,18,25,26,46,39,68,68,68,68,68,68,39,39,39,39,39,53,66,71,64,64,59],"gold":180,"neow_bonus":"THREE_RARE_CARDS","is_prod":false,"is_daily":false,"chose_seed":false,"campfire_upgraded":3,"win_rate":0.0,"timestamp":1549927900,"path_taken":["M","?","?","M","M","E","M","R","T","M","E","M","E","?","R","BOSS","M","?","?","M","?","E","?","?","T","M","$","E","M","M","R","BOSS","M","?","?","M","M","E","R","$","T","?","M","M","M","E","R","BOSS"],"build_version":"2019-01-23","purchased_purges":0,"victory":true,"max_hp_per_floor":[68,68,68,68,68,68,68,68,68,68,68,68,68,68,68,68,68,68,68,68,68,68,68,68,68,68,68,68,68,68,68,68,68,68,68,68,68,68,68,68,68,68,68,68,68,74,74,74,74,74],"card_choices":[{"not_picked":["Biased Cognition","Machine Learning"],"picked":"Electrodynamics","floor":0},{"not_picked":["Leap","Chaos"],"picked":"Coolheaded","floor":1},{"not_picked":["Hologram","Beam Cell"],"picked":"Self Repair","floor":4},{"not_picked":["Steam","Hello World"],"picked":"Barrage","floor":5},{"not_picked":["Conserve Battery","Leap"],"picked":"Loop","floor":6},{"not_picked":["Rebound","Turbo","Gash"],"picked":"SKIP","floor":7},{"not_picked":["Steam","Hologram"],"picked":"Glacier","floor":10},{"not_picked":["Sunder","Self Repair"],"picked":"Reinforced Body","floor":11},{"not_picked":["Conserve Battery","Hologram","Hello World"],"picked":"SKIP","floor":12},{"not_picked":["Go for the Eyes","Barrage","Undo"],"picked":"SKIP","floor":13},{"not_picked":["Machine Learning","Electrodynamics"],"picked":"Echo Form","floor":16},{"not_picked":[],"picked":"Compile Driver+1","floor":18},{"not_picked":["Go for the Eyes+1"],"picked":"SKIP","floor":21},{"not_picked":["Compile Driver+1"],"picked":"SKIP","floor":23},{"not_picked":["Streamline+1"],"picked":"SKIP","floor":25},{"not_picked":["Steam+1"],"picked":"SKIP","floor":27},{"not_picked":["Reprogram+1"],"picked":"SKIP","floor":29},{"not_picked":["Ball Lightning"],"picked":"SKIP","floor":30},{"not_picked":["Turbo+1"],"picked":"SKIP","floor":31},{"not_picked":[],"picked":"Buffer","floor":33},{"not_picked":[],"picked":"Coolheaded+1","floor":35},{"not_picked":[],"picked":"Coolheaded+1","floor":38},{"not_picked":["Rebound+1"],"picked":"SKIP","floor":39},{"not_picked":["Cold Snap+1"],"picked":"SKIP","floor":40},{"not_picked":["Coolheaded"],"picked":"SKIP","floor":45},{"not_picked":["Aggregate+1"],"picked":"SKIP","floor":46},{"not_picked":["Coolheaded"],"picked":"SKIP","floor":47},{"not_picked":["Cold Snap+1"],"picked":"SKIP","floor":48}],"player_experience":212016,"relics_obtained":[{"floor":6,"key":"PreservedInsect"},{"floor":9,"key":"Oddly Smooth Stone"},{"floor":11,"key":"Boot"},{"floor":13,"key":"Smiling Mask"},{"floor":22,"key":"Dream Catcher"},{"floor":23,"key":"Tiny Chest"},{"floor":26,"key":"Ice Cream"},{"floor":29,"key":"Art of War"},{"floor":40,"key":"Meat on the Bone"},{"floor":43,"key":"Darkstone Periapt"},{"floor":48,"key":"Sundial"}],"event_choices":[{"damage_healed":0,"gold_gain":0,"player_choice":"Grow","damage_taken":0,"max_hp_gain":0,"max_hp_loss":0,"event_name":"Living Wall","floor":2,"gold_loss":0,"cards_upgraded":["Coolheaded"]},{"damage_healed":0,"gold_gain":75,"player_choice":"Gather Gold","damage_taken":11,"max_hp_gain":0,"max_hp_loss":0,"event_name":"World of Goop","floor":3,"gold_loss":0},{"damage_healed":0,"gold_gain":0,"player_choice":"Take Damage","damage_taken":17,"relics_obtained":["Golden Idol"],"max_hp_gain":0,"max_hp_loss":0,"event_name":"Golden Idol","floor":14,"gold_loss":0},{"damage_healed":0,"gold_gain":0,"player_choice":"Obtained Relic","damage_taken":0,"relics_obtained":["Orichalcum"],"max_hp_gain":0,"max_hp_loss":0,"event_name":"Addict","floor":19,"gold_loss":85},{"damage_healed":0,"gold_gain":0,"player_choice":"Simplicity","damage_taken":0,"max_hp_gain":0,"max_hp_loss":0,"event_name":"Back to Basics","floor":20,"gold_loss":0,"cards_upgraded":["Strike_B","Strike_B","Strike_B","Strike_B","Defend_B","Defend_B","Defend_B","Defend_B"]},{"damage_healed":0,"gold_gain":0,"player_choice":"Paid","damage_taken":0,"relics_obtained":["Red Mask"],"max_hp_gain":0,"max_hp_loss":0,"event_name":"Tomb of Lord Red Mask","floor":36,"gold_loss":227},{"damage_healed":0,"gold_gain":0,"player_choice":"Memory 1","damage_taken":0,"max_hp_gain":0,"max_hp_loss":0,"event_name":"SensoryStone","floor":37,"gold_loss":0},{"cards_removed":["Strike_B"],"damage_healed":0,"gold_gain":0,"player_choice":"Offered Basic","damage_taken":0,"max_hp_gain":0,"max_hp_loss":0,"event_name":"Bonfire Elementals","floor":44,"gold_loss":0}],"is_beta":false,"boss_relics":[{"not_picked":["White Beast Statue","FrozenCore"],"picked":"Busted Crown"},{"not_picked":["Snecko Eye","Orrery"],"picked":"Coffee Dripper"}],"items_purged_floors":[],"is_endless":false,"potions_floor_spawned":[4,6,7,12,16,18,21,31,33,35,40,46,48],"ascension_level":0}