{"gold_per_floor":[110,120,120,20,34,34,62,62,88,88,100,100,128,143,143,248,248,262,162,173,173],"floor_reached":21,"playtime":1438,"items_purged":["Strike_B","Pain"],"score":284,"play_id":"3e08ebd7-e365-46da-9eac-f1f2fb7c8447","local_time":"20181211103613","is_ascension_mode":true,"campfire_choices":[{"floor":6,"key":"REST"},{"floor":8,"key":"REST"},{"floor":15,"key":"REST"}],"neow_cost":"NONE","seed_source_timestamp":904832158212637,"circlet_count":0,"master_deck":["AscendersBane","Zap","Dualcast","Gash","FTL","Hologram","Sweeping Beam","Creative AI","Ball Lightning","Sweeping Beam","Beam Cell","Electrodynamics","Recycle","Conserve Battery","Self Repair","Fusion","Capacitor","Beam Cell","Streamline","FTL+1","Beam Cell+1"],"relics":["Fusion Hammer","Strawberry","Regal Pillow","Kunai","WarpedTongs","Oddly Smooth Stone","Pandora\u0027s Box"],"potions_floor_usage":[11,16,18,21],"damage_taken":[{"damage":4,"enemies":"2 Louse","floor":1,"turns":3},{"damage":9,"enemies":"Cultist","floor":2,"turns":5},{"damage":0,"enemies":"Jaw Worm","floor":5,"turns":3},{"damage":47,"enemies":"Lagavulin","floor":7,"turns":7},{"damage":10,"enemies":"Large Slime","floor":11,"turns":5},{"damage":18,"enemies":"3 Sentries","floor":13,"turns":6},{"damage":5,"enemies":"Looter","floor":14,"turns":3},{"damage":12,"enemies":"Hexaghost","floor":16,"turns":9},{"damage":39,"enemies":"Shell Parasite","floor":18,"turns":3},{"damage":35,"enemies":"2 Thieves","floor":20,"turns":3},{"damage":13,"enemies":"Colosseum Slavers","floor":21,"turns":1}],"seed_played":"3553916559504895780","potions_obtained":[{"floor":5,"key":"GamblersBrew"},{"floor":7,"key":"EssenceOfSteel"},{"floor":14,"key":"Swift Potion"},{"floor":16,"key":"SpeedPotion"},{"floor":20,"key":"Weak Potion"}],"is_trial":false,"path_per_floor":["M","M","?","$","M","R","E","R","T","?","M","?","E","M","R","B",null,"M","$","M","?"],"character_chosen":"DEFECT","items_purchased":["Hologram"],"campfire_rested":3,"item_purchase_floors":[4],"current_hp_per_floor":[64,55,40,40,40,62,22,46,46,43,33,33,15,10,49,37,71,39,39,11,0],"gold":173,"neow_bonus":"BOSS_RELIC","is_prod":false,"is_daily":false,"chose_seed":false,"campfire_upgraded":0,"win_rate":0,"timestamp":1544524573,"path_taken":["M","M","?","$","M","R","E","R","T","?","M","?","E","?","R","BOSS","M","$","M","?"],"build_version":"2018-12-06","purchased_purges":2,"victory":false,"max_hp_per_floor":[75,75,75,75,75,75,82,82,82,82,82,82,82,82,82,82,82,82,82,82,82],"card_choices":[{"not_picked":["Barrage","Static Discharge"],"picked":"Gash","floor":1},{"not_picked":["Tempest","Doom and Gloom"],"picked":"FTL","floor":2},{"not_picked":["Rebound","Conserve Battery"],"picked":"Sweeping Beam","floor":5},{"not_picked":["Compile Driver","BootSequence"],"picked":"Creative AI","floor":7},{"not_picked":["Barrage","Steam Power"],"picked":"Ball Lightning","floor":11},{"not_picked":["Force Field","Aggregate"],"picked":"Sweeping Beam","floor":13},{"not_picked":["FTL","Rebound"],"picked":"Beam Cell","floor":14},{"not_picked":["Amplify","Hyperbeam"],"picked":"Electrodynamics","floor":16},{"not_picked":["Stack","Steam Power+1"],"picked":"FTL+1","floor":18},{"not_picked":["Turbo","Chaos"],"picked":"Beam Cell+1","floor":20}],"player_experience":1023464,"relics_obtained":[{"floor":7,"key":"Strawberry"},{"floor":9,"key":"Regal Pillow"},{"floor":13,"key":"Oddly Smooth Stone"}],"event_choices":[{"damage_healed":0,"gold_gain":0,"player_choice":"Entered Light","damage_taken":15,"max_hp_gain":0,"max_hp_loss":0,"event_name":"Shining Light","floor":3,"gold_loss":0,"cards_upgraded":["Defend_B","Strike_B"]},{"damage_healed":0,"gold_gain":0,"player_choice":"Success","damage_taken":3,"relics_obtained":["Kunai"],"max_hp_gain":0,"max_hp_loss":0,"event_name":"Scrap Ooze","floor":10,"gold_loss":0},{"damage_healed":0,"gold_gain":0,"player_choice":"Rummage","damage_taken":0,"relics_obtained":["WarpedTongs"],"max_hp_gain":0,"max_hp_loss":0,"event_name":"Accursed Blacksmith","floor":12,"gold_loss":0,"cards_obtained":["Pain"]},{"damage_healed":0,"gold_gain":0,"player_choice":"Fight","damage_taken":0,"max_hp_gain":0,"max_hp_loss":0,"event_name":"Colosseum","floor":21,"gold_loss":0}],"is_beta":false,"boss_relics":[{"not_picked":["Empty Cage","Runic Dome"],"picked":"Pandora\u0027s Box"}],"items_purged_floors":[4,19],"is_endless":false,"potions_floor_spawned":[5,7,14,16,20],"killed_by":"Colosseum Slavers","ascension_level":10}