{"gold_per_floor":[109,109,109,155,171,171,212,212,212,137,168,168,168,191,191,284,284,309,224,244,12,53,53,72,123,148,167,167,188,226,226,226,226],"floor_reached":33,"playtime":1271,"items_purged":["Strike_B"],"score":474,"play_id":"56e0d6d7-7301-4173-9391-c969d07ddcec","local_time":"20190204034950","is_ascension_mode":true,"campfire_choices":[{"floor":6,"key":"REST"},{"data":"Zap","floor":8,"key":"SMITH"},{"data":"Lockon","floor":13,"key":"SMITH"},{"data":"Dualcast","floor":15,"key":"SMITH"},{"floor":23,"key":"REST"},{"floor":28,"key":"REST"},{"data":"Loop","floor":32,"key":"SMITH"}],"neow_cost":"NONE","seed_source_timestamp":2022297367224274,"circlet_count":0,"master_deck":["AscendersBane","Strike_B","Strike_B","Strike_B","Defend_B","Defend_B","Defend_B","Defend_B","Zap+1","Dualcast+1","Ball Lightning","Go for the Eyes","Barrage","Lockon+1","Chill","Echo Form","Cold Snap","Chaos","Loop+1","Conserve Battery","Steam","Hologram","Reinforced Body","Hologram+1"],"relics":["Cracked Core","Bloody Idol","Regal Pillow","Orichalcum","Bronze Scales","Anchor","Sozu","The Courier","PreservedInsect","Red Mask","Oddly Smooth Stone","Bag of Preparation","Peace Pipe"],"potions_floor_usage":[16,16],"damage_taken":[{"damage":2,"enemies":"Small Slimes","floor":1,"turns":3},{"damage":2,"enemies":"Jaw Worm","floor":5,"turns":3},{"damage":18,"enemies":"Lagavulin","floor":7,"turns":7},{"damage":16,"enemies":"Gremlin Nob","floor":11,"turns":4},{"damage":0,"enemies":"Cultist","floor":14,"turns":2},{"damage":17,"enemies":"Slime Boss","floor":16,"turns":8},{"damage":4,"enemies":"Chosen","floor":18,"turns":4},{"damage":13,"enemies":"2 Thieves","floor":20,"turns":4},{"damage":30,"enemies":"Masked Bandits","floor":22,"turns":5},{"damage":28,"enemies":"3 Cultists","floor":24,"turns":6},{"damage":18,"enemies":"Cultist and Chosen","floor":27,"turns":8},{"damage":10,"enemies":"Snake Plant","floor":29,"turns":5},{"damage":12,"enemies":"Book of Stabbing","floor":30,"turns":4},{"damage":47,"enemies":"Automaton","floor":33,"turns":6}],"seed_played":"1228203656823502693","potions_obtained":[{"floor":7,"key":"Block Potion"},{"floor":11,"key":"AttackPotion"}],"is_trial":false,"path_per_floor":["M","?","?","T","M","R","E","R","T","$","E","?","R","M","R","B",null,"M","?","M","$","?","R","M","T","T","M","R","M","E","?","R","B"],"character_chosen":"DEFECT","items_purchased":["PreservedInsect","Loop","Conserve Battery","Steam"],"campfire_rested":3,"item_purchase_floors":[21,21,21,21],"current_hp_per_floor":[69,69,42,42,40,78,60,60,60,60,44,70,70,70,70,53,72,68,68,55,55,25,63,35,35,35,17,55,45,33,33,33,0],"gold":226,"neow_bonus":"TEN_PERCENT_HP_BONUS","is_prod":false,"is_daily":false,"chose_seed":false,"campfire_upgraded":4,"win_rate":0,"timestamp":1549270190,"path_taken":["M","?","?","?","?","R","E","R","T","$","E","?","R","M","R","BOSS","M","?","M","$","?","R","?","?","T","?","R","M","E","?","R","BOSS"],"build_version":"2019-01-23","purchased_purges":1,"victory":false,"max_hp_per_floor":[78,78,78,78,78,78,78,78,78,78,78,78,78,78,78,78,78,78,78,78,78,78,78,78,78,78,78,78,78,78,78,78,78],"card_choices":[{"not_picked":["Chaos","FTL"],"picked":"Ball Lightning","floor":1},{"not_picked":["Streamline","Hologram"],"picked":"Go for the Eyes","floor":5},{"not_picked":["Sweeping Beam","Streamline"],"picked":"Barrage","floor":7},{"not_picked":["Rebound","BootSequence"],"picked":"Lockon","floor":11},{"not_picked":["Redo","Barrage"],"picked":"Chill","floor":14},{"not_picked":["Fission","Electrodynamics"],"picked":"Echo Form","floor":16},{"not_picked":["Double Energy","Consume+1"],"picked":"Cold Snap","floor":18},{"not_picked":["Fusion","Stack"],"picked":"Chaos","floor":20},{"not_picked":["Leap","Turbo"],"picked":"Hologram","floor":22},{"not_picked":["Lockon","Redo","Melter"],"picked":"SKIP","floor":24},{"not_picked":["Steam","Genetic Algorithm","Beam Cell"],"picked":"SKIP","floor":27},{"not_picked":["BootSequence","Hello World"],"picked":"Reinforced Body","floor":29},{"not_picked":["Go for the Eyes+1","Ball Lightning+1"],"picked":"Hologram+1","floor":30}],"player_experience":522595,"relics_obtained":[{"floor":4,"key":"Regal Pillow"},{"floor":7,"key":"Orichalcum"},{"floor":9,"key":"Bronze Scales"},{"floor":11,"key":"Anchor"},{"floor":22,"key":"Red Mask"},{"floor":25,"key":"Oddly Smooth Stone"},{"floor":26,"key":"Bag of Preparation"},{"floor":30,"key":"Peace Pipe"}],"event_choices":[{"damage_healed":0,"gold_gain":0,"player_choice":"Ignored","damage_taken":0,"max_hp_gain":0,"max_hp_loss":0,"event_name":"Liars Game","floor":2,"gold_loss":0},{"damage_healed":0,"gold_gain":0,"player_choice":"Take Damage","damage_taken":27,"relics_obtained":["Golden Idol"],"max_hp_gain":0,"max_hp_loss":0,"event_name":"Golden Idol","floor":3,"gold_loss":0},{"damage_healed":26,"gold_gain":0,"player_choice":"Banana","damage_taken":0,"max_hp_gain":0,"max_hp_loss":0,"event_name":"Big Fish","floor":12,"gold_loss":0},{"damage_healed":0,"gold_gain":0,"player_choice":"Obtained Relic","damage_taken":0,"relics_obtained":["The Courier"],"max_hp_gain":0,"max_hp_loss":0,"event_name":"Addict","floor":19,"gold_loss":85},{"damage_healed":0,"gold_gain":0,"player_choice":"Fought Bandits","damage_taken":0,"max_hp_gain":0,"max_hp_loss":0,"event_name":"Masked Bandits","floor":22,"gold_loss":0},{"damage_healed":0,"gold_gain":0,"player_choice":"Gave Idol","damage_taken":0,"relics_obtained":["Bloody Idol"],"max_hp_gain":0,"max_hp_loss":0,"event_name":"Forgotten Altar","floor":31,"relics_lost":["Golden Idol"],"gold_loss":0}],"is_beta":false,"boss_relics":[{"not_picked":["Astrolabe","Empty Cage"],"picked":"Sozu"}],"items_purged_floors":[10],"is_endless":false,"potions_floor_spawned":[7,11,24,29,30],"killed_by":"Automaton","ascension_level":15}