{"gold_per_floor":[116,116,129,147,163,196,222,235,235,235,185,73,73,107,107,209,209,223,223,223,235,245,245,273,198,222,239,239,255,255,273,273,273],"floor_reached":33,"playtime":12582,"items_purged":["Strike_B"],"score":305,"play_id":"afee7826-23ac-44ac-8d41-d0f9a2e191b0","local_time":"20190208000219","is_ascension_mode":true,"campfire_choices":[{"floor":10.0,"key":"REST"},{"floor":15.0,"key":"REST"},{"floor":23.0,"key":"REST"},{"floor":28.0,"key":"REST"},{"floor":32,"key":"REST"}],"neow_cost":"NONE","seed_source_timestamp":342609241510893,"circlet_count":0,"master_deck":["Strike_B","Defend_B","Defend_B","Defend_B","Defend_B","Zap","Dualcast","Genetic Algorithm+1","Rebound","Lockon","Compile Driver","Echo Form","Barrage","Core Surge","Loop","Coolheaded","Buffer","Streamline","Doom and Gloom","Steam","Capacitor","Buffer","Coolheaded+1","Hologram"],"special_seed":0,"relics":["Cracked Core","Vajra","Centennial Puzzle","Odd Mushroom","Bag of Preparation","Nuclear Battery","Mercury Hourglass","Ancient Tea Set","Bronze Scales"],"potions_floor_usage":[31,31],"damage_taken":[{"damage":0.0,"enemies":"2 Louse","floor":1.0,"turns":2.0},{"damage":0.0,"enemies":"Cultist","floor":3.0,"turns":4.0},{"damage":0.0,"enemies":"Jaw Worm","floor":4.0,"turns":3.0},{"damage":0.0,"enemies":"3 Louse","floor":5.0,"turns":4.0},{"damage":11.0,"enemies":"Lagavulin","floor":6.0,"turns":5.0},{"damage":27.0,"enemies":"The Mushroom Lair","floor":7.0,"turns":6.0},{"damage":8.0,"enemies":"Blue Slaver","floor":8.0,"turns":3.0},{"damage":5.0,"enemies":"Gremlin Nob","floor":14.0,"turns":4.0},{"damage":44.0,"enemies":"Slime Boss","floor":16.0,"turns":13.0},{"damage":0.0,"enemies":"Chosen","floor":18.0,"turns":4.0},{"damage":9.0,"enemies":"Shell Parasite","floor":21.0,"turns":4.0},{"damage":11.0,"enemies":"Snecko","floor":22.0,"turns":4.0},{"damage":36.0,"enemies":"Book of Stabbing","floor":24.0,"turns":5.0},{"damage":13.0,"enemies":"Chosen and Byrds","floor":27.0,"turns":5.0},{"damage":16,"enemies":"Snake Plant","floor":29,"turns":4},{"damage":10,"enemies":"Centurion and Healer","floor":31,"turns":9},{"damage":43,"enemies":"Collector","floor":33,"turns":10}],"seed_played":"7454918875613601826","potions_obtained":[{"floor":1.0,"key":"Dexterity Potion"},{"floor":5.0,"key":"SkillPotion"},{"floor":8.0,"key":"SkillPotion"},{"floor":14.0,"key":"SkillPotion"},{"floor":16.0,"key":"AttackPotion"},{"floor":22.0,"key":"SteroidPotion"},{"floor":24.0,"key":"AttackPotion"},{"floor":29,"key":"PowerPotion"}],"is_trial":false,"path_per_floor":["M","?","M","M","M","E","?","M","T","R","?","$","?","E","R","B",null,"M","?","?","M","M","R","E","?","T","M","R","M","T","M","R","B"],"character_chosen":"DEFECT","items_purchased":["Loop"],"campfire_rested":5,"item_purchase_floors":[12],"current_hp_per_floor":[75,75,75,75,75,64,37,29,29,51,51,51,51,46,68,24,75,75,61,61,52,41,65,29,29,29,16,40,24,24,14,38,0],"gold":273,"neow_bonus":"RANDOM_COMMON_RELIC","is_prod":false,"is_daily":false,"chose_seed":false,"campfire_upgraded":0,"win_rate":0,"timestamp":1549580539,"path_taken":["M","?","M","?","M","E","?","M","T","R","?","$","?","E","R","BOSS","M","?","?","M","?","R","E","?","T","M","R","M","?","M","R","BOSS"],"build_version":"2019-01-23","purchased_purges":1,"victory":false,"max_hp_per_floor":[75,75,75,75,75,75,75,75,75,75,75,75,75,75,75,75,75,75,80,80,80,80,80,80,80,80,80,80,80,80,80,80,80],"card_choices":[{"not_picked":["Hologram","Coolheaded"],"picked":"Genetic Algorithm","floor":1.0},{"not_picked":["Barrage","Tempest"],"picked":"Rebound","floor":3.0},{"not_picked":["Redo","Steam"],"picked":"Lockon","floor":4.0},{"not_picked":["Storm","Steam"],"picked":"Compile Driver","floor":5.0},{"not_picked":["Redo","Heatsinks"],"picked":"Echo Form","floor":6.0},{"not_picked":["Leap","Conserve Battery"],"picked":"Barrage","floor":7.0},{"not_picked":["Rebound","Steam"],"picked":"Core Surge","floor":8.0},{"not_picked":["Storm","Compile Driver"],"picked":"Coolheaded","floor":14.0},{"not_picked":["Rainbow","Thunder Strike"],"picked":"Buffer","floor":16.0},{"not_picked":["Conserve Battery","Hologram+1"],"picked":"Streamline","floor":18.0},{"not_picked":["Beam Cell","Steam"],"picked":"Doom and Gloom","floor":21.0},{"not_picked":["Hologram","Sweeping Beam+1"],"picked":"Steam","floor":22.0},{"not_picked":["Hologram+1","Compile Driver+1"],"picked":"Capacitor","floor":24.0},{"not_picked":["Stack","FTL+1"],"picked":"Buffer","floor":27.0},{"not_picked":["Steam","Stack"],"picked":"Coolheaded+1","floor":29},{"not_picked":["Loop","Gash+1"],"picked":"Hologram","floor":31}],"player_experience":229146,"relics_obtained":[{"floor":6.0,"key":"Centennial Puzzle"},{"floor":7.0,"key":"Odd Mushroom"},{"floor":14.0,"key":"Bag of Preparation"},{"floor":24.0,"key":"Mercury Hourglass"},{"floor":26.0,"key":"Ancient Tea Set"},{"floor":30,"key":"Bronze Scales"}],"event_choices":[{"damage_healed":0.0,"max_hp_gain":0.0,"max_hp_loss":0.0,"gold_gain":0.0,"event_name":"Upgrade Shrine","player_choice":"Upgraded","floor":2.0,"gold_loss":0.0,"damage_taken":0.0,"cards_upgraded":["Genetic Algorithm"]},{"damage_healed":0.0,"max_hp_gain":0.0,"max_hp_loss":0.0,"gold_gain":0.0,"event_name":"Mushrooms","player_choice":"Fought Mushrooms","floor":7.0,"gold_loss":0.0,"damage_taken":0.0},{"cards_removed":["Strike_B"],"damage_healed":0.0,"max_hp_gain":0.0,"max_hp_loss":0.0,"gold_gain":0.0,"event_name":"The Cleric","player_choice":"Card Removal","floor":11.0,"gold_loss":50.0,"damage_taken":0.0},{"damage_healed":0.0,"max_hp_gain":0.0,"max_hp_loss":0.0,"gold_gain":0.0,"event_name":"Liars Game","player_choice":"Ignored","floor":13.0,"gold_loss":0.0,"damage_taken":0.0},{"damage_healed":0.0,"max_hp_gain":5.0,"max_hp_loss":0.0,"gold_gain":0.0,"event_name":"Forgotten Altar","player_choice":"Shed Blood","floor":19.0,"gold_loss":0.0,"damage_taken":19.0},{"damage_healed":0.0,"max_hp_gain":0.0,"max_hp_loss":0.0,"gold_gain":0.0,"event_name":"Ghosts","player_choice":"Ignored","floor":20.0,"gold_loss":0.0,"damage_taken":0.0},{"cards_removed":["Strike_B"],"damage_healed":0.0,"max_hp_gain":0.0,"max_hp_loss":0.0,"gold_gain":0.0,"event_name":"Beggar","player_choice":"Gave Gold","floor":25.0,"gold_loss":75.0,"damage_taken":0.0}],"is_beta":false,"boss_relics":[{"not_picked":["Empty Cage","Astrolabe"],"picked":"Nuclear Battery"}],"items_purged_floors":[12],"is_endless":false,"potions_floor_spawned":[1,5,8,14,16,22,24,29],"killed_by":"Collector","ascension_level":2}