{"gold_per_floor":[215,215,109,109,125,125,145,165,165,165,185,214,100,116,116,213,213,223,84,94,94,94,94,123,123,197,222,236,236,246,261,261,357,357,373,389,74,87,102,102,136,0,0,11,36,36,49,60,60,60],"floor_reached":51,"playtime":4500,"items_purged":["Defend_G","Defend_G","Survivor"],"score":746,"play_id":"5df49ec1-9dec-4f6c-8a7b-86426c0b7bf4","local_time":"20190207233240","is_ascension_mode":false,"campfire_choices":[{"data":"Leg Sweep","floor":6,"key":"SMITH"},{"data":"Footwork","floor":15,"key":"SMITH"},{"data":"Footwork","floor":23,"key":"SMITH"},{"data":"1","floor":29,"key":"LIFT"},{"data":"2","floor":32,"key":"LIFT"},{"data":"3","floor":40,"key":"LIFT"},{"data":"RitualDagger","floor":46,"key":"SMITH"},{"floor":49,"key":"REST"}],"neow_cost":"NONE","seed_source_timestamp":1018834850695479,"circlet_count":0,"master_deck":["Strike_G","Strike_G+1","Strike_G","Strike_G","Strike_G","Neutralize","Leg Sweep+1","Footwork+1","Cloak And Dagger","Dodge and Roll","Slice","Deflect","Cloak And Dagger+1","Escape Plan","Distraction","After Image","Footwork+1","Terror+1","RitualDagger+1","Escape Plan+1","Cloak And Dagger+1","A Thousand Cuts+1","Dodge and Roll+1","Adrenaline+1","Cloak And Dagger","Blade Dance","Footwork+1","Deflect+1","Escape Plan+1","Blade Dance+1"],"relics":["Ring of the Snake","Dodecahedron","Ornamental Fan","WristBlade","MutagenicStrength","Girya","Pear","Frozen Egg 2","Empty Cage","MealTicket","War Paint","Red Mask","Letter Opener","Oddly Smooth Stone"],"potions_floor_usage":[12,12,16,28,33,33,41,47,50],"damage_taken":[{"damage":0,"enemies":"Jaw Worm","floor":1,"turns":4},{"damage":1,"enemies":"2 Louse","floor":5,"turns":2},{"damage":2,"enemies":"Cultist","floor":7,"turns":6},{"damage":0,"enemies":"3 Louse","floor":8,"turns":6},{"damage":0,"enemies":"Exordium Wildlife","floor":11,"turns":4},{"damage":1,"enemies":"3 Sentries","floor":12,"turns":15},{"damage":0,"enemies":"2 Fungi Beasts","floor":14,"turns":4},{"damage":14,"enemies":"The Guardian","floor":16,"turns":28},{"damage":0,"enemies":"2 Thieves","floor":18,"turns":4},{"damage":3,"enemies":"Shell Parasite","floor":20,"turns":11},{"damage":6,"enemies":"Book of Stabbing","floor":24,"turns":11},{"damage":4,"enemies":"Slavers","floor":27,"turns":15},{"damage":0,"enemies":"Snake Plant","floor":28,"turns":4},{"damage":17,"enemies":"Chosen and Byrds","floor":30,"turns":9},{"damage":0,"enemies":"Centurion and Healer","floor":31,"turns":7},{"damage":16,"enemies":"Champ","floor":33,"turns":16},{"damage":1,"enemies":"3 Shapes","floor":35,"turns":4},{"damage":5,"enemies":"3 Darklings","floor":36,"turns":4},{"damage":19,"enemies":"Sphere and 2 Shapes","floor":38,"turns":7},{"damage":15,"enemies":"Jaw Worm Horde","floor":39,"turns":5},{"damage":2,"enemies":"Reptomancer","floor":41,"turns":9},{"damage":4,"enemies":"Writhing Mass","floor":44,"turns":5},{"damage":3,"enemies":"Transient","floor":47,"turns":5},{"damage":4,"enemies":"Sphere and 2 Shapes","floor":48,"turns":4},{"damage":20,"enemies":"Donu and Deca","floor":50,"turns":6}],"seed_played":"-8080500311230823550","potions_obtained":[{"floor":1,"key":"PowerPotion"},{"floor":5,"key":"GamblersBrew"},{"floor":8,"key":"SkillPotion"},{"floor":11,"key":"Energy Potion"},{"floor":27,"key":"SmokeBomb"},{"floor":28,"key":"Fruit Juice"},{"floor":30,"key":"LiquidBronze"},{"floor":31,"key":"Block Potion"},{"floor":33,"key":"SteroidPotion"},{"floor":39,"key":"FairyPotion"},{"floor":41,"key":"EssenceOfSteel"},{"floor":47,"key":"Fire Potion"},{"floor":48,"key":"SteroidPotion"}],"is_trial":false,"path_per_floor":["M","?","$","?","M","R","M","M","T","?","M","E","$","M","R","B",null,"M","$","M","?","?","R","E","?","T","E","M","R","M","M","R","B",null,"M","M","$","M","M","R","E","?","T","M","T","R","M","M","R","B",null],"character_chosen":"THE_SILENT","items_purchased":["Leg Sweep","Footwork","Escape Plan","Footwork","MealTicket"],"campfire_rested":1,"item_purchase_floors":[3,3,13,19,37],"current_hp_per_floor":[70,56,56,56,55,55,53,53,53,46,46,45,45,45,45,31,70,70,70,67,61,61,61,55,55,65,61,66,66,49,49,49,33,85,84,79,79,60,45,45,43,43,43,39,39,39,36,32,57,37],"gold":60,"neow_bonus":"HUNDRED_GOLD","is_prod":false,"is_daily":false,"chose_seed":false,"campfire_upgraded":4,"win_rate":0,"timestamp":1549600360,"path_taken":["M","?","$","?","M","R","M","?","T","?","M","E","$","M","R","BOSS","M","$","M","?","?","R","E","?","T","E","M","R","?","?","R","BOSS","M","?","$","M","M","R","E","?","T","M","?","R","M","M","R","BOSS"],"build_version":"2019-01-23","purchased_purges":3,"victory":true,"max_hp_per_floor":[70,70,70,70,70,70,70,70,70,70,70,70,70,70,70,70,70,70,70,70,70,70,70,70,70,80,80,85,85,85,85,85,85,85,85,85,85,85,85,85,85,85,85,85,85,85,85,85,85,85],"card_choices":[{"not_picked":["Heel Hook","Underhanded Strike","Poisoned Stab"],"picked":"SKIP","floor":1},{"not_picked":["Predator","Poisoned Stab"],"picked":"Dodge and Roll","floor":5},{"not_picked":["Setup","Deadly Poison"],"picked":"Slice","floor":7},{"not_picked":["Prepared","Flying Knee"],"picked":"Deflect","floor":8},{"not_picked":["Venomology","Finisher","Calculated Gamble"],"picked":"SKIP","floor":11},{"not_picked":["Dodge and Roll","Flying Knee"],"picked":"Cloak And Dagger","floor":12},{"not_picked":["Bane","Deadly Poison"],"picked":"Distraction","floor":14},{"not_picked":["Corpse Explosion","Storm of Steel"],"picked":"After Image","floor":16},{"not_picked":["Well Laid Plans","Dagger Spray","Acrobatics+1"],"picked":"SKIP","floor":18},{"not_picked":["Dagger Spray","Dodge and Roll"],"picked":"Terror+1","floor":20},{"not_picked":["Dodge and Roll+1","Slice"],"picked":"Escape Plan+1","floor":24},{"not_picked":["Bane","Catalyst"],"picked":"Cloak And Dagger+1","floor":27},{"not_picked":["Concentrate","Bouncing Flask","Deadly Poison"],"picked":"SKIP","floor":28},{"not_picked":["Outmaneuver","Deadly Poison"],"picked":"A Thousand Cuts+1","floor":30},{"not_picked":["Flying Knee","Dagger Throw"],"picked":"Dodge and Roll+1","floor":31},{"not_picked":["Storm of Steel","After Image+1"],"picked":"Adrenaline","floor":33},{"not_picked":["Choke+1","Dagger Throw+1","PiercingWail"],"picked":"SKIP","floor":35},{"not_picked":["Endless Agony","Tactician+1","Underhanded Strike+1"],"picked":"SKIP","floor":36},{"not_picked":["Bouncing Flask+1","Prepared+1"],"picked":"Cloak And Dagger","floor":38},{"not_picked":["Dagger Throw","Eviscerate+1"],"picked":"Blade Dance","floor":39},{"not_picked":["Glass Knife","Deadly Poison"],"picked":"Footwork+1","floor":41},{"not_picked":["Poisoned Stab","Tactician+1"],"picked":"Deflect+1","floor":44},{"not_picked":["Cloak And Dagger","Dagger Throw"],"picked":"Escape Plan+1","floor":47},{"not_picked":["Backflip+1","Choke"],"picked":"Blade Dance+1","floor":48}],"player_experience":87423,"relics_obtained":[{"floor":9,"key":"Dodecahedron"},{"floor":12,"key":"Ornamental Fan"},{"floor":24,"key":"Girya"},{"floor":26,"key":"Pear"},{"floor":27,"key":"Frozen Egg 2"},{"floor":41,"key":"War Paint"},{"floor":43,"key":"Letter Opener"},{"floor":45,"key":"Oddly Smooth Stone"}],"event_choices":[{"damage_healed":0,"gold_gain":0,"player_choice":"Entered Light","damage_taken":14,"max_hp_gain":0,"max_hp_loss":0,"event_name":"Shining Light","floor":2,"gold_loss":0,"cards_upgraded":["Strike_G","Defend_G"]},{"damage_healed":0,"gold_gain":0,"player_choice":"1 cards matched","damage_taken":0,"max_hp_gain":0,"max_hp_loss":0,"event_name":"Match and Keep!","floor":4,"gold_loss":0,"cards_obtained":["Cloak And Dagger"]},{"cards_removed":["Defend_G"],"damage_healed":0,"gold_gain":0,"player_choice":"Card Removal","damage_taken":7,"max_hp_gain":0,"max_hp_loss":0,"event_name":"Golden Wing","floor":10,"gold_loss":0},{"damage_healed":0,"gold_gain":0,"player_choice":"Joined the Cult","damage_taken":6,"max_hp_gain":0,"max_hp_loss":0,"event_name":"Nest","floor":21,"gold_loss":0,"cards_obtained":["RitualDagger"]},{"damage_healed":0,"gold_gain":0,"player_choice":"Inject Mutagens","damage_taken":0,"relics_obtained":["MutagenicStrength"],"max_hp_gain":0,"max_hp_loss":0,"event_name":"Drug Dealer","floor":22,"gold_loss":0},{"damage_healed":0,"gold_gain":0,"player_choice":"Ignored","damage_taken":0,"max_hp_gain":0,"max_hp_loss":0,"event_name":"Ghosts","floor":25,"gold_loss":0},{"damage_healed":0,"gold_gain":0,"player_choice":"Paid","damage_taken":0,"relics_obtained":["Red Mask"],"max_hp_gain":0,"max_hp_loss":0,"event_name":"Tomb of Lord Red Mask","floor":42,"gold_loss":136}],"is_beta":false,"boss_relics":[{"not_picked":["Sozu","Orrery"],"picked":"WristBlade"},{"not_picked":["Fusion Hammer","Busted Crown"],"picked":"Empty Cage"}],"items_purged_floors":[13,19,37],"is_endless":false,"potions_floor_spawned":[1,5,8,11,27,28,30,31,33,39,41,47,48],"ascension_level":0}