{"gold_per_floor":[109,109,122,12,12,12,41,41,67,83,109,122,122,134,134,239,239,254,274,274,274,30,30,59,59,59,94,106,106,117,131,131,235,235,246,546,562,581,681,681,693,693,693,713,305,305,319,351,351,351],"floor_reached":51,"playtime":3086,"items_purged":["Strike_G","Strike_G+1","Parasite"],"score":1017,"play_id":"5792f8be-6bdf-4e77-b0d1-544a592f65cb","local_time":"20181218013736","is_ascension_mode":true,"campfire_choices":[{"data":"Neutralize","floor":6,"key":"SMITH"},{"data":"Poisoned Stab","floor":8,"key":"SMITH"},{"floor":13,"key":"REST"},{"data":"Footwork","floor":15,"key":"SMITH"},{"floor":23,"key":"REST"},{"floor":25,"key":"RECALL"},{"floor":29,"key":"REST"},{"floor":32,"key":"REST"},{"floor":40,"key":"REST"},{"floor":42,"key":"REST"},{"floor":49,"key":"REST"}],"neow_cost":"NONE","seed_source_timestamp":370937605122883,"circlet_count":0,"master_deck":["Defend_G+1","Defend_G+1","Defend_G+1","Defend_G+1","Defend_G+1","Strike_G+1","Strike_G+1","Survivor","Neutralize+1","Footwork+1","Poisoned Stab+1","Backstab","Unload","Quick Slash","Deflect","Reflex","Underhanded Strike","Glass Knife","Dagger Throw","Backstab","Necronomicurse","Escape Plan","Endless Agony","Reflex","Tactician","Acrobatics+1","Envenom","Escape Plan+1","Night Terror","Crippling Poison","Well Laid Plans","Escape Plan","Blur","Footwork"],"relics":["White Beast Statue","Regal Pillow","Centennial Puzzle","Odd Mushroom","Fusion Hammer","Necronomicon","Oddly Smooth Stone","Bottled Tornado","Lantern","Cursed Key","Unceasing Top","Ornamental Fan","Strange Spoon","Paper Crane"],"potions_floor_usage":[7,10,12,14,16,18,19,24,24,27,28,30,33,33,37,38,38,39,41,44,48,50,50,50],"damage_taken":[{"damage":6,"enemies":"Jaw Worm","floor":1,"turns":6},{"damage":0,"enemies":"Cultist","floor":3,"turns":5},{"damage":17,"enemies":"Gremlin Nob","floor":7,"turns":5},{"damage":0,"enemies":"Small Slimes","floor":10,"turns":2},{"damage":1,"enemies":"The Mushroom Lair","floor":11,"turns":4},{"damage":2,"enemies":"Looter","floor":12,"turns":2},{"damage":8,"enemies":"Exordium Wildlife","floor":14,"turns":3},{"damage":13,"enemies":"The Guardian","floor":16,"turns":13},{"damage":17,"enemies":"Chosen","floor":18,"turns":4},{"damage":7,"enemies":"Shell Parasite","floor":19,"turns":4},{"damage":9,"enemies":"Slavers","floor":24,"turns":5},{"damage":20,"enemies":"Gremlin Leader","floor":27,"turns":4},{"damage":18,"enemies":"Shelled Parasite and Fungi","floor":28,"turns":5},{"damage":0,"enemies":"Snecko","floor":30,"turns":3},{"damage":18,"enemies":"Sentry and Sphere","floor":31,"turns":5},{"damage":17,"enemies":"Champ","floor":33,"turns":8},{"damage":23,"enemies":"3 Darklings","floor":35,"turns":7},{"damage":1,"enemies":"Orb Walker","floor":37,"turns":4},{"damage":23,"enemies":"Transient","floor":38,"turns":5},{"damage":3,"enemies":"Mind Bloom Boss Battle","floor":39,"turns":11},{"damage":22,"enemies":"Jaw Worm Horde","floor":41,"turns":4},{"damage":15,"enemies":"3 Darklings","floor":44,"turns":7},{"damage":0,"enemies":"Transient","floor":47,"turns":5},{"damage":5,"enemies":"Giant Head","floor":48,"turns":8},{"damage":42,"enemies":"Donu and Deca","floor":50,"turns":17}],"seed_played":"-7083073934482973106","potions_obtained":[{"floor":1,"key":"PowerPotion"},{"floor":3,"key":"Fire Potion"},{"floor":7,"key":"SteroidPotion"},{"floor":10,"key":"Weak Potion"},{"floor":11,"key":"AttackPotion"},{"floor":12,"key":"Weak Potion"},{"floor":14,"key":"Regen Potion"},{"floor":16,"key":"Strength Potion"},{"floor":18,"key":"Strength Potion"},{"floor":19,"key":"FearPotion"},{"floor":24,"key":"PowerPotion"},{"floor":27,"key":"Regen Potion"},{"floor":28,"key":"Swift Potion"},{"floor":30,"key":"GhostInAJar"},{"floor":31,"key":"Ancient Potion"},{"floor":33,"key":"EssenceOfSteel"},{"floor":35,"key":"Energy Potion"},{"floor":37,"key":"FearPotion"},{"floor":38,"key":"Fire Potion"},{"floor":39,"key":"SpeedPotion"},{"floor":41,"key":"Fire Potion"},{"floor":44,"key":"GamblersBrew"},{"floor":48,"key":"EssenceOfSteel"}],"is_trial":false,"path_per_floor":["M","?","M","$","?","R","E","R","T","M","?","M","R","M","R","B",null,"M","M","?","?","$","R","E","R","T","E","M","R","M","M","R","B",null,"M","?","M","M","?","R","M","R","T","M","$","?","M","E","R","B",null],"character_chosen":"THE_SILENT","items_purchased":["Backstab","Escape Plan","Endless Agony","Strange Spoon","GhostInAJar"],"campfire_rested":7,"item_purchase_floors":[4,22,22,45,45],"current_hp_per_floor":[57,57,57,57,57,57,40,40,40,40,39,37,70,62,62,63,68,51,44,44,28,28,64,55,55,55,35,29,65,65,47,70,53,66,43,43,42,19,16,52,30,66,66,51,51,51,51,46,67,25],"gold":351,"neow_bonus":"BOSS_RELIC","is_prod":false,"is_daily":false,"chose_seed":false,"campfire_upgraded":3,"win_rate":0,"timestamp":1545115056,"path_taken":["M","?","M","?","?","R","E","R","T","M","?","M","R","?","R","BOSS","M","M","?","?","?","R","E","R","T","E","M","R","M","M","R","BOSS","M","?","?","?","?","R","M","R","T","M","$","?","M","E","R","BOSS"],"build_version":"2018-12-13","purchased_purges":3,"victory":true,"max_hp_per_floor":[70,70,70,70,70,70,70,70,70,70,70,70,70,70,70,70,70,70,70,70,70,70,70,70,70,70,70,70,70,70,70,70,70,70,70,70,70,70,70,70,70,70,70,70,67,67,67,67,67,67],"card_choices":[{"not_picked":["Finisher","Flying Knee"],"picked":"Footwork","floor":1},{"not_picked":["Calculated Gamble","Deadly Poison"],"picked":"Poisoned Stab","floor":3},{"not_picked":["Blur","Bane"],"picked":"Unload","floor":7},{"not_picked":["Distraction","Slice"],"picked":"Quick Slash","floor":10},{"not_picked":["Prepared","PiercingWail"],"picked":"Deflect","floor":11},{"not_picked":["Dodge and Roll","Calculated Gamble"],"picked":"Reflex","floor":12},{"not_picked":["Sucker Punch","Escape Plan"],"picked":"Underhanded Strike","floor":14},{"not_picked":["Storm of Steel","Grand Finale"],"picked":"Glass Knife","floor":16},{"not_picked":["Poisoned Stab+1","PiercingWail"],"picked":"Dagger Throw","floor":18},{"not_picked":["Cloak And Dagger+1","Outmaneuver"],"picked":"Backstab","floor":19},{"not_picked":["Quick Slash+1","Accuracy"],"picked":"Reflex","floor":24},{"not_picked":["Flying Knee","Catalyst+1"],"picked":"Tactician","floor":27},{"not_picked":["Dodge and Roll+1","Blur"],"picked":"Acrobatics+1","floor":28},{"not_picked":["Backflip","Footwork+1"],"picked":"Envenom","floor":30},{"not_picked":["Cloak And Dagger","Caltrops"],"picked":"Escape Plan+1","floor":31},{"not_picked":["Grand Finale","Die Die Die"],"picked":"Night Terror","floor":33},{"not_picked":["Dagger Spray","Sucker Punch+1","Deflect"],"picked":"SKIP","floor":35},{"not_picked":["Dagger Spray","Blade Dance","All Out Attack+1"],"picked":"SKIP","floor":37},{"not_picked":["Bane+1","Backflip+1"],"picked":"Crippling Poison","floor":38},{"not_picked":["Heel Hook","Sucker Punch"],"picked":"Well Laid Plans","floor":39},{"not_picked":["Dagger Throw","PiercingWail+1"],"picked":"Escape Plan","floor":41},{"not_picked":["Poisoned Stab","Well Laid Plans"],"picked":"Blur","floor":44},{"not_picked":["PiercingWail+1","Phantasmal Killer"],"picked":"Footwork","floor":47},{"not_picked":["Sucker Punch","Outmaneuver","Poisoned Stab"],"picked":"SKIP","floor":48}],"player_experience":403101,"relics_obtained":[{"floor":7,"key":"Regal Pillow"},{"floor":9,"key":"Centennial Puzzle"},{"floor":11,"key":"Odd Mushroom"},{"floor":21,"key":"Necronomicon"},{"floor":24,"key":"Oddly Smooth Stone"},{"floor":26,"key":"Bottled Tornado"},{"floor":27,"key":"Lantern"},{"floor":39,"key":"Unceasing Top"},{"floor":43,"key":"Ornamental Fan"},{"floor":48,"key":"Paper Crane"}],"event_choices":[{"damage_healed":0,"gold_gain":0,"player_choice":"Bought 0 Potions","damage_taken":0,"max_hp_gain":0,"max_hp_loss":0,"event_name":"The Woman in Blue","floor":2,"gold_loss":0},{"damage_healed":0,"gold_gain":0,"player_choice":"Leave","damage_taken":0,"max_hp_gain":0,"max_hp_loss":0,"event_name":"The Cleric","floor":5,"gold_loss":0},{"damage_healed":0,"gold_gain":0,"player_choice":"Fought Mushrooms","damage_taken":0,"max_hp_gain":0,"max_hp_loss":0,"event_name":"Mushrooms","floor":11,"gold_loss":0},{"damage_healed":0,"gold_gain":0,"player_choice":"Simplicity","damage_taken":0,"max_hp_gain":0,"max_hp_loss":0,"event_name":"Back to Basics","floor":20,"gold_loss":0,"cards_upgraded":["Defend_G","Defend_G","Defend_G","Defend_G","Defend_G","Strike_G","Strike_G","Strike_G","Strike_G"]},{"damage_healed":0,"gold_gain":0,"player_choice":"Obtained Book","damage_taken":16,"max_hp_gain":0,"max_hp_loss":0,"event_name":"Cursed Tome","floor":21,"gold_loss":0},{"damage_healed":0,"gold_gain":300,"player_choice":"Gold","damage_taken":0,"max_hp_gain":0,"max_hp_loss":0,"event_name":"Wheel of Change","floor":36,"gold_loss":0},{"damage_healed":0,"gold_gain":0,"player_choice":"Fight","damage_taken":0,"max_hp_gain":0,"max_hp_loss":0,"event_name":"MindBloom","floor":39,"gold_loss":0},{"cards_removed":["Strike_G"],"damage_healed":0,"gold_gain":0,"player_choice":"Offered Basic","damage_taken":0,"max_hp_gain":0,"max_hp_loss":0,"event_name":"Bonfire Elementals","floor":46,"gold_loss":0}],"is_beta":false,"boss_relics":[{"not_picked":["Philosopher\u0027s Stone","Velvet Choker"],"picked":"Fusion Hammer"},{"not_picked":["Empty Cage","Coffee Dripper"],"picked":"Cursed Key"}],"items_purged_floors":[4,22,45],"is_endless":false,"potions_floor_spawned":[1,3,7,10,11,12,14,16,18,19,24,27,28,30,31,33,35,37,38,39,41,44,47,48],"ascension_level":9}