{"gold_per_floor":[115,85,96,96,96,96,121,38,87,131,131,32,45,45,45,45],"floor_reached":16,"playtime":890,"items_purged":["Injury"],"score":98,"play_id":"83fce069-17d8-4a02-b6ba-9b8f91cf7a4f","local_time":"20190131172607","is_ascension_mode":false,"campfire_choices":[{"floor":6,"key":"REST"},{"floor":15,"key":"REST"}],"neow_cost":"PERCENT_DAMAGE","seed_source_timestamp":1121429703077880,"circlet_count":0,"master_deck":["Defend_G","Defend_G","Defend_G","Defend_G","Defend_G","Strike_G","Strike_G","Strike_G","Strike_G","Strike_G","Survivor","Neutralize","Bullet Time","Poisoned Stab","Terror","Acrobatics","Accuracy","Dagger Throw","Dagger Throw","Outmaneuver","Distraction"],"relics":["Ring of the Snake","Golden Idol","Anchor","PreservedInsect","Bottled Tornado"],"potions_floor_usage":[],"damage_taken":[{"damage":0,"enemies":"Jaw Worm","floor":1,"turns":4},{"damage":0,"enemies":"Cultist","floor":3,"turns":3},{"damage":2,"enemies":"Small Slimes","floor":7,"turns":3},{"damage":30,"enemies":"Lagavulin","floor":10,"turns":9},{"damage":5,"enemies":"Exordium Wildlife","floor":13,"turns":5},{"damage":59,"enemies":"Hexaghost","floor":16,"turns":10}],"seed_played":"7055074157198506220","potions_obtained":[{"floor":2,"key":"PowerPotion"},{"floor":2,"key":"EntropicBrew"},{"floor":7,"key":"FearPotion"},{"floor":11,"key":"SmokeBomb"}],"is_trial":false,"path_per_floor":["M","?","M","?","T","R","M","$","T","E","?","$","M","$","R","B"],"character_chosen":"THE_SILENT","items_purchased":["Accuracy","Dagger Throw","Outmaneuver"],"campfire_rested":2,"item_purchase_floors":[8,8,12],"current_hp_per_floor":[49,49,49,49,49,70,68,68,68,38,38,38,33,33,54,0],"gold":45,"neow_bonus":"THREE_RARE_CARDS","is_prod":false,"is_daily":false,"chose_seed":false,"campfire_upgraded":0,"win_rate":0.0,"timestamp":1548951967,"path_taken":["M","?","?","?","?","R","?","$","T","E","?","$","M","?","R","BOSS"],"build_version":"2019-01-23","purchased_purges":1,"victory":false,"max_hp_per_floor":[70,70,70,70,70,70,70,70,70,70,70,70,70,70,70,70],"card_choices":[{"not_picked":["Doppelganger","Envenom"],"picked":"Bullet Time","floor":0},{"not_picked":["Deflect","Blur"],"picked":"Poisoned Stab","floor":1},{"not_picked":["Deflect","Underhanded Strike"],"picked":"Terror","floor":3},{"not_picked":["Dagger Spray","Flying Knee"],"picked":"Acrobatics","floor":7},{"not_picked":["PiercingWail","Sucker Punch"],"picked":"Dagger Throw","floor":10},{"not_picked":["Acrobatics","Crippling Poison"],"picked":"Distraction","floor":13}],"player_experience":24172,"relics_obtained":[{"floor":5,"key":"Anchor"},{"floor":9,"key":"PreservedInsect"},{"floor":10,"key":"Bottled Tornado"}],"event_choices":[{"damage_healed":0,"gold_gain":0,"player_choice":"Bought 2 Potions","damage_taken":0,"max_hp_gain":0,"max_hp_loss":0,"event_name":"The Woman in Blue","floor":2,"gold_loss":0},{"damage_healed":0,"gold_gain":0,"player_choice":"Take Wound","damage_taken":0,"relics_obtained":["Golden Idol"],"max_hp_gain":0,"max_hp_loss":0,"event_name":"Golden Idol","floor":4,"gold_loss":0,"cards_obtained":["Injury"]},{"damage_healed":0,"gold_gain":0,"player_choice":"Got Potions","damage_taken":0,"max_hp_gain":0,"max_hp_loss":0,"event_name":"Lab","floor":11,"gold_loss":0}],"is_beta":false,"boss_relics":[],"items_purged_floors":[12],"is_endless":false,"potions_floor_spawned":[7,13],"killed_by":"Hexaghost","ascension_level":0}