{"gold_per_floor":[118,132,149,163,173,199,73,100,130,130],"floor_reached":10,"playtime":529,"items_purged":[],"score":112,"play_id":"26f82b3a-081d-4201-8008-65eca26d90fb","local_time":"20190111193508","is_ascension_mode":true,"campfire_choices":[],"neow_cost":"NONE","seed_source_timestamp":192488800046192,"circlet_count":0,"master_deck":["Strike_B+1","Strike_B","Strike_B+1","Strike_B","Defend_B","Defend_B","Defend_B","Defend_B","Zap","Dualcast","Coolheaded","Streamline","Glacier","Hologram","Melter","Compile Driver","Ball Lightning"],"relics":["Cracked Core","Whetstone","Pen Nib","Anchor","Tiny Chest"],"potions_floor_usage":[8,10],"damage_taken":[{"damage":0,"enemies":"2 Louse","floor":1,"turns":2},{"damage":0,"enemies":"Jaw Worm","floor":2,"turns":4},{"damage":7,"enemies":"Small Slimes","floor":3,"turns":3},{"damage":6,"enemies":"Red Slaver","floor":4,"turns":4},{"damage":15,"enemies":"Large Slime","floor":5,"turns":9},{"damage":12,"enemies":"3 Sentries","floor":6,"turns":10},{"damage":13,"enemies":"Gremlin Nob","floor":8,"turns":4},{"damage":20,"enemies":"Lagavulin","floor":10,"turns":2}],"seed_played":"8657948462292876973","potions_obtained":[{"floor":5,"key":"Poison Potion"},{"floor":6,"key":"Weak Potion"}],"is_trial":false,"path_per_floor":["M","M","M","M","M","E","$","E","T","E"],"character_chosen":"DEFECT","items_purchased":["Melter","Compile Driver"],"campfire_rested":0,"item_purchase_floors":[7,7],"current_hp_per_floor":[68,68,61,55,40,28,28,15,15,0],"gold":130,"neow_bonus":"RANDOM_COMMON_RELIC","is_prod":false,"is_daily":false,"chose_seed":false,"campfire_upgraded":0,"win_rate":0,"timestamp":1547256908,"path_taken":["M","M","M","M","M","E","$","E","T","E"],"build_version":"2019-01-10","purchased_purges":0,"victory":false,"max_hp_per_floor":[75,75,75,75,75,75,75,75,75,75],"card_choices":[{"not_picked":["Conserve Battery","Force Field"],"picked":"Coolheaded","floor":1},{"not_picked":["Reprogram","Redo"],"picked":"Streamline","floor":2},{"not_picked":["Darkness","Ball Lightning"],"picked":"Glacier","floor":3},{"not_picked":["Rebound","Storm"],"picked":"Hologram","floor":4},{"not_picked":["Redo","Leap","Chaos"],"picked":"SKIP","floor":5},{"not_picked":["Chaos","Go for the Eyes","Rebound"],"picked":"SKIP","floor":6},{"not_picked":["Gash","Stack"],"picked":"Ball Lightning","floor":8}],"player_experience":151496,"relics_obtained":[{"floor":6,"key":"Pen Nib"},{"floor":8,"key":"Anchor"},{"floor":9,"key":"Tiny Chest"}],"event_choices":[],"is_beta":false,"boss_relics":[],"items_purged_floors":[],"is_endless":false,"potions_floor_spawned":[5,6],"killed_by":"Lagavulin","ascension_level":8}