{"gold_per_floor":[119,132,149,159,159,188,188,223,223,223,223,27,27,27],"floor_reached":14,"playtime":455,"items_purged":[],"score":118,"play_id":"68231ea7-9b38-4b8c-a80b-828f5c57e908","local_time":"20190202120336","is_ascension_mode":true,"campfire_choices":[{"data":"Sucker Punch","floor":7,"key":"SMITH"},{"data":"Dagger Spray","floor":10,"key":"SMITH"},{"data":"Apotheosis","floor":13,"key":"SMITH"}],"neow_cost":"NONE","seed_source_timestamp":68285911842100,"circlet_count":0,"master_deck":["Defend_G","Defend_G","Defend_G","Defend_G","Defend_G","Strike_G","Strike_G","Strike_G","Strike_G","Strike_G","Survivor","Neutralize","Madness","Sucker Punch+1","Quick Slash","Dagger Spray+1","Backflip","Venomology","Caltrops","Apotheosis+1"],"relics":["Ring of the Snake","Omamori","Question Card","Letter Opener","Ornamental Fan"],"potions_floor_usage":[4,8,14],"damage_taken":[{"damage":3,"enemies":"2 Louse","floor":1,"turns":4},{"damage":0,"enemies":"Small Slimes","floor":2,"turns":4},{"damage":1,"enemies":"Jaw Worm","floor":3,"turns":3},{"damage":2,"enemies":"Gremlin Gang","floor":4,"turns":2},{"damage":27,"enemies":"3 Sentries","floor":6,"turns":10},{"damage":12,"enemies":"Lagavulin","floor":8,"turns":9},{"damage":27,"enemies":"Gremlin Nob","floor":14,"turns":3}],"seed_played":"-8362843586568791045","potions_obtained":[{"floor":1,"key":"Explosive Potion"},{"floor":2,"key":"Weak Potion"},{"floor":3,"key":"AttackPotion"}],"is_trial":false,"path_per_floor":["M","M","M","M","?","E","R","E","T","R","?","$","R","E"],"character_chosen":"THE_SILENT","items_purchased":["Apotheosis"],"campfire_rested":0,"item_purchase_floors":[12],"current_hp_per_floor":[67,67,66,64,64,37,37,25,25,25,25,25,25,0],"gold":27,"neow_bonus":"RANDOM_COLORLESS","is_prod":false,"is_daily":false,"chose_seed":false,"campfire_upgraded":3,"win_rate":0,"timestamp":1549134216,"path_taken":["M","M","M","M","?","E","R","E","T","R","?","$","R","E"],"build_version":"2019-01-23","purchased_purges":0,"victory":false,"max_hp_per_floor":[70,70,70,70,70,70,70,70,70,70,70,70,70,70],"card_choices":[{"not_picked":["Acrobatics","Choke"],"picked":"Sucker Punch","floor":1},{"not_picked":["Accuracy","Flying Knee"],"picked":"Quick Slash","floor":2},{"not_picked":["Prepared","Escape Plan"],"picked":"Dagger Spray","floor":3},{"not_picked":["Acrobatics","PiercingWail"],"picked":"Backflip","floor":4},{"not_picked":["Dodge and Roll","Storm of Steel"],"picked":"Venomology","floor":6},{"not_picked":["Dagger Throw","Catalyst"],"picked":"Caltrops","floor":8}],"player_experience":293147,"relics_obtained":[{"floor":6,"key":"Omamori"},{"floor":8,"key":"Question Card"},{"floor":9,"key":"Letter Opener"}],"event_choices":[{"damage_healed":0,"gold_gain":0,"player_choice":"Ignored","damage_taken":0,"max_hp_gain":0,"max_hp_loss":0,"event_name":"Liars Game","floor":5,"gold_loss":0},{"damage_healed":0,"gold_gain":0,"player_choice":"Searched \u00271\u0027 times","damage_taken":0,"relics_obtained":["Ornamental Fan"],"max_hp_gain":0,"max_hp_loss":0,"event_name":"Dead Adventurer","floor":11,"gold_loss":0}],"is_beta":false,"boss_relics":[],"items_purged_floors":[],"is_endless":false,"potions_floor_spawned":[1,2,3],"killed_by":"Gremlin Nob","ascension_level":4}