{"gold_per_floor":[118,118,43,43,53,88,88,100,126,126,2,2,22,42,42,115,115,100,111,111,111,111,111,122,22,22,22,42,42,60,80,80,80],"floor_reached":33,"playtime":3033,"items_purged":["Regret","Decay"],"score":433,"play_id":"2f8316e2-260a-46e9-9014-636705033239","local_time":"20190125230104","is_ascension_mode":true,"campfire_choices":[{"data":"Streamline","floor":7,"key":"SMITH"},{"floor":15,"key":"REST"},{"floor":23,"key":"REST"},{"data":"Ghostly","floor":32,"key":"SMITH"}],"neow_cost":"NONE","seed_source_timestamp":557702827251032,"circlet_count":0,"master_deck":["AscendersBane","Zap","Dualcast","Turbo","Double Energy","Reinforced Body","Reboot","Undo","Compile Driver","Buffer","Consume","Undo","Streamline+1","Sweeping Beam","Skim","Melter","Ball Lightning","Sunder","Capacitor","Seek","Glacier","Necronomicurse","Hologram","Ghostly+1","Ghostly","Ghostly","Ghostly","Ghostly"],"relics":["Pandora\u0027s Box","Boot","Dodecahedron","Vajra","Bottled Tornado","White Beast Statue","Necronomicon","Potion Belt","Strawberry"],"potions_floor_usage":[14,14,14,16,24,28,31,33,33,33],"damage_taken":[{"damage":0,"enemies":"Small Slimes","floor":1,"turns":5},{"damage":0,"enemies":"Cultist","floor":5,"turns":4},{"damage":27,"enemies":"3 Sentries","floor":6,"turns":11},{"damage":12,"enemies":"Jaw Worm","floor":8,"turns":2},{"damage":15,"enemies":"Exordium Thugs","floor":13,"turns":5},{"damage":8,"enemies":"Looter","floor":14,"turns":3},{"damage":24,"enemies":"The Guardian","floor":16,"turns":13},{"damage":31,"enemies":"2 Thieves","floor":18,"turns":4},{"damage":9,"enemies":"Shell Parasite","floor":19,"turns":6},{"damage":0,"enemies":"Shelled Parasite and Fungi","floor":24,"turns":7},{"damage":0,"enemies":"Snecko","floor":28,"turns":3},{"damage":1,"enemies":"Cultist and Chosen","floor":30,"turns":7},{"damage":0,"enemies":"3 Cultists","floor":31,"turns":7},{"damage":51,"enemies":"Champ","floor":33,"turns":13}],"seed_played":"-6810304132548241024","potions_obtained":[{"floor":1,"key":"EntropicBrew"},{"floor":5,"key":"Weak Potion"},{"floor":18,"key":"Poison Potion"},{"floor":19,"key":"Weak Potion"},{"floor":24,"key":"Fire Potion"},{"floor":28,"key":"AttackPotion"},{"floor":30,"key":"LiquidBronze"},{"floor":31,"key":"Ancient Potion"}],"is_trial":false,"path_per_floor":["M","?","$","?","M","E","R","M","T","T","$","?","M","M","R","B",null,"M","M","?","?","?","R","M","$","T","T","M","?","M","M","R","B"],"character_chosen":"DEFECT","items_purchased":["Melter","Ball Lightning"],"campfire_rested":2,"item_purchase_floors":[11,11],"current_hp_per_floor":[68,68,68,68,68,41,41,29,29,29,29,29,14,6,28,4,57,26,17,1,26,26,48,48,48,48,55,55,41,40,40,40,0],"gold":80,"neow_bonus":"BOSS_RELIC","is_prod":false,"is_daily":false,"chose_seed":false,"campfire_upgraded":2,"win_rate":0,"timestamp":1548457264,"path_taken":["M","?","$","?","?","E","R","?","T","?","?","?","M","M","R","BOSS","M","M","?","?","?","R","M","?","T","?","?","?","M","M","R","BOSS"],"build_version":"2019-01-23","purchased_purges":2,"victory":false,"max_hp_per_floor":[75,75,75,75,75,75,75,75,75,75,75,75,75,75,75,75,75,75,75,75,75,75,75,75,75,75,82,82,41,41,41,41,41],"card_choices":[{"not_picked":["Scrape","Stack"],"picked":"Consume","floor":1},{"not_picked":["Recycle","Sweeping Beam"],"picked":"Streamline","floor":5},{"not_picked":["Reprogram","Go for the Eyes"],"picked":"Sweeping Beam","floor":6},{"not_picked":["Recycle","Streamline"],"picked":"Skim","floor":8},{"not_picked":["Barrage","Compile Driver"],"picked":"Sunder","floor":13},{"not_picked":["Stack","Force Field"],"picked":"Capacitor","floor":14},{"not_picked":["Rainbow","Fission"],"picked":"Seek","floor":16},{"not_picked":["Hologram","Force Field"],"picked":"Glacier","floor":18},{"not_picked":["Beam Cell","Go for the Eyes","Steam+1"],"picked":"SKIP","floor":19},{"not_picked":["Heatsinks","Chaos","Storm"],"picked":"SKIP","floor":24},{"not_picked":["Doom and Gloom","Chill"],"picked":"Hologram","floor":28},{"not_picked":["Barrage+1","Hologram","Steam Power"],"picked":"SKIP","floor":30},{"not_picked":["Conserve Battery","Hologram","Fission"],"picked":"SKIP","floor":31}],"player_experience":1234579,"relics_obtained":[{"floor":6,"key":"Dodecahedron"},{"floor":9,"key":"Vajra"},{"floor":10,"key":"Bottled Tornado"},{"floor":20,"key":"Necronomicon"},{"floor":26,"key":"Potion Belt"},{"floor":27,"key":"Strawberry"}],"event_choices":[{"damage_healed":0,"gold_gain":0,"player_choice":"Box","damage_taken":0,"relics_obtained":["Boot"],"max_hp_gain":0,"max_hp_loss":0,"event_name":"Big Fish","floor":2,"gold_loss":0,"cards_obtained":["Regret"]},{"damage_healed":0,"gold_gain":0,"cards_transformed":["Auto Shields"],"player_choice":"Transformed","damage_taken":0,"max_hp_gain":0,"max_hp_loss":0,"event_name":"Transmorgrifier","floor":4,"gold_loss":0,"cards_obtained":["Undo"]},{"damage_healed":0,"gold_gain":0,"player_choice":"Searched \u00270\u0027 times","damage_taken":0,"max_hp_gain":0,"max_hp_loss":0,"event_name":"Dead Adventurer","floor":12,"gold_loss":0},{"damage_healed":0,"gold_gain":0,"player_choice":"Obtained Book","damage_taken":16,"max_hp_gain":0,"max_hp_loss":0,"event_name":"Cursed Tome","floor":20,"gold_loss":0},{"damage_healed":25,"gold_gain":0,"player_choice":"Heal","damage_taken":0,"max_hp_gain":0,"max_hp_loss":0,"event_name":"The Library","floor":21,"gold_loss":0},{"damage_healed":0,"gold_gain":0,"player_choice":"Smashed Altar","damage_taken":0,"max_hp_gain":0,"max_hp_loss":0,"event_name":"Forgotten Altar","floor":22,"gold_loss":0,"cards_obtained":["Decay"]},{"damage_healed":0,"gold_gain":0,"player_choice":"Became a Ghost","damage_taken":0,"max_hp_gain":0,"max_hp_loss":41,"event_name":"Ghosts","floor":29,"gold_loss":0,"cards_obtained":["Ghostly","Ghostly","Ghostly","Ghostly","Ghostly"]}],"is_beta":false,"boss_relics":[{"not_picked":["Velvet Choker","Fusion Hammer"],"picked":"White Beast Statue"}],"items_purged_floors":[3,25],"is_endless":false,"potions_floor_spawned":[1,5,13,18,19,24,28,30,31],"killed_by":"Champ","ascension_level":13}