{"gold_per_floor":[111,61,71,30,30,68,68,68,92,92,92,117,132,132,132,132],"floor_reached":16,"playtime":758,"items_purged":[],"score":147,"play_id":"8f6b2e24-7036-4099-813d-54a8a49922a0","local_time":"20190204142518","is_ascension_mode":true,"campfire_choices":[{"floor":7,"key":"REST"},{"data":"Flame Barrier","floor":15,"key":"SMITH"}],"neow_cost":"NONE","seed_source_timestamp":64564549950272,"circlet_count":0,"master_deck":["AscendersBane","Strike_R","Strike_R","Strike_R","Defend_R","Defend_R","Defend_R","Defend_R","Bash","Shockwave","Ghostly Armor","Battle Trance","Flame Barrier+1","Evolve"],"relics":["Burning Blood","Golden Idol","Nunchaku","Bag of Preparation"],"potions_floor_usage":[6,16],"damage_taken":[{"damage":5,"enemies":"Small Slimes","floor":1,"turns":4},{"damage":8,"enemies":"Jaw Worm","floor":3,"turns":6},{"damage":40,"enemies":"3 Sentries","floor":6,"turns":14},{"damage":1,"enemies":"2 Louse","floor":12,"turns":3},{"damage":0,"enemies":"Looter","floor":13,"turns":4},{"damage":14,"enemies":"Hexaghost","floor":16,"turns":14}],"seed_played":"-4942579857171178674","potions_obtained":[{"floor":3,"key":"Poison Potion"},{"floor":6,"key":"Dexterity Potion"},{"floor":13,"key":"Weak Potion"}],"is_trial":false,"path_per_floor":["M","?","M","$","?","E","R","?","T","?","?","M","M","?","R","B"],"character_chosen":"IRONCLAD","items_purchased":["Ghostly Armor"],"campfire_rested":1,"item_purchase_floors":[4],"current_hp_per_floor":[73,73,71,71,51,17,41,46,46,46,46,51,57,57,57,43],"gold":132,"neow_bonus":"TRANSFORM_CARD","is_prod":false,"is_daily":false,"chose_seed":false,"campfire_upgraded":1,"win_rate":0,"timestamp":1549257918,"path_taken":["M","?","M","$","?","E","R","?","T","?","?","M","?","?","R","BOSS"],"build_version":"2019-01-23","purchased_purges":0,"victory":false,"max_hp_per_floor":[80,80,80,80,80,80,80,85,85,85,85,85,85,85,85,85],"card_choices":[{"not_picked":["Clothesline","Clash"],"picked":"Shockwave","floor":1},{"not_picked":["Clash","True Grit","Dark Embrace"],"picked":"SKIP","floor":3},{"not_picked":["Carnage","Twin Strike"],"picked":"Battle Trance","floor":6},{"not_picked":["True Grit","Clash"],"picked":"Flame Barrier","floor":12},{"not_picked":["Seeing Red","Body Slam"],"picked":"Evolve","floor":13}],"player_experience":167763,"relics_obtained":[{"floor":6,"key":"Nunchaku"},{"floor":9,"key":"Bag of Preparation"}],"event_choices":[{"cards_removed":["Dual Wield"],"damage_healed":0,"gold_gain":0,"player_choice":"Card Removal","damage_taken":0,"max_hp_gain":0,"max_hp_loss":0,"event_name":"The Cleric","floor":2,"gold_loss":50},{"damage_healed":0,"gold_gain":0,"player_choice":"Take Damage","damage_taken":20,"relics_obtained":["Golden Idol"],"max_hp_gain":0,"max_hp_loss":0,"event_name":"Golden Idol","floor":5,"gold_loss":0},{"damage_healed":0,"gold_gain":0,"player_choice":"Donut","damage_taken":0,"max_hp_gain":5,"max_hp_loss":0,"event_name":"Big Fish","floor":8,"gold_loss":0},{"cards_removed":["Strike_R"],"damage_healed":0,"gold_gain":0,"player_choice":"Forget","damage_taken":0,"max_hp_gain":0,"max_hp_loss":0,"event_name":"Living Wall","floor":10,"gold_loss":0},{"damage_healed":0,"gold_gain":0,"player_choice":"Searched \u00270\u0027 times","damage_taken":0,"max_hp_gain":0,"max_hp_loss":0,"event_name":"Dead Adventurer","floor":11,"gold_loss":0},{"damage_healed":0,"gold_gain":0,"player_choice":"Fled","damage_taken":0,"max_hp_gain":0,"max_hp_loss":0,"event_name":"Scrap Ooze","floor":14,"gold_loss":0}],"is_beta":false,"boss_relics":[],"items_purged_floors":[],"is_endless":false,"potions_floor_spawned":[3,6,13],"killed_by":"Hexaghost","ascension_level":10}