{"gold_per_floor":[119,194,194,204,23,23,42,42,65,13,48,48,66,78,78,174,174,192,209,223,235,40,40,71,71,96,126,126,225,225,17,17,112,112,131,131,131,147,160,192,192,192,192,209,241,241,251,46,46,46],"floor_reached":51,"playtime":2490,"items_purged":[],"score":1240,"play_id":"28d482b5-877e-4d4b-aeeb-4b58c7f9f41b","local_time":"20190104040943","is_ascension_mode":true,"campfire_choices":[{"floor":6,"key":"REST"},{"data":"Malaise","floor":12,"key":"SMITH"},{"data":"Sucker Punch","floor":15,"key":"SMITH"},{"data":"Catalyst","floor":23,"key":"SMITH"},{"data":"Backflip","floor":25,"key":"SMITH"},{"floor":32,"key":"REST"},{"floor":41,"key":"REST"},{"floor":49,"key":"REST"}],"neow_cost":"NONE","seed_source_timestamp":985388080779163,"circlet_count":0,"master_deck":["AscendersBane","Defend_G+1","Defend_G","Defend_G","Defend_G","Defend_G+1","Strike_G","Strike_G+1","Survivor","Neutralize+1","Corpse Explosion+1","Wraith Form v2+1","Endless Agony","Backflip","Sucker Punch+1","Poisoned Stab","Backflip","Malaise+1","Deflect","Poisoned Stab","Die Die Die+1","Backflip+1","Noxious Fumes+1","Caltrops+1","Catalyst+1","Heel Hook","Crippling Poison","Burst","Deadly Poison+1","Catalyst","Deflect+1","After Image","Panacea","Catalyst+1"],"relics":["Astrolabe","Omamori","Anchor","Potion Belt","Runic Dome","Lee\u0027s Waffle","PreservedInsect","Lantern","Whetstone","Sundial","ClockworkSouvenir","Fusion Hammer","Unceasing Top","Meat on the Bone","Molten Egg 2","DollysMirror"],"potions_floor_usage":[16,24,33,47,50,50,50,50,50,50,50,50],"damage_taken":[{"damage":0,"enemies":"Small Slimes","floor":1,"turns":6},{"damage":0,"enemies":"2 Louse","floor":4,"turns":3},{"damage":4,"enemies":"Jaw Worm","floor":7,"turns":3},{"damage":26,"enemies":"Lagavulin","floor":11,"turns":7},{"damage":2,"enemies":"Exordium Thugs","floor":13,"turns":4},{"damage":0,"enemies":"Red Slaver","floor":14,"turns":4},{"damage":17,"enemies":"The Guardian","floor":16,"turns":10},{"damage":9,"enemies":"3 Byrds","floor":18,"turns":3},{"damage":0,"enemies":"Chosen","floor":19,"turns":5},{"damage":9,"enemies":"Snake Plant","floor":20,"turns":7},{"damage":13,"enemies":"Snecko","floor":21,"turns":5},{"damage":28,"enemies":"Gremlin Leader","floor":24,"turns":7},{"damage":6,"enemies":"Book of Stabbing","floor":27,"turns":6},{"damage":33,"enemies":"Automaton","floor":33,"turns":9},{"damage":10,"enemies":"3 Darklings","floor":35,"turns":4},{"damage":11,"enemies":"3 Shapes","floor":38,"turns":2},{"damage":0,"enemies":"Transient","floor":39,"turns":5},{"damage":0,"enemies":"Reptomancer","floor":40,"turns":5},{"damage":3,"enemies":"Spire Growth","floor":44,"turns":4},{"damage":0,"enemies":"Giant Head","floor":45,"turns":5},{"damage":27,"enemies":"Writhing Mass","floor":47,"turns":6},{"damage":46,"enemies":"Awakened One","floor":50,"turns":11}],"seed_played":"-5024745233175394809","potions_obtained":[{"floor":7,"key":"Dexterity Potion"},{"floor":11,"key":"PowerPotion"},{"floor":13,"key":"SkillPotion"},{"floor":20,"key":"Swift Potion"},{"floor":24,"key":"Explosive Potion"},{"floor":33,"key":"SkillPotion"},{"floor":37,"key":"EntropicBrew"},{"floor":44,"key":"GhostInAJar"},{"floor":47,"key":"SteroidPotion"}],"is_trial":false,"path_per_floor":["M","?","?","M","$","R","M","?","T","$","E","R","M","M","R","B",null,"M","M","M","M","$","R","E","R","T","E","T","?","?","$","R","B",null,"M","?","?","M","M","E","R","?","T","M","E","?","M","$","R","B",null],"character_chosen":"THE_SILENT","items_purchased":["Omamori","Sucker Punch","Backflip","Lee\u0027s Waffle","ClockworkSouvenir","DollysMirror"],"campfire_rested":4,"item_purchase_floors":[5,5,10,22,31,48],"current_hp_per_floor":[63,52,38,38,38,59,55,55,55,55,29,29,27,27,27,10,55,46,46,37,24,77,77,49,49,49,43,43,43,43,43,66,33,66,56,56,56,45,45,45,68,68,68,65,65,65,38,38,59,40],"gold":46,"neow_bonus":"BOSS_RELIC","is_prod":false,"is_daily":false,"chose_seed":false,"campfire_upgraded":4,"win_rate":0,"timestamp":1546592983,"path_taken":["M","?","?","M","$","R","M","?","T","?","E","R","?","M","R","BOSS","M","M","M","M","$","R","E","R","T","E","?","?","?","$","R","BOSS","M","?","?","M","?","E","R","?","T","M","E","?","M","$","R","BOSS"],"build_version":"2019-01-03v3","purchased_purges":0,"victory":true,"max_hp_per_floor":[70,70,70,70,70,70,70,70,70,70,70,70,70,70,70,70,70,70,70,70,70,77,77,77,77,77,77,77,77,77,77,77,77,77,77,77,77,77,77,77,77,73,73,73,73,73,73,73,73,73],"card_choices":[{"not_picked":["Acrobatics","Escape Plan"],"picked":"Endless Agony","floor":1},{"not_picked":["Flying Knee","Eviscerate"],"picked":"Backflip","floor":4},{"not_picked":["Distraction","Dagger Throw"],"picked":"Poisoned Stab","floor":7},{"not_picked":["Accuracy","Acrobatics"],"picked":"Malaise","floor":11},{"not_picked":["Prepared","Terror"],"picked":"Deflect","floor":13},{"not_picked":["Expertise","Blade Dance"],"picked":"Poisoned Stab","floor":14},{"not_picked":["Storm of Steel","Phantasmal Killer"],"picked":"Die Die Die","floor":16},{"not_picked":["Sucker Punch+1","Poisoned Stab"],"picked":"Backflip","floor":18},{"not_picked":["Cloak And Dagger","Acrobatics"],"picked":"Noxious Fumes+1","floor":19},{"not_picked":["Deflect","Poisoned Stab+1"],"picked":"Caltrops+1","floor":20},{"not_picked":["Slice","Underhanded Strike"],"picked":"Catalyst","floor":21},{"not_picked":["Prepared+1","Doppelganger"],"picked":"Heel Hook","floor":24},{"not_picked":["Blade Dance","Flying Knee"],"picked":"Crippling Poison","floor":27},{"not_picked":["Unload","Bullet Time"],"picked":"Burst","floor":33},{"not_picked":["Slice","Bane"],"picked":"Deadly Poison+1","floor":35},{"not_picked":["Slice","Corpse Explosion"],"picked":"Catalyst","floor":38},{"not_picked":["Dagger Throw","Acrobatics"],"picked":"Deflect+1","floor":39},{"not_picked":["Cloak And Dagger","Accuracy+1","Deadly Poison"],"picked":"SKIP","floor":40},{"not_picked":["Slice","Underhanded Strike+1","Calculated Gamble+1"],"picked":"SKIP","floor":44},{"not_picked":["Choke","Concentrate+1"],"picked":"After Image","floor":45},{"not_picked":["PanicButton","Magnetism"],"picked":"Panacea","floor":46},{"not_picked":["Sucker Punch+1","Acrobatics+1","Dagger Throw+1"],"picked":"SKIP","floor":47}],"player_experience":463248,"relics_obtained":[{"floor":9,"key":"Anchor"},{"floor":11,"key":"Potion Belt"},{"floor":24,"key":"PreservedInsect"},{"floor":26,"key":"Lantern"},{"floor":27,"key":"Whetstone"},{"floor":28,"key":"Sundial"},{"floor":40,"key":"Unceasing Top"},{"floor":43,"key":"Meat on the Bone"},{"floor":45,"key":"Molten Egg 2"}],"event_choices":[{"damage_healed":0,"gold_gain":75,"player_choice":"Gather Gold","damage_taken":11,"max_hp_gain":0,"max_hp_loss":0,"event_name":"World of Goop","floor":2,"gold_loss":0},{"damage_healed":0,"gold_gain":0,"player_choice":"Entered Light","damage_taken":14,"max_hp_gain":0,"max_hp_loss":0,"event_name":"Shining Light","floor":3,"gold_loss":0,"cards_upgraded":["Defend_G","Defend_G"]},{"damage_healed":0,"gold_gain":0,"player_choice":"Grow","damage_taken":0,"max_hp_gain":0,"max_hp_loss":0,"event_name":"Living Wall","floor":8,"gold_loss":0,"cards_upgraded":["Neutralize"]},{"damage_healed":0,"gold_gain":99,"player_choice":"Stole From Cult","damage_taken":0,"max_hp_gain":0,"max_hp_loss":0,"event_name":"Nest","floor":29,"gold_loss":0},{"damage_healed":0,"gold_gain":0,"player_choice":"Ignored","damage_taken":0,"max_hp_gain":0,"max_hp_loss":0,"event_name":"Cursed Tome","floor":30,"gold_loss":0},{"cards_removed":["Heel Hook"],"damage_healed":0,"gold_gain":0,"player_choice":"Removed Attack","damage_taken":0,"max_hp_gain":0,"max_hp_loss":0,"event_name":"Falling","floor":36,"gold_loss":0},{"damage_healed":0,"gold_gain":0,"player_choice":"Got Potions","damage_taken":0,"max_hp_gain":0,"max_hp_loss":0,"event_name":"Lab","floor":37,"gold_loss":0},{"damage_healed":0,"gold_gain":0,"player_choice":"Max HP","damage_taken":0,"max_hp_gain":0,"max_hp_loss":4,"event_name":"Winding Halls","floor":42,"gold_loss":0},{"damage_healed":0,"gold_gain":0,"player_choice":"Memory 1","damage_taken":0,"max_hp_gain":0,"max_hp_loss":0,"event_name":"SensoryStone","floor":46,"gold_loss":0}],"is_beta":false,"boss_relics":[{"not_picked":["Coffee Dripper","Lizard Tail"],"picked":"Runic Dome"},{"not_picked":["Pandora\u0027s Box","Sozu"],"picked":"Fusion Hammer"}],"items_purged_floors":[],"is_endless":false,"potions_floor_spawned":[7,11,13,20,24,33,44,47],"ascension_level":11}