{"gold_per_floor":[117,117,117,131,17,17,50,50,50,50,50,90,104,104],"floor_reached":14,"playtime":670,"items_purged":[],"score":126,"play_id":"134ea593-b99f-4ce1-8bb4-b3879800e177","local_time":"20190206011348","is_ascension_mode":true,"campfire_choices":[{"floor":6,"key":"RECALL"},{"floor":10,"key":"REST"}],"neow_cost":"NONE","seed_source_timestamp":186922637620116,"circlet_count":0,"master_deck":["Strike_R","Strike_R","Strike_R","Strike_R","Strike_R","Defend_R","Defend_R","Defend_R","Bash","Combust","Regret","Injury","Metallicize","Hemokinesis","Seeing Red","Evolve","Pummel","Heavy Blade","Armaments+1"],"relics":["Burning Blood","Strawberry","Golden Idol","Dodecahedron","Toxic Egg 2","Happy Flower"],"potions_floor_usage":[],"damage_taken":[{"damage":5,"enemies":"Small Slimes","floor":1,"turns":4},{"damage":11,"enemies":"2 Louse","floor":4,"turns":3},{"damage":50,"enemies":"Lagavulin","floor":7,"turns":9},{"damage":57,"enemies":"Gremlin Nob","floor":12,"turns":5},{"damage":8,"enemies":"Jaw Worm","floor":13,"turns":3},{"damage":22,"enemies":"Lagavulin","floor":14,"turns":5}],"seed_played":"-6476222097690069531","potions_obtained":[{"floor":13,"key":"SpeedPotion"}],"is_trial":false,"path_per_floor":["M","?","?","M","$","R","E","T","T","R","?","E","M","E"],"character_chosen":"IRONCLAD","items_purchased":["Hemokinesis","Seeing Red"],"campfire_rested":1,"item_purchase_floors":[5,5],"current_hp_per_floor":[88,95,95,90,90,90,46,46,46,74,74,23,21,0],"gold":104,"neow_bonus":"TEN_PERCENT_HP_BONUS","is_prod":false,"is_daily":false,"chose_seed":false,"campfire_upgraded":0,"win_rate":0,"timestamp":1549412028,"path_taken":["M","?","?","M","$","R","E","?","T","R","?","E","?","E"],"build_version":"2019-01-23","purchased_purges":0,"victory":false,"max_hp_per_floor":[88,95,95,95,95,95,95,95,95,95,95,95,95,95],"card_choices":[{"not_picked":["Flex","Iron Wave"],"picked":"Combust","floor":1},{"not_picked":["Headbutt","Iron Wave"],"picked":"Metallicize","floor":4},{"not_picked":["Flex","Pummel"],"picked":"Evolve","floor":7},{"not_picked":["Barricade","Clash"],"picked":"Heavy Blade","floor":12},{"not_picked":["Clothesline","Sword Boomerang"],"picked":"Armaments+1","floor":13}],"player_experience":165125,"relics_obtained":[{"floor":7,"key":"Dodecahedron"},{"floor":8,"key":"Toxic Egg 2"},{"floor":12,"key":"Happy Flower"}],"event_choices":[{"damage_healed":0,"gold_gain":0,"player_choice":"Box","damage_taken":0,"relics_obtained":["Strawberry"],"max_hp_gain":0,"max_hp_loss":0,"event_name":"Big Fish","floor":2,"gold_loss":0,"cards_obtained":["Regret"]},{"damage_healed":0,"gold_gain":0,"player_choice":"Take Wound","damage_taken":0,"relics_obtained":["Golden Idol"],"max_hp_gain":0,"max_hp_loss":0,"event_name":"Golden Idol","floor":3,"gold_loss":0,"cards_obtained":["Injury"]},{"damage_healed":0,"gold_gain":0,"cards_transformed":["Defend_R"],"player_choice":"Transformed","damage_taken":0,"max_hp_gain":0,"max_hp_loss":0,"event_name":"Transmorgrifier","floor":11,"gold_loss":0,"cards_obtained":["Pummel"]}],"is_beta":false,"boss_relics":[],"items_purged_floors":[],"is_endless":false,"potions_floor_spawned":[13],"killed_by":"Lagavulin","ascension_level":1}