{"gold_per_floor":[115,115,128,141,152,152,187,187,262,289,306,115,15,32,32,134,134,149,249,263,138,151,151,151,181,181,181],"floor_reached":27,"playtime":1213,"items_purged":["Defend_B","Strike_B","Strike_B"],"score":377,"play_id":"387a7be2-782c-4e00-94fe-b4cf3eacd38c","local_time":"20190210025501","is_ascension_mode":true,"campfire_choices":[{"data":"Zap","floor":6,"key":"SMITH"},{"data":"Dualcast","floor":8,"key":"SMITH"},{"data":"Coolheaded","floor":15,"key":"SMITH"},{"floor":23,"key":"REST"}],"neow_cost":"NONE","seed_source_timestamp":380611086683427,"circlet_count":0,"master_deck":["AscendersBane","Strike_B","Strike_B","Defend_B","Defend_B","Defend_B","Zap+1","Dualcast+1","Glacier","Flash of Steel","Cold Snap","Rebound","Ball Lightning","Sunder+1","Coolheaded+1","Doom and Gloom+1","Beam Cell+1","Rainbow","Compile Driver+1","Buffer"],"relics":["Cracked Core","NeowsBlessing","Shovel","Molten Egg 2","PreservedInsect","Busted Crown","Peace Pipe","Question Card","Darkstone Periapt","Ginger"],"potions_floor_usage":[7,25],"damage_taken":[{"damage":0,"enemies":"Jaw Worm","floor":1,"turns":1},{"damage":0,"enemies":"Cultist","floor":3,"turns":1},{"damage":0,"enemies":"Small Slimes","floor":4,"turns":1},{"damage":0,"enemies":"Looter","floor":5,"turns":4},{"damage":6,"enemies":"Lagavulin","floor":7,"turns":6},{"damage":12,"enemies":"3 Sentries","floor":10,"turns":6},{"damage":1,"enemies":"Large Slime","floor":11,"turns":5},{"damage":17,"enemies":"Exordium Wildlife","floor":14,"turns":3},{"damage":17,"enemies":"The Guardian","floor":16,"turns":10},{"damage":4,"enemies":"2 Thieves","floor":18,"turns":2},{"damage":25,"enemies":"Colosseum Slavers","floor":19,"turns":3},{"damage":0,"enemies":"Colosseum Nobs","floor":19,"turns":2},{"damage":4,"enemies":"Shell Parasite","floor":20,"turns":3},{"damage":5,"enemies":"Shelled Parasite and Fungi","floor":22,"turns":4},{"damage":28,"enemies":"Slavers","floor":25,"turns":4},{"damage":22,"enemies":"Snake Plant","floor":27,"turns":1}],"seed_played":"3849144376394639883","potions_obtained":[{"floor":4,"key":"PowerPotion"},{"floor":7,"key":"Ancient Potion"},{"floor":10,"key":"SpeedPotion"},{"floor":25,"key":"Energy Potion"}],"is_trial":false,"path_per_floor":["M","?","M","M","M","R","E","R","T","E","M","$","$","M","R","B",null,"M","?","M","$","M","R","?","E","T","M"],"character_chosen":"DEFECT","items_purchased":["Doom and Gloom+1","Beam Cell+1"],"campfire_rested":1,"item_purchase_floors":[12,12],"current_hp_per_floor":[68,68,68,68,68,68,62,62,62,50,49,49,49,32,32,15,60,56,31,27,27,22,44,44,16,16,0],"gold":181,"neow_bonus":"THREE_ENEMY_KILL","is_prod":false,"is_daily":false,"chose_seed":false,"campfire_upgraded":3,"win_rate":0,"timestamp":1549788901,"path_taken":["M","?","M","?","M","R","E","R","T","E","M","?","$","M","R","BOSS","M","?","M","$","M","R","?","E","T","M"],"build_version":"2019-01-23","purchased_purges":3,"victory":false,"max_hp_per_floor":[75,75,75,75,75,75,75,75,75,75,75,75,75,75,75,75,75,75,75,75,75,75,75,75,75,75,75],"card_choices":[{"not_picked":["Coolheaded","Cold Snap"],"picked":"Glacier","floor":1},{"not_picked":["Redo","Stack","Static Discharge"],"picked":"SKIP","floor":3},{"not_picked":["Stack","Conserve Battery"],"picked":"Cold Snap","floor":4},{"not_picked":["Beam Cell","Conserve Battery"],"picked":"Rebound","floor":5},{"not_picked":["Coolheaded","Genetic Algorithm"],"picked":"Ball Lightning","floor":7},{"not_picked":["Ball Lightning+1","Streamline+1"],"picked":"Sunder+1","floor":10},{"not_picked":["Creative AI","Tempest"],"picked":"Coolheaded","floor":11},{"not_picked":["Steam","Aggregate","Reprogram"],"picked":"SKIP","floor":14},{"not_picked":["Thunder Strike+1","Reboot"],"picked":"Rainbow","floor":16},{"not_picked":["Rebound+1"],"picked":"SKIP","floor":18},{"not_picked":["Streamline+1"],"picked":"Compile Driver+1","floor":20},{"not_picked":["Rebound+1"],"picked":"Buffer","floor":22},{"not_picked":["Turbo","All For One+1"],"picked":"SKIP","floor":25}],"player_experience":245840,"relics_obtained":[{"floor":7,"key":"Shovel"},{"floor":9,"key":"Molten Egg 2"},{"floor":10,"key":"PreservedInsect"},{"floor":19,"key":"Peace Pipe"},{"floor":19,"key":"Question Card"},{"floor":25,"key":"Darkstone Periapt"},{"floor":26,"key":"Ginger"}],"event_choices":[{"damage_healed":0,"gold_gain":0,"player_choice":"1 cards matched","damage_taken":0,"max_hp_gain":0,"max_hp_loss":0,"event_name":"Match and Keep!","floor":2,"gold_loss":0,"cards_obtained":["Flash of Steel"]},{"damage_healed":0,"gold_gain":0,"player_choice":"Fight","damage_taken":0,"max_hp_gain":0,"max_hp_loss":0,"event_name":"Colosseum","floor":19,"gold_loss":0},{"damage_healed":0,"gold_gain":0,"player_choice":"Fought Nobs","damage_taken":0,"max_hp_gain":0,"max_hp_loss":0,"event_name":"Colosseum","floor":19,"gold_loss":0},{"damage_healed":0,"gold_gain":0,"player_choice":"Ignored","damage_taken":0,"max_hp_gain":0,"max_hp_loss":0,"event_name":"Ghosts","floor":24,"gold_loss":0}],"is_beta":false,"boss_relics":[{"not_picked":["Philosopher\u0027s Stone","FrozenCore"],"picked":"Busted Crown"}],"items_purged_floors":[12,13,21],"is_endless":false,"potions_floor_spawned":[4,7,10,18,22,25],"killed_by":"Snake Plant","ascension_level":11}