{"gold_per_floor":[217,236,236,256,206,206,224,265,289,289,364,364,388,12,12,137,200,214,237,237,135,23,23,41,41,41,65,65,65,65,97,97,192,192,205,105,115,129,149,149,165,81,81,101,101,101,101,1,1,1],"floor_reached":51,"playtime":4297,"items_purged":["Strike_G","Strike_G","Strike_G+1"],"score":720,"play_id":"ffbfdc57-59e9-4b45-8f08-422815082a14","local_time":"20181004144548","is_ascension_mode":false,"campfire_choices":[{"data":"Deadly Poison","floor":6,"key":"SMITH"},{"data":"Catalyst","floor":10,"key":"SMITH"},{"data":"Leg Sweep","floor":12,"key":"SMITH"},{"data":"Well Laid Plans","floor":15,"key":"SMITH"},{"data":"Burst","floor":23,"key":"SMITH"},{"data":"Corpse Explosion","floor":25,"key":"SMITH"},{"data":"Catalyst","floor":30,"key":"SMITH"},{"data":"Bouncing Flask","floor":32,"key":"SMITH"},{"floor":40,"key":"REST"},{"data":"Deadly Poison","floor":47,"key":"SMITH"},{"data":"Discovery","floor":49,"key":"SMITH"}],"neow_cost":"NONE","seed_source_timestamp":1989066179487801,"circlet_count":0,"master_deck":["Defend_G","Defend_G","Defend_G","Defend_G","Defend_G","Strike_G+1","Survivor","Neutralize","Leg Sweep+1","Deadly Poison+1","Bouncing Flask+1","Catalyst+1","Burst+1","Dagger Spray","Well Laid Plans+1","Corpse Explosion+1","Bane","Backstab+1","Discovery+1","Backstab","Endless Agony+1","Catalyst+1","Backflip","Bullet Time","Backstab+1","All Out Attack+1","Noxious Fumes+1","Catalyst+1","Deadly Poison+1"],"relics":["Ring of the Snake","Bloody Idol","Bronze Scales","Lantern","Mango","Tiny House","Whetstone","Red Mask","Sozu","Strawberry","The Courier"],"potions_floor_usage":[8,8,18,33,33,33],"damage_taken":[{"damage":0,"enemies":"2 Louse","floor":1,"turns":3},{"damage":0,"enemies":"Small Slimes","floor":2,"turns":4},{"damage":0,"enemies":"Jaw Worm","floor":4,"turns":4},{"damage":0,"enemies":"Large Slime","floor":7,"turns":8},{"damage":0,"enemies":"Gremlin Nob","floor":8,"turns":2},{"damage":0,"enemies":"Blue Slaver","floor":13,"turns":2},{"damage":0,"enemies":"Slime Boss","floor":16,"turns":4},{"damage":0,"enemies":"Spheric Guardian","floor":18,"turns":3},{"damage":0,"enemies":"3 Byrds","floor":19,"turns":3},{"damage":11,"enemies":"Shelled Parasite and Fungi","floor":24,"turns":4},{"damage":2,"enemies":"Snecko","floor":27,"turns":5},{"damage":6,"enemies":"Masked Bandits","floor":31,"turns":3},{"damage":68,"enemies":"Collector","floor":33,"turns":8},{"damage":7,"enemies":"3 Darklings","floor":35,"turns":4},{"damage":22,"enemies":"Orb Walker","floor":37,"turns":4},{"damage":2,"enemies":"4 Shapes","floor":38,"turns":4},{"damage":12,"enemies":"Sphere and 2 Shapes","floor":39,"turns":4},{"damage":0,"enemies":"Transient","floor":41,"turns":5},{"damage":2,"enemies":"Maw","floor":44,"turns":4},{"damage":85,"enemies":"Awakened One","floor":50,"turns":13}],"seed_played":"2021954331785157266","potions_obtained":[{"floor":2,"key":"Poison Potion"},{"floor":4,"key":"Poison Potion"},{"floor":8,"key":"SteroidPotion"},{"floor":13,"key":"Swift Potion"},{"floor":17,"key":"Dexterity Potion"},{"floor":24,"key":"AttackPotion"},{"floor":27,"key":"Weak Potion"},{"floor":31,"key":"Fire Potion"}],"is_trial":false,"path_per_floor":["M","M","?","M","?","R","M","E","T","R","?","R","M","$","R","B",null,"M","M","?","$","$","R","M","R","T","M","?","?","R","?","R","B",null,"M","$","M","M","M","R","M","?","T","M","?","?","R","$","R","B"],"character_chosen":"THE_SILENT","items_purchased":["Well Laid Plans","Mango","Discovery","Backstab"],"campfire_rested":1,"item_purchase_floors":[14,14,21,22],"current_hp_per_floor":[70,70,53,53,53,53,53,53,53,53,42,42,42,56,56,56,89,89,89,89,89,89,89,78,78,78,76,76,76,76,75,75,12,89,87,87,70,73,66,89,89,96,96,96,96,96,96,96,96,11],"gold":1,"neow_bonus":"HUNDRED_GOLD","is_prod":false,"is_daily":false,"chose_seed":false,"campfire_upgraded":10,"win_rate":0,"timestamp":1538678748,"path_taken":["M","M","?","M","?","R","M","E","T","R","?","R","?","$","R","BOSS","M","M","?","?","$","R","M","R","T","M","?","?","R","?","R","BOSS","M","$","M","M","M","R","M","?","T","M","?","?","R","$","R","BOSS"],"build_version":"2018-09-27","purchased_purges":3,"victory":true,"max_hp_per_floor":[70,70,70,70,70,70,70,70,70,70,70,70,70,84,84,84,89,89,89,89,89,89,89,89,89,89,89,89,89,89,89,89,89,89,89,89,89,89,89,89,89,96,96,96,96,96,96,96,96,96],"card_choices":[{"not_picked":["Flying Knee","Dagger Spray"],"picked":"Leg Sweep","floor":1},{"not_picked":["Distraction","Heel Hook"],"picked":"Deadly Poison","floor":2},{"not_picked":["Accuracy","PiercingWail"],"picked":"Bouncing Flask","floor":4},{"not_picked":["Cloak And Dagger","Blade Dance"],"picked":"Catalyst","floor":7},{"not_picked":["Distraction","PiercingWail"],"picked":"Burst","floor":8},{"not_picked":["Escape Plan","Tactician"],"picked":"Dagger Spray","floor":13},{"not_picked":["Wraith Form v2","After Image"],"picked":"Corpse Explosion","floor":16},{"not_picked":["Quick Slash","Setup"],"picked":"Bane","floor":17},{"not_picked":["Riddle With Holes","Dodge and Roll","Poisoned Stab"],"picked":"SKIP","floor":18},{"not_picked":["Expertise+1","Dodge and Roll","Cloak And Dagger"],"picked":"SKIP","floor":19},{"not_picked":["Finisher+1","Calculated Gamble"],"picked":"Endless Agony+1","floor":24},{"not_picked":["Quick Slash+1","PiercingWail"],"picked":"Catalyst","floor":27},{"not_picked":["Accuracy","Acrobatics"],"picked":"Backflip","floor":31},{"not_picked":["Storm of Steel","Adrenaline"],"picked":"Bullet Time","floor":33},{"not_picked":["PiercingWail","Skewer"],"picked":"Backstab+1","floor":35},{"not_picked":["Blade Dance","Sucker Punch"],"picked":"All Out Attack+1","floor":37},{"not_picked":["Choke","Predator"],"picked":"Noxious Fumes+1","floor":38},{"not_picked":["Quick Slash+1","Dagger Throw+1"],"picked":"Catalyst+1","floor":39},{"not_picked":["Prepared","Masterful Stab","Bane+1"],"picked":"SKIP","floor":41},{"not_picked":["Prepared+1","Poisoned Stab+1"],"picked":"Deadly Poison","floor":44}],"player_experience":2889908,"relics_obtained":[{"floor":8,"key":"Bronze Scales"},{"floor":9,"key":"Lantern"},{"floor":26,"key":"Whetstone"},{"floor":31,"key":"Red Mask"},{"floor":43,"key":"The Courier"}],"event_choices":[{"event_name":"Golden Idol","player_choice":"Take Damage","floor":3,"damage_taken":0},{"event_name":"The Cleric","player_choice":"Card Removal","floor":5,"damage_taken":0},{"event_name":"World of Goop","player_choice":"Gather Gold","floor":11,"damage_taken":0},{"event_name":"The Library","player_choice":"Read","floor":20,"damage_taken":0},{"event_name":"The Mausoleum","player_choice":"No","floor":28,"damage_taken":0},{"event_name":"Forgotten Altar","player_choice":"Gave Idol","floor":29,"damage_taken":0},{"event_name":"Masked Bandits","player_choice":"Fought Bandits","floor":31,"damage_taken":0},{"event_name":"WeMeetAgain","player_choice":"Gold","floor":42,"damage_taken":0},{"event_name":"SensoryStone","player_choice":"Memory 1","floor":45,"damage_taken":0},{"event_name":"Match and Keep!","player_choice":"0 cards matched","floor":46,"damage_taken":0}],"is_beta":false,"boss_relics":[{"not_picked":["Ring of the Serpent","Calling Bell"],"picked":"Tiny House"},{"not_picked":["Eternal Feather","White Beast Statue"],"picked":"Sozu"}],"items_purged_floors":[22,36,48],"is_endless":false,"potions_floor_spawned":[2,4,8,13,24,27,31,35,38,41],"ascension_level":0}