{"gold_per_floor":[115,135,150,150,169,197,197,221,221,221,254,271,271,282,282,380,380,369,68,68,68,83,83,83,83,83,83,83,114,61,95,95,194,194,209,227,81,81,108,108,135,135,135,150,163,173,37,56,56,56,56,56,56,56],"floor_reached":54,"playtime":6116,"items_purged":["Strike_B","Strike_B"],"score":1021,"play_id":"1504724a-3027-45c5-b1a3-c3f43a23fc39","local_time":"20190206155638","is_ascension_mode":true,"campfire_choices":[{"floor":7,"key":"REST"},{"floor":10,"key":"REST"},{"floor":13,"key":"REST"},{"floor":15,"key":"REST"},{"floor":23,"key":"REST"},{"data":"Buffer","floor":25,"key":"SMITH"},{"floor":28,"key":"REST"},{"floor":32,"key":"REST"},{"floor":40,"key":"REST"},{"floor":42,"key":"RECALL"},{"floor":49,"key":"REST"},{"data":"Blizzard","floor":52,"key":"SMITH"}],"neow_cost":"NONE","seed_source_timestamp":1033508271990598,"circlet_count":0,"master_deck":["Strike_B+1","Strike_B","Defend_B","Defend_B+1","Defend_B","Defend_B","Zap","Dualcast","Deep Breath","Steam","Reboot","Reinforced Body","Cold Snap","Stack","FTL","Reinforced Body","Conserve Battery","Buffer+1","Echo Form","White Noise","Blizzard+1","BootSequence","Conserve Battery","Coolheaded","Undo+1","Glacier","Echo Form","Gash+1","Capacitor","Madness","Madness","Reboot","Redo+1","Blizzard+1","Defragment","Hologram+1"],"relics":["Cracked Core","Ice Cream","Odd Mushroom","Pocketwatch","Blue Candle","Sozu","DataDisk","Nloth\u0027s Gift","Molten Egg 2","Dream Catcher","Black Star","Art of War","Oddly Smooth Stone","Unceasing Top","Pantograph"],"potions_floor_usage":[16,22,33,41],"damage_taken":[{"damage":6,"enemies":"Small Slimes","floor":1,"turns":4},{"damage":1,"enemies":"2 Louse","floor":2,"turns":2},{"damage":1,"enemies":"Cultist","floor":3,"turns":3},{"damage":11,"enemies":"3 Louse","floor":5,"turns":4},{"damage":20,"enemies":"3 Sentries","floor":6,"turns":11},{"damage":2,"enemies":"The Mushroom Lair","floor":8,"turns":7},{"damage":22,"enemies":"Gremlin Nob","floor":11,"turns":4},{"damage":4,"enemies":"Large Slime","floor":12,"turns":6},{"damage":24,"enemies":"Gremlin Gang","floor":14,"turns":5},{"damage":15,"enemies":"Slime Boss","floor":16,"turns":12},{"damage":9,"enemies":"2 Thieves","floor":18,"turns":5},{"damage":21,"enemies":"3 Byrds","floor":22,"turns":5},{"damage":12,"enemies":"Colosseum Slavers","floor":24,"turns":6},{"damage":16,"enemies":"Slavers","floor":29,"turns":13},{"damage":35,"enemies":"Gremlin Leader","floor":31,"turns":11},{"damage":1,"enemies":"Collector","floor":33,"turns":18},{"damage":6,"enemies":"Orb Walker","floor":35,"turns":7},{"damage":6,"enemies":"3 Shapes","floor":36,"turns":9},{"damage":13,"enemies":"Giant Head","floor":41,"turns":16},{"damage":19,"enemies":"Jaw Worm Horde","floor":44,"turns":9},{"damage":0,"enemies":"Spire Growth","floor":45,"turns":9},{"damage":0,"enemies":"Sphere and 2 Shapes","floor":46,"turns":10},{"damage":0,"enemies":"Maw","floor":48,"turns":12},{"damage":0,"enemies":"Time Eater","floor":50,"turns":15},{"damage":78,"enemies":"Shield and Spear","floor":54,"turns":11}],"seed_played":"5788868926184666213","potions_obtained":[{"floor":5,"key":"GamblersBrew"},{"floor":8,"key":"Swift Potion"},{"floor":11,"key":"Block Potion"},{"floor":14,"key":"Explosive Potion"},{"floor":16,"key":"SkillPotion"}],"is_trial":false,"path_per_floor":["M","M","M","?","M","E","R","?","T","R","E","M","R","M","R","B",null,"M","$","?","?","M","R","?","R","T","?","R","E","$","E","R","B",null,"M","M","$","?","T","R","E","R","T","M","M","M","$","M","R","B",null,"R","$","E"],"character_chosen":"DEFECT","items_purchased":["DataDisk","Blizzard","Coolheaded","Art of War","Defragment"],"campfire_rested":9,"item_purchase_floors":[19,19,30,37,47],"current_hp_per_floor":[62,61,60,45,34,14,36,34,34,56,34,30,52,28,50,35,65,56,56,56,56,35,57,45,45,45,45,67,51,51,16,38,37,66,60,54,54,45,45,67,54,54,54,35,35,35,35,35,57,75,75,75,75,0],"gold":56,"neow_bonus":"RANDOM_COLORLESS","is_prod":false,"is_daily":false,"chose_seed":false,"campfire_upgraded":2,"win_rate":0,"timestamp":1549464998,"path_taken":["M","M","M","?","M","E","R","?","T","R","E","M","R","M","R","BOSS","M","$","?","?","?","R","?","R","T","?","R","E","$","E","R","BOSS","M","?","$","?","?","R","E","R","T","M","?","M","$","M","R","BOSS","R","$","E"],"build_version":"2019-01-23","purchased_purges":2,"victory":false,"max_hp_per_floor":[75,75,75,75,75,75,75,75,75,75,75,75,75,75,75,75,75,75,75,75,75,75,75,75,75,75,75,75,75,75,75,75,75,75,75,75,75,75,75,75,75,75,75,75,75,75,75,75,75,75,75,75,75,75],"card_choices":[{"not_picked":["Leap","Redo"],"picked":"Steam","floor":1},{"not_picked":["Barrage","Chaos"],"picked":"Reboot","floor":2},{"not_picked":["Recycle","Hologram"],"picked":"Reinforced Body","floor":3},{"not_picked":["Coolheaded","Sunder"],"picked":"Cold Snap","floor":5},{"not_picked":["Coolheaded","Hologram"],"picked":"Stack","floor":6},{"not_picked":["Hologram","Streamline"],"picked":"FTL","floor":8},{"not_picked":["Redo","Go for the Eyes"],"picked":"Reinforced Body","floor":11},{"not_picked":["Sunder","Compile Driver"],"picked":"Conserve Battery","floor":12},{"not_picked":["Reinforced Body","Compile Driver"],"picked":"Buffer","floor":14},{"not_picked":["Multi-Cast","Biased Cognition"],"picked":"Echo Form","floor":16},{"not_picked":["Conserve Battery+1","Reinforced Body"],"picked":"White Noise","floor":18},{"not_picked":["Streamline","Compile Driver"],"picked":"BootSequence","floor":22},{"not_picked":["Leap","Biased Cognition"],"picked":"Conserve Battery","floor":29},{"not_picked":["Biased Cognition","Beam Cell+1"],"picked":"Undo+1","floor":31},{"not_picked":["Compile Driver+1","Heatsinks"],"picked":"Glacier","floor":32},{"not_picked":["Biased Cognition","All For One+1"],"picked":"Echo Form","floor":33},{"not_picked":["Stack","Amplify"],"picked":"Gash+1","floor":35},{"not_picked":["Ball Lightning+1","Loop"],"picked":"Capacitor","floor":36},{"not_picked":["Go for the Eyes+1","Streamline+1"],"picked":"Reboot","floor":41},{"not_picked":["Doom and Gloom+1","Beam Cell+1"],"picked":"Redo+1","floor":44},{"not_picked":["Conserve Battery+1","Rebound+1","Stack"],"picked":"SKIP","floor":45},{"not_picked":["Conserve Battery+1","Rebound+1","Stack"],"picked":"SKIP","floor":45},{"not_picked":["Leap","Core Surge+1"],"picked":"Blizzard+1","floor":46},{"not_picked":["Compile Driver+1","Stack+1","Rainbow"],"picked":"SKIP","floor":48},{"not_picked":["Hello World+1","Ball Lightning+1"],"picked":"Hologram+1","floor":49}],"player_experience":244181,"relics_obtained":[{"floor":6,"key":"Ice Cream"},{"floor":8,"key":"Odd Mushroom"},{"floor":9,"key":"Pocketwatch"},{"floor":11,"key":"Blue Candle"},{"floor":26,"key":"Sundial"},{"floor":29,"key":"Molten Egg 2"},{"floor":31,"key":"Dream Catcher"},{"floor":41,"key":"Oddly Smooth Stone"},{"floor":41,"key":"Unceasing Top"},{"floor":43,"key":"Pantograph"}],"event_choices":[{"damage_healed":0,"gold_gain":0,"player_choice":"Entered Light","damage_taken":15,"max_hp_gain":0,"max_hp_loss":0,"event_name":"Shining Light","floor":4,"gold_loss":0,"cards_upgraded":["Strike_B","Defend_B"]},{"damage_healed":0,"gold_gain":0,"player_choice":"Fought Mushrooms","damage_taken":0,"max_hp_gain":0,"max_hp_loss":0,"event_name":"Mushrooms","floor":8,"gold_loss":0},{"damage_healed":0,"gold_gain":0,"player_choice":"Ignored","damage_taken":0,"max_hp_gain":0,"max_hp_loss":0,"event_name":"Ghosts","floor":20,"gold_loss":0},{"damage_healed":0,"gold_gain":0,"player_choice":"Bought 0 Potions","damage_taken":0,"max_hp_gain":0,"max_hp_loss":0,"event_name":"The Woman in Blue","floor":21,"gold_loss":0},{"damage_healed":0,"gold_gain":0,"player_choice":"Fight","damage_taken":0,"max_hp_gain":0,"max_hp_loss":0,"event_name":"Colosseum","floor":24,"gold_loss":0},{"damage_healed":0,"gold_gain":0,"player_choice":"Fled From Nobs","damage_taken":0,"max_hp_gain":0,"max_hp_loss":0,"event_name":"Colosseum","floor":24,"gold_loss":0},{"damage_healed":0,"gold_gain":0,"player_choice":"Traded Relic","damage_taken":0,"relics_obtained":["Nloth\u0027s Gift"],"max_hp_gain":0,"max_hp_loss":0,"event_name":"N\u0027loth","floor":27,"relics_lost":["Sundial"],"gold_loss":0},{"damage_healed":0,"gold_gain":0,"player_choice":"Embrace Madness","damage_taken":9,"max_hp_gain":0,"max_hp_loss":0,"event_name":"Winding Halls","floor":38,"gold_loss":0,"cards_obtained":["Madness","Madness"]}],"is_beta":false,"boss_relics":[{"not_picked":["Busted Crown","Astrolabe"],"picked":"Sozu"},{"not_picked":["Coffee Dripper","Runic Pyramid"],"picked":"Black Star"}],"items_purged_floors":[19,47],"is_endless":false,"potions_floor_spawned":[5,8,11,14,16,22,31,33,44,45,48],"killed_by":"Shield and Spear","ascension_level":7}