{"gold_per_floor":[217,217,217,26,40,40,6,34,60,60,85,85,103,103,103,103],"floor_reached":16,"playtime":976,"items_purged":[],"score":127,"play_id":"9c16b342-4405-40a5-b17e-4bcb4e3ccde0","local_time":"20181216184716","is_ascension_mode":true,"campfire_choices":[{"data":"Sentinel","floor":6,"key":"SMITH"},{"floor":10,"key":"REST"},{"floor":12,"key":"REST"},{"floor":15,"key":"REST"}],"neow_cost":"NONE","seed_source_timestamp":2425276681449100,"circlet_count":0,"master_deck":["Defend_G+1","Defend_G+1","Defend_G+1","Defend_G","Defend_G","Strike_G","Strike_G","Strike_G","Strike_G","Strike_G","Survivor","Neutralize+1","Bane","Sentinel+1","Footwork"],"relics":["Ring of the Snake","PrismaticShard","Ancient Tea Set","War Paint","Omamori"],"potions_floor_usage":[8,16],"damage_taken":[{"damage":1,"enemies":"Jaw Worm","floor":1,"turns":7},{"damage":9,"enemies":"Small Slimes","floor":5,"turns":4},{"damage":29,"enemies":"Gremlin Nob","floor":8,"turns":6},{"damage":28,"enemies":"3 Sentries","floor":11,"turns":15},{"damage":0,"enemies":"Cultist","floor":13,"turns":4},{"damage":10,"enemies":"The Guardian","floor":16,"turns":15}],"seed_played":"-8784746341535176644","potions_obtained":[{"floor":5,"key":"EssenceOfSteel"},{"floor":11,"key":"GhostInAJar"},{"floor":13,"key":"Dexterity Potion"}],"is_trial":false,"path_per_floor":["M","?","?","$","M","R","$","E","T","R","E","R","M","?","R","B"],"character_chosen":"THE_SILENT","items_purchased":["PrismaticShard","Footwork"],"campfire_rested":3,"item_purchase_floors":[4,7],"current_hp_per_floor":[69,55,55,55,46,46,46,17,17,38,10,31,31,31,52,42],"gold":103,"neow_bonus":"HUNDRED_GOLD","is_prod":false,"is_daily":false,"chose_seed":false,"campfire_upgraded":1,"win_rate":0,"timestamp":1544982436,"path_taken":["M","?","?","$","M","R","$","E","T","R","E","R","M","?","R","BOSS"],"build_version":"2018-12-13","purchased_purges":0,"victory":false,"max_hp_per_floor":[70,70,70,70,70,70,70,70,70,70,70,70,70,70,70,70],"card_choices":[{"not_picked":["Deadly Poison","Backflip"],"picked":"Bane","floor":1},{"not_picked":["Thunderclap","Combust"],"picked":"Sentinel","floor":5},{"not_picked":["Backflip","Panacea","Gash"],"picked":"SKIP","floor":8},{"not_picked":["Crippling Poison","Finisher","Sword Boomerang"],"picked":"SKIP","floor":11},{"not_picked":["Fire Breathing","Ghostly Armor","Sweeping Beam"],"picked":"SKIP","floor":13}],"player_experience":801118,"relics_obtained":[{"floor":8,"key":"Ancient Tea Set"},{"floor":11,"key":"War Paint"},{"floor":14,"key":"Omamori"}],"event_choices":[{"damage_healed":0,"gold_gain":0,"player_choice":"Entered Light","damage_taken":14,"max_hp_gain":0,"max_hp_loss":0,"event_name":"Shining Light","floor":2,"gold_loss":0,"cards_upgraded":["Defend_G","Neutralize"]},{"damage_healed":0,"gold_gain":0,"player_choice":"Leave","damage_taken":0,"max_hp_gain":0,"max_hp_loss":0,"event_name":"The Cleric","floor":3,"gold_loss":0},{"damage_healed":0,"gold_gain":0,"player_choice":"Relic","damage_taken":0,"max_hp_gain":0,"max_hp_loss":0,"event_name":"Wheel of Change","floor":14,"gold_loss":0}],"is_beta":false,"boss_relics":[],"items_purged_floors":[],"is_endless":false,"potions_floor_spawned":[5,11,13],"killed_by":"The Guardian","ascension_level":4}