{"gold_per_floor":[112,112,112,112,126,189,189,212,237,258,276,276,351,371,371,371],"floor_reached":16,"playtime":465,"items_purged":[],"score":153,"play_id":"07e3a9d6-0d03-4d9c-a76e-031bbcbb990a","local_time":"20190205020106","is_ascension_mode":true,"campfire_choices":[{"floor":12,"key":"REST"},{"data":"Bash","floor":15,"key":"SMITH"}],"neow_cost":"NONE","seed_source_timestamp":11018231818625,"circlet_count":0,"master_deck":["AscendersBane","Strike_R","Strike_R","Strike_R","Strike_R","Strike_R","Defend_R","Defend_R","Defend_R","Defend_R","Bash+1","Pommel Strike","Whirlwind"],"relics":["Burning Blood","Bag of Preparation","Golden Idol","Tiny Chest","Juzu Bracelet"],"potions_floor_usage":[6,6,11],"damage_taken":[{"damage":8,"enemies":"2 Louse","floor":1,"turns":3},{"damage":14,"enemies":"Small Slimes","floor":5,"turns":4},{"damage":30,"enemies":"Lagavulin","floor":6,"turns":5},{"damage":1,"enemies":"Cultist","floor":8,"turns":3},{"damage":1,"enemies":"2 Fungi Beasts","floor":10,"turns":3},{"damage":28,"enemies":"Large Slime","floor":11,"turns":6},{"damage":22,"enemies":"Blue Slaver","floor":14,"turns":6},{"damage":36,"enemies":"The Guardian","floor":16,"turns":2}],"seed_played":"1967207530269950229","potions_obtained":[{"floor":4,"key":"SkillPotion"},{"floor":4,"key":"Strength Potion"},{"floor":4,"key":"AttackPotion"},{"floor":10,"key":"AttackPotion"},{"floor":11,"key":"Swift Potion"},{"floor":14,"key":"FearPotion"}],"is_trial":false,"path_per_floor":["M","?","?","?","M","E","?","M","T","M","M","R","?","M","R","B"],"character_chosen":"IRONCLAD","items_purchased":[],"campfire_rested":1,"item_purchase_floors":[],"current_hp_per_floor":[70,70,50,50,42,18,23,28,28,33,11,36,25,9,9,0],"gold":371,"neow_bonus":"RANDOM_COMMON_RELIC","is_prod":false,"is_daily":false,"chose_seed":false,"campfire_upgraded":1,"win_rate":0,"timestamp":1549299666,"path_taken":["M","?","?","?","?","E","?","M","T","M","M","R","?","M","R","BOSS"],"build_version":"2019-01-23","purchased_purges":0,"victory":false,"max_hp_per_floor":[80,80,80,80,80,80,85,85,85,85,85,85,85,85,85,85],"card_choices":[{"not_picked":["Cleave","Searing Blow"],"picked":"Pommel Strike","floor":1},{"not_picked":["Sword Boomerang","Dropkick"],"picked":"Whirlwind","floor":5},{"not_picked":["Seeing Red","Wild Strike","Flex"],"picked":"SKIP","floor":6},{"not_picked":["Flex","Pommel Strike","Havoc"],"picked":"SKIP","floor":8},{"not_picked":["Rupture","Wild Strike","Burning Pact"],"picked":"SKIP","floor":10},{"not_picked":["Bloodletting","Headbutt","Evolve"],"picked":"SKIP","floor":11},{"not_picked":["Barricade","Clothesline","Flex"],"picked":"SKIP","floor":14}],"player_experience":176269,"relics_obtained":[{"floor":6,"key":"Tiny Chest"},{"floor":9,"key":"Juzu Bracelet"}],"event_choices":[{"damage_healed":0,"gold_gain":0,"player_choice":"Ignored","damage_taken":0,"max_hp_gain":0,"max_hp_loss":0,"event_name":"Liars Game","floor":2,"gold_loss":0},{"damage_healed":0,"gold_gain":0,"player_choice":"Take Damage","damage_taken":20,"relics_obtained":["Golden Idol"],"max_hp_gain":0,"max_hp_loss":0,"event_name":"Golden Idol","floor":3,"gold_loss":0},{"damage_healed":0,"gold_gain":0,"player_choice":"Got Potions","damage_taken":0,"max_hp_gain":0,"max_hp_loss":0,"event_name":"Lab","floor":4,"gold_loss":0},{"damage_healed":0,"gold_gain":0,"player_choice":"Donut","damage_taken":0,"max_hp_gain":5,"max_hp_loss":0,"event_name":"Big Fish","floor":7,"gold_loss":0},{"damage_healed":0,"gold_gain":75,"player_choice":"Gather Gold","damage_taken":11,"max_hp_gain":0,"max_hp_loss":0,"event_name":"World of Goop","floor":13,"gold_loss":0}],"is_beta":false,"boss_relics":[],"items_purged_floors":[],"is_endless":false,"potions_floor_spawned":[5,10,11,14],"killed_by":"The Guardian","ascension_level":10}