{"gold_per_floor":[113,38,49,49,49,49,69,69,145,185,199,199,219,249,249,249],"floor_reached":16,"playtime":758,"items_purged":["Strike_R"],"score":125,"play_id":"8214d9b0-27d9-4b42-9326-da52dea9d746","local_time":"20190130023339","is_ascension_mode":true,"campfire_choices":[{"data":"Bash","floor":6,"key":"SMITH"},{"floor":8,"key":"REST"},{"data":"Flame Barrier","floor":15,"key":"SMITH"}],"neow_cost":"PERCENT_DAMAGE","seed_source_timestamp":43602459775712,"circlet_count":0,"master_deck":["Strike_R","Strike_R","Strike_R","Defend_R","Defend_R","Defend_R","Bash+1","Intimidate","Flame Barrier+1","Impervious","True Grit"],"relics":["Burning Blood","Golden Idol","Molten Egg 2","Strawberry","Orichalcum"],"potions_floor_usage":[16,16],"damage_taken":[{"damage":6,"enemies":"Cultist","floor":1,"turns":4},{"damage":8,"enemies":"Jaw Worm","floor":3,"turns":4},{"damage":5,"enemies":"Small Slimes","floor":7,"turns":3},{"damage":33,"enemies":"Gremlin Nob","floor":10,"turns":5},{"damage":8,"enemies":"Looter","floor":11,"turns":3},{"damage":1,"enemies":"Red Slaver","floor":13,"turns":5},{"damage":48,"enemies":"Hexaghost","floor":16,"turns":14}],"seed_played":"6033712433947511579","potions_obtained":[{"floor":1,"key":"Fire Potion"},{"floor":7,"key":"GamblersBrew"},{"floor":11,"key":"AttackPotion"}],"is_trial":false,"path_per_floor":["M","$","M","?","$","R","M","R","T","E","M","?","M","?","R","B"],"character_chosen":"IRONCLAD","items_purchased":[],"campfire_rested":1,"item_purchase_floors":[],"current_hp_per_floor":[56,56,54,34,34,34,35,59,59,39,37,42,47,47,47,0],"gold":249,"neow_bonus":"REMOVE_TWO","is_prod":false,"is_daily":false,"chose_seed":false,"campfire_upgraded":2,"win_rate":0,"timestamp":1548783219,"path_taken":["M","?","?","?","$","R","M","R","T","E","M","?","M","?","R","BOSS"],"build_version":"2019-01-23","purchased_purges":1,"victory":false,"max_hp_per_floor":[80,80,80,80,80,80,80,80,80,87,87,92,92,92,92,92],"card_choices":[{"not_picked":["Sever Soul","Sword Boomerang","Metallicize"],"picked":"SKIP","floor":1},{"not_picked":["Havoc","Armaments"],"picked":"Intimidate","floor":3},{"not_picked":["Shrug It Off","Feel No Pain"],"picked":"Flame Barrier","floor":7},{"not_picked":["Twin Strike+1","Shrug It Off"],"picked":"Impervious","floor":10},{"not_picked":["Twin Strike+1","Perfected Strike+1"],"picked":"True Grit","floor":11},{"not_picked":["Warcry","Sword Boomerang+1","Metallicize"],"picked":"SKIP","floor":13}],"player_experience":113684,"relics_obtained":[{"floor":9,"key":"Molten Egg 2"},{"floor":10,"key":"Strawberry"}],"event_choices":[{"damage_healed":0,"gold_gain":0,"player_choice":"Take Damage","damage_taken":20,"relics_obtained":["Golden Idol"],"max_hp_gain":0,"max_hp_loss":0,"event_name":"Golden Idol","floor":4,"gold_loss":0},{"damage_healed":0,"gold_gain":0,"player_choice":"Donut","damage_taken":0,"max_hp_gain":5,"max_hp_loss":0,"event_name":"Big Fish","floor":12,"gold_loss":0},{"damage_healed":0,"gold_gain":30,"player_choice":"Searched \u00272\u0027 times","damage_taken":0,"relics_obtained":["Orichalcum"],"max_hp_gain":0,"max_hp_loss":0,"event_name":"Dead Adventurer","floor":14,"gold_loss":0}],"is_beta":false,"boss_relics":[],"items_purged_floors":[2],"is_endless":false,"potions_floor_spawned":[1,7,11],"killed_by":"Hexaghost","ascension_level":5}