{"gold_per_floor":[110,124,138,151,42,42,76,76,76,176,187,217,392,426,426,522,522,533,67,84,99,99,99,129,129,152,182,182,182,199,229,229,332,332,351,251,261,314,325,325],"floor_reached":40,"playtime":3135,"items_purged":["Meteor Strike","Doubt"],"score":714,"play_id":"31f7338b-2429-48b3-a6a0-a3860dbab4e0","local_time":"20181205132849","daily_mods":["Shiny","Uncertain Future","Elite Swarm"],"is_ascension_mode":false,"campfire_choices":[{"floor":6,"key":"REST"},{"data":"Fission","floor":8,"key":"SMITH"},{"data":"Leap","floor":15,"key":"SMITH"},{"floor":23,"key":"REST"},{"floor":28,"key":"REST"},{"floor":32,"key":"REST"}],"neow_cost":"","seed_source_timestamp":0,"circlet_count":0,"master_deck":["Multi-Cast","Hyperbeam","Thunder Strike","Biased Cognition","Machine Learning","Electrodynamics","Buffer","Rainbow","Seek","Echo Form","All For One","Reboot","Amplify","Creative AI","Fission+1","Core Surge","Steam","Coolheaded","Stack","Leap+1","FTL","Buffer","Gash","All For One","Buffer","Cold Snap","Defragment","Go for the Eyes+1","Core Surge","Decay","Core Surge","J.A.X.","Core Surge","Redo+1","Defragment","Conserve Battery+1","Echo Form","Gash+1","Self Repair","Sunder","Redo+1","Hologram"],"relics":["Cracked Core","Emotion Chip","Mercury Hourglass","Bottled Flame","Nunchaku","Inserter","Gremlin Horn","Bronze Scales","Pocketwatch","Dream Catcher","Ancient Tea Set","Omamori","Eternal Feather","Prayer Wheel"],"potions_floor_usage":[3,12,14,16,21,31,35,35,39,40],"damage_taken":[{"damage":6,"enemies":"Cultist","floor":1,"turns":3},{"damage":5,"enemies":"Jaw Worm","floor":2,"turns":3},{"damage":0,"enemies":"2 Louse","floor":3,"turns":1},{"damage":6,"enemies":"Blue Slaver","floor":4,"turns":5},{"damage":12,"enemies":"Lagavulin","floor":7,"turns":6},{"damage":10,"enemies":"Looter","floor":11,"turns":4},{"damage":0,"enemies":"Gremlin Nob","floor":12,"turns":4},{"damage":0,"enemies":"3 Sentries","floor":14,"turns":1},{"damage":32,"enemies":"Hexaghost","floor":16,"turns":9},{"damage":8,"enemies":"3 Byrds","floor":18,"turns":3},{"damage":10,"enemies":"Spheric Guardian","floor":20,"turns":4},{"damage":10,"enemies":"Centurion and Healer","floor":21,"turns":4},{"damage":24,"enemies":"Book of Stabbing","floor":24,"turns":4},{"damage":5,"enemies":"Gremlin Leader","floor":27,"turns":4},{"damage":24,"enemies":"Snake Plant","floor":30,"turns":3},{"damage":33,"enemies":"Book of Stabbing","floor":31,"turns":4},{"damage":13,"enemies":"Champ","floor":33,"turns":10},{"damage":21,"enemies":"3 Darklings","floor":35,"turns":3},{"damage":20,"enemies":"3 Shapes","floor":37,"turns":3},{"damage":25,"enemies":"2 Orb Walkers","floor":38,"turns":3},{"damage":7,"enemies":"Jaw Worm Horde","floor":39,"turns":4},{"damage":33,"enemies":"Reptomancer","floor":40,"turns":2}],"seed_played":"4775290325235939470","potions_obtained":[{"floor":2,"key":"Explosive Potion"},{"floor":3,"key":"LiquidBronze"},{"floor":4,"key":"Energy Potion"},{"floor":12,"key":"Explosive Potion"},{"floor":20,"key":"AttackPotion"},{"floor":27,"key":"Explosive Potion"},{"floor":30,"key":"SteroidPotion"},{"floor":33,"key":"Block Potion"},{"floor":38,"key":"Swift Potion"},{"floor":39,"key":"PowerPotion"}],"is_trial":true,"path_per_floor":["M","M","M","M","$","R","E","R","T","?","M","E","?","E","R","B",null,"M","$","M","M","?","R","E","?","T","E","R","?","M","E","R","B",null,"M","$","M","?","M","E"],"character_chosen":"DEFECT","items_purchased":["FTL","Defragment","Gremlin Horn","Bronze Scales"],"campfire_rested":4,"item_purchase_floors":[5,19,19,19],"current_hp_per_floor":[69,64,64,58,58,75,63,63,63,63,53,53,53,53,53,21,75,67,67,57,47,47,69,45,45,45,40,62,62,38,5,27,14,75,54,54,41,16,9,0],"gold":325,"neow_bonus":"","is_prod":false,"is_daily":false,"chose_seed":false,"campfire_upgraded":2,"win_rate":0,"timestamp":1544016529,"path_taken":["M","M","?","M","$","R","E","R","T","?","M","E","?","E","R","BOSS","M","$","M","M","?","R","E","?","T","E","R","?","M","E","R","BOSS","M","$","M","?","M","E"],"build_version":"2018-11-15","purchased_purges":2,"victory":false,"max_hp_per_floor":[75,75,75,75,75,75,75,75,75,75,75,75,75,75,75,75,75,75,75,75,75,75,75,75,75,75,75,75,75,75,75,75,75,75,75,75,75,75,75,75],"card_choices":[{"not_picked":["Defragment","Loop"],"picked":"Steam","floor":1},{"not_picked":["Sunder","Go for the Eyes"],"picked":"Coolheaded","floor":2},{"not_picked":["Sweeping Beam","Streamline"],"picked":"Stack","floor":3},{"not_picked":["Steam Power","Gash"],"picked":"Leap","floor":4},{"not_picked":["Thunder Strike","Amplify"],"picked":"Buffer","floor":7},{"not_picked":["Ball Lightning","Streamline"],"picked":"Gash","floor":11},{"not_picked":["Fission","Creative AI"],"picked":"All For One","floor":12},{"not_picked":["Thunder Strike","Reboot","Amplify"],"picked":"SKIP","floor":14},{"not_picked":["Hyperbeam","Multi-Cast"],"picked":"Buffer","floor":16},{"not_picked":["Force Field","Barrage+1"],"picked":"Cold Snap","floor":18},{"not_picked":["Streamline","Self Repair"],"picked":"Go for the Eyes+1","floor":20},{"not_picked":["Streamline","Sweeping Beam"],"picked":"Core Surge","floor":21},{"not_picked":["Seek","Reboot"],"picked":"Core Surge","floor":24},{"not_picked":["Amplify","Creative AI"],"picked":"Core Surge","floor":27},{"not_picked":["Streamline","Beam Cell"],"picked":"Redo+1","floor":28},{"not_picked":["Leap","Tempest"],"picked":"Conserve Battery+1","floor":30},{"not_picked":["Core Surge","Rainbow"],"picked":"Echo Form","floor":31},{"not_picked":["Undo","Lockon+1"],"picked":"Gash+1","floor":32},{"not_picked":["Redo+1","Auto Shields+1"],"picked":"Self Repair","floor":35},{"not_picked":["Rebound","Conserve Battery+1"],"picked":"Sunder","floor":37},{"not_picked":["Stack","Chaos"],"picked":"Redo+1","floor":38},{"not_picked":["Echo Form","Scrape+1"],"picked":"Hologram","floor":39},{"not_picked":["Stack+1","Rip and Tear","Genetic Algorithm"],"picked":"SKIP","floor":39}],"player_experience":950760,"relics_obtained":[{"floor":7,"key":"Emotion Chip"},{"floor":9,"key":"Mercury Hourglass"},{"floor":12,"key":"Bottled Flame"},{"floor":14,"key":"Nunchaku"},{"floor":24,"key":"Pocketwatch"},{"floor":26,"key":"Dream Catcher"},{"floor":27,"key":"Ancient Tea Set"},{"floor":31,"key":"Omamori"},{"floor":38,"key":"Prayer Wheel"}],"event_choices":[{"damage_healed":0,"gold_gain":100,"player_choice":"Pray","damage_taken":0,"max_hp_gain":0,"max_hp_loss":0,"event_name":"Golden Shrine","floor":10,"gold_loss":0},{"damage_healed":0,"gold_gain":175,"player_choice":"AGREE","damage_taken":0,"max_hp_gain":0,"max_hp_loss":0,"event_name":"Liars Game","floor":13,"gold_loss":0,"cards_obtained":["Doubt"]},{"damage_healed":0,"gold_gain":0,"player_choice":"Cursed","damage_taken":0,"max_hp_gain":0,"max_hp_loss":0,"event_name":"Wheel of Change","floor":22,"gold_loss":0,"cards_obtained":["Decay"]},{"damage_healed":0,"gold_gain":0,"player_choice":"Obtain J.A.X.","damage_taken":0,"max_hp_gain":0,"max_hp_loss":0,"event_name":"Drug Dealer","floor":25,"gold_loss":0,"cards_obtained":["J.A.X."]},{"damage_healed":0,"gold_gain":0,"player_choice":"Read","damage_taken":0,"max_hp_gain":0,"max_hp_loss":0,"event_name":"The Library","floor":29,"gold_loss":0,"cards_obtained":["Defragment"]},{"damage_healed":0,"gold_gain":0,"player_choice":"Fight","damage_taken":0,"max_hp_gain":0,"max_hp_loss":0,"event_name":"Mysterious Sphere","floor":38,"gold_loss":0}],"is_beta":false,"boss_relics":[{"not_picked":["Coffee Dripper","Cursed Key"],"picked":"Inserter"},{"not_picked":["FrozenCore","Astrolabe"],"picked":"Eternal Feather"}],"items_purged_floors":[5,36],"is_endless":true,"potions_floor_spawned":[2,3,4,12,20,27,30,33,38,39],"killed_by":"Reptomancer","ascension_level":0}