{"gold_per_floor":[111,126,51,71,51,86,86,86,86,103,130,142,142,173,173,270,270,289,306,93,93],"floor_reached":21,"playtime":1295,"items_purged":["Strike_G","Strike_G"],"score":249,"play_id":"46345e50-b2a9-478b-ab88-0965efda1468","local_time":"20190105154059","is_ascension_mode":true,"campfire_choices":[{"data":"Noxious Fumes","floor":8,"key":"SMITH"},{"floor":13,"key":"RECALL"},{"floor":15,"key":"REST"}],"neow_cost":"NONE","seed_source_timestamp":307569134063200,"circlet_count":0,"master_deck":["Defend_G","Defend_G","Defend_G","Defend_G","Defend_G","Strike_G","Strike_G","Strike_G","Survivor","Neutralize","Noxious Fumes+1","Footwork","Catalyst","Envenom","Leg Sweep","Deadly Poison","Well Laid Plans","Footwork","Noxious Fumes","Catalyst","Footwork"],"relics":["Ring of the Snake","NeowsBlessing","Prayer Wheel","StoneCalendar","Thread and Needle","Regal Pillow","Orrery"],"potions_floor_usage":[11,14,14],"damage_taken":[{"damage":0,"enemies":"Cultist","floor":1,"turns":1},{"damage":0,"enemies":"Jaw Worm","floor":2,"turns":1},{"damage":1,"enemies":"Small Slimes","floor":4,"turns":2},{"damage":12,"enemies":"3 Sentries","floor":6,"turns":9},{"damage":1,"enemies":"Looter","floor":10,"turns":5},{"damage":11,"enemies":"Lagavulin","floor":11,"turns":7},{"damage":15,"enemies":"Lots of Slimes","floor":12,"turns":4},{"damage":23,"enemies":"Gremlin Nob","floor":14,"turns":6},{"damage":5,"enemies":"Hexaghost","floor":16,"turns":11},{"damage":10,"enemies":"3 Byrds","floor":18,"turns":7},{"damage":9,"enemies":"Spheric Guardian","floor":19,"turns":6},{"damage":64,"enemies":"Cultist and Chosen","floor":21,"turns":5}],"seed_played":"4234545679683441614","potions_obtained":[{"floor":2,"key":"Regen Potion"},{"floor":6,"key":"Block Potion"},{"floor":10,"key":"SpeedPotion"},{"floor":12,"key":"SmokeBomb"},{"floor":16,"key":"SneckoOil"}],"is_trial":false,"path_per_floor":["M","M","$","M","?","E","$","R","T","M","E","M","R","E","R","B",null,"M","M","$","M"],"character_chosen":"THE_SILENT","items_purchased":["Catalyst","Footwork"],"campfire_rested":1,"item_purchase_floors":[20,20],"current_hp_per_floor":[70,70,70,69,69,57,57,57,57,56,60,45,45,22,58,53,66,56,47,47,0],"gold":93,"neow_bonus":"THREE_ENEMY_KILL","is_prod":false,"is_daily":false,"chose_seed":false,"campfire_upgraded":1,"win_rate":0,"timestamp":1546699259,"path_taken":["M","M","$","?","?","E","?","R","T","M","E","M","R","E","R","BOSS","M","M","$","M"],"build_version":"2019-01-03v4","purchased_purges":2,"victory":false,"max_hp_per_floor":[70,70,70,70,70,70,70,70,70,70,70,70,70,70,70,70,70,70,70,70,70],"card_choices":[{"not_picked":["Flying Knee","Blade Dance","Underhanded Strike"],"picked":"SKIP","floor":1},{"not_picked":["PiercingWail","Cloak And Dagger"],"picked":"Noxious Fumes","floor":2},{"not_picked":["A Thousand Cuts","Terror"],"picked":"Footwork","floor":4},{"not_picked":["PiercingWail","Masterful Stab"],"picked":"Catalyst","floor":6},{"not_picked":["Deflect","All Out Attack","Outmaneuver"],"picked":"SKIP","floor":10},{"not_picked":["PiercingWail","Outmaneuver","Poisoned Stab"],"picked":"SKIP","floor":10},{"not_picked":["Dodge and Roll","Slice","Tactician"],"picked":"SKIP","floor":11},{"not_picked":["Outmaneuver","Endless Agony"],"picked":"Envenom","floor":12},{"not_picked":["Flying Knee","Dagger Spray","Poisoned Stab"],"picked":"SKIP","floor":12},{"not_picked":["Slice","Deflect"],"picked":"Leg Sweep","floor":14},{"not_picked":["Blade Dance","Finisher"],"picked":"Deadly Poison","floor":17},{"not_picked":["Acrobatics","Sucker Punch"],"picked":"Well Laid Plans","floor":17},{"not_picked":["Deadly Poison","Poisoned Stab"],"picked":"Footwork","floor":17},{"not_picked":["Dagger Throw","Backstab","Leg Sweep"],"picked":"SKIP","floor":18},{"not_picked":["Cloak And Dagger+1","Dagger Spray+1","Underhanded Strike+1"],"picked":"SKIP","floor":18},{"not_picked":["Cloak And Dagger","Flying Knee"],"picked":"Noxious Fumes","floor":19},{"not_picked":["Accuracy","Tactician+1","Venomology"],"picked":"SKIP","floor":19}],"player_experience":834519,"relics_obtained":[{"floor":6,"key":"Prayer Wheel"},{"floor":9,"key":"StoneCalendar"},{"floor":11,"key":"Thread and Needle"},{"floor":14,"key":"Regal Pillow"}],"event_choices":[{"damage_healed":0,"gold_gain":0,"player_choice":"Left Gold","damage_taken":0,"max_hp_gain":0,"max_hp_loss":0,"event_name":"World of Goop","floor":5,"gold_loss":20}],"is_beta":false,"boss_relics":[{"not_picked":["WristBlade","Philosopher\u0027s Stone"],"picked":"Orrery"}],"items_purged_floors":[3,20],"is_endless":false,"potions_floor_spawned":[2,6,10,12,16],"killed_by":"Cultist and Chosen","ascension_level":5}