{"gold_per_floor":[112,128,147,158,171,171,121,131,131,131,306,331,331,15,15,116,116,128,144,44,62,80,80,80,80,80,80,114,114,131,6,6,111,111,123,133,146,122,138,157,157,183,183,9,9,9,26,44,44,44],"floor_reached":50,"playtime":4188,"items_purged":["Doubt","Injury","Injury","Doubt"],"score":571,"play_id":"ebc4065d-d637-4c13-a8e3-e2cde68bc80b","local_time":"20181012012455","is_ascension_mode":false,"campfire_choices":[{"data":"Recycle","floor":6,"key":"SMITH"},{"data":"Zap","floor":10,"key":"SMITH"},{"floor":13,"key":"REST"},{"data":"Dualcast","floor":15,"key":"SMITH"},{"data":"Scrape","floor":23,"key":"SMITH"},{"data":"Reprogram","floor":25,"key":"SMITH"},{"data":"Thunder Strike","floor":29,"key":"SMITH"},{"data":"Go for the Eyes","floor":32,"key":"SMITH"},{"data":"FTL","floor":46,"key":"SMITH"},{"data":"Seek","floor":49,"key":"SMITH"}],"neow_cost":"NONE","seed_source_timestamp":155323939052041,"circlet_count":0,"master_deck":["Defend_B","Defend_B","Defend_B","Defend_B","Zap+1","Dualcast+1","All For One","Rebound","Reprogram+1","Recycle+1","Cold Snap","BootSequence","Go for the Eyes","Go for the Eyes+1","All For One","Steam+1","Ball Lightning","Scrape+1","Defragment+1","Bite","Bite","Bite","Bite","Thunder Strike+1","Gash+1","Creative AI","Beam Cell+1","Steam","Gash+1","Beam Cell","Steam","Seek+1","FTL+1","Steam+1","Streamline+1"],"relics":["Cracked Core","Pantograph","Cables","Kunai","Calling Bell","Vajra","Meat on the Bone","Mango","Question Card","Mercury Hourglass","Cursed Key","Ornamental Fan","Letter Opener"],"potions_floor_usage":[22,33,42,50,50,50],"damage_taken":[{"damage":1,"enemies":"Cultist","floor":1,"turns":3},{"damage":0,"enemies":"2 Louse","floor":2,"turns":2},{"damage":6,"enemies":"Jaw Worm","floor":3,"turns":3},{"damage":10,"enemies":"Looter","floor":4,"turns":3},{"damage":5,"enemies":"2 Fungi Beasts","floor":5,"turns":3},{"damage":3,"enemies":"Red Slaver","floor":8,"turns":3},{"damage":21,"enemies":"3 Sentries","floor":12,"turns":7},{"damage":11,"enemies":"Hexaghost","floor":16,"turns":9},{"damage":20,"enemies":"Shell Parasite","floor":18,"turns":5},{"damage":0,"enemies":"3 Byrds","floor":19,"turns":6},{"damage":12,"enemies":"Centurion and Healer","floor":21,"turns":6},{"damage":1,"enemies":"Shelled Parasite and Fungi","floor":22,"turns":4},{"damage":31,"enemies":"Book of Stabbing","floor":28,"turns":5},{"damage":15,"enemies":"Sentry and Sphere","floor":30,"turns":4},{"damage":38,"enemies":"Champ","floor":33,"turns":8},{"damage":9,"enemies":"3 Shapes","floor":35,"turns":5},{"damage":20,"enemies":"3 Darklings","floor":36,"turns":4},{"damage":48,"enemies":"Maw","floor":37,"turns":8},{"damage":18,"enemies":"Sphere and 2 Shapes","floor":39,"turns":4},{"damage":0,"enemies":"Transient","floor":40,"turns":5},{"damage":20,"enemies":"Giant Head","floor":42,"turns":8},{"damage":3,"enemies":"4 Shapes","floor":47,"turns":3},{"damage":0,"enemies":"Sphere and 2 Shapes","floor":48,"turns":3},{"damage":73,"enemies":"Time Eater","floor":50,"turns":7}],"seed_played":"-7186046025488151120","potions_obtained":[{"floor":3,"key":"FocusPotion"},{"floor":12,"key":"Block Potion"},{"floor":18,"key":"PowerPotion"},{"floor":21,"key":"Strength Potion"},{"floor":22,"key":"EssenceOfSteel"},{"floor":28,"key":"Strength Potion"},{"floor":36,"key":"Energy Potion"},{"floor":48,"key":"PowerPotion"}],"is_trial":false,"path_per_floor":["M","M","M","M","M","R","?","M","T","R","?","E","R","$","R","B",null,"M","M","$","M","M","R","?","R","T","?","E","R","M","$","R","B",null,"M","M","M","$","M","M","?","E","T","$","?","R","M","M","R"],"character_chosen":"DEFECT","items_purchased":["Kunai","Beam Cell","Redo"],"campfire_rested":1,"item_purchase_floors":[14,38,44],"current_hp_per_floor":[74,74,68,58,53,53,53,50,50,50,50,29,51,51,51,64,89,69,69,69,57,56,56,56,56,56,61,33,33,34,34,34,38,62,57,45,17,17,17,37,37,35,35,35,35,35,34,38,38,0],"gold":44,"neow_bonus":"ONE_RANDOM_RARE_CARD","is_prod":false,"is_daily":false,"chose_seed":false,"campfire_upgraded":9,"win_rate":0,"timestamp":1539321895,"path_taken":["M","M","M","?","M","R","?","M","T","R","?","E","R","$","R","BOSS","M","M","$","M","M","R","?","R","T","?","E","R","M","$","R","BOSS","M","M","M","?","M","M","?","E","T","$","?","R","M","?","R","BOSS"],"build_version":"2018-10-11","purchased_purges":4,"victory":false,"max_hp_per_floor":[75,75,75,75,75,75,75,75,75,75,75,75,75,75,75,75,89,89,89,89,89,89,89,62,62,62,62,62,62,62,62,62,62,62,62,62,62,62,62,62,59,59,59,59,59,59,59,59,59,59],"card_choices":[{"not_picked":["Leap","Stack"],"picked":"Rebound","floor":1},{"not_picked":["Loop","Reinforced Body"],"picked":"Reprogram","floor":2},{"not_picked":["Steam","Rip and Tear"],"picked":"Recycle","floor":3},{"not_picked":["Barrage","Heatsinks"],"picked":"Cold Snap","floor":4},{"not_picked":["Ball Lightning","Hello World"],"picked":"BootSequence","floor":5},{"not_picked":["Chaos","Compile Driver"],"picked":"Go for the Eyes","floor":8},{"not_picked":["Genetic Algorithm","Core Surge"],"picked":"Go for the Eyes","floor":12},{"not_picked":["Machine Learning","Core Surge"],"picked":"All For One","floor":16},{"not_picked":["Redo","Barrage"],"picked":"Steam+1","floor":18},{"not_picked":["Heatsinks","Barrage+1"],"picked":"Ball Lightning","floor":19},{"not_picked":["Streamline","Coolheaded"],"picked":"Scrape","floor":21},{"not_picked":["Heatsinks","Hologram+1"],"picked":"Defragment+1","floor":22},{"not_picked":["Reboot","Blizzard","Cold Snap"],"picked":"Thunder Strike","floor":28},{"not_picked":["Ball Lightning","Redo","Cold Snap"],"picked":"Gash+1","floor":30},{"not_picked":["Fission","Amplify","Hyperbeam"],"picked":"Creative AI","floor":33},{"not_picked":["Gash","Redo+1","Reprogram+1"],"picked":"Beam Cell+1","floor":35},{"not_picked":["Ball Lightning+1","Go for the Eyes+1","Conserve Battery"],"picked":"Steam","floor":36},{"not_picked":["Turbo+1","Beam Cell+1","Darkness"],"picked":"Gash+1","floor":37},{"not_picked":["Turbo","Fusion+1","Cold Snap"],"picked":"Steam","floor":39},{"not_picked":["Compile Driver+1","Go for the Eyes+1","Cold Snap"],"picked":"Seek","floor":40},{"not_picked":["Redo+1","Defragment+1","Compile Driver"],"picked":"FTL","floor":42},{"not_picked":["Coolheaded","Lockon","Consume"],"picked":"Steam+1","floor":47},{"not_picked":["Stack+1","Glacier+1","Capacitor+1"],"picked":"Streamline+1","floor":48}],"player_experience":151552,"relics_obtained":[{"floor":9,"key":"Pantograph"},{"floor":12,"key":"Cables"},{"floor":17,"key":"Vajra"},{"floor":17,"key":"Meat on the Bone"},{"floor":17,"key":"Mango"},{"floor":26,"key":"Question Card"},{"floor":28,"key":"Mercury Hourglass"},{"floor":42,"key":"Ornamental Fan"},{"floor":43,"key":"Letter Opener"}],"event_choices":[{"event_name":"The Cleric","player_choice":"Card Removal","floor":7,"damage_taken":0},{"event_name":"Liars Game","player_choice":"agreed","floor":11,"damage_taken":0},{"event_name":"Vampires","player_choice":"Became a vampire","floor":24,"damage_taken":0},{"event_name":"Bonfire Elementals","player_choice":"SPECIAL","floor":27,"damage_taken":0},{"event_name":"Fountain of Cleansing","player_choice":"Removed Curse","floor":41,"damage_taken":0},{"event_name":"Falling","player_choice":"Removed Skill","floor":45,"damage_taken":0}],"is_beta":false,"boss_relics":[{"not_picked":["Fusion Hammer","Empty Cage"],"picked":"Calling Bell"},{"not_picked":["Snecko Eye","FrozenCore"],"picked":"Cursed Key"}],"items_purged_floors":[14,20,31,44],"is_endless":false,"potions_floor_spawned":[3,12,18,21,22,28,36,48],"killed_by":"Time Eater","ascension_level":0}