{"gold_per_floor":[117,117,117,130,130,130,163,163,188,203,203,231,102,115,115,215,215,229,244,244,6,20,20,54,54,54,66,66,27,37,70,70,169,169,185,236,255,265,282,282,316,316,316,111,123,139,171,223,223,223],"floor_reached":51,"playtime":4674,"items_purged":[],"score":755,"play_id":"765f41d6-138a-43ff-a3ce-290f3405f2a7","local_time":"20181216210252","is_ascension_mode":false,"campfire_choices":[{"floor":6,"key":"REST"},{"floor":8,"key":"REST"},{"data":"Neutralize","floor":15,"key":"SMITH"},{"data":"Crippling Poison","floor":23,"key":"SMITH"},{"floor":32,"key":"REST"},{"floor":40,"key":"REST"},{"floor":42,"key":"REST"},{"floor":49,"key":"REST"}],"neow_cost":"NONE","seed_source_timestamp":0,"circlet_count":0,"master_deck":["Defend_G+1","Defend_G+1","Defend_G+1","Defend_G+1","Defend_G+1","Strike_G+1","Strike_G+1","Strike_G+1","Strike_G+1","Strike_G+1","Survivor","Neutralize+1","Backstab","Neutralize+1","Doppelganger+1","Dagger Throw","Escape Plan","Unload","Backstab","Footwork","Flash of Steel","Dagger Spray+1","Burst","Sucker Punch","Deflect+1","Expertise","Crippling Poison+1","Endless Agony+1","Backflip+1","Bouncing Flask","Calculated Gamble","Quick Slash+1","PiercingWail+1","Grand Finale","Predator+1","Underhanded Strike+1","Setup","Caltrops+1","Poisoned Stab+1","Acrobatics+1","Backstab+1","Parasite","Die Die Die","Sucker Punch+1","Setup+1","Finisher+1","Poisoned Stab"],"special_seed":0,"relics":["Ring of the Snake","Bag of Preparation","Potion Belt","Bag of Marbles","Strawberry","Dream Catcher","HoveringKite","TwistedFunnel","Whetstone","Happy Flower","Darkstone Periapt","Blood Vial","Letter Opener","Snecko Eye","Boot","Bronze Scales","Mercury Hourglass","Toolbox","Art of War","Tough Bandages"],"potions_floor_usage":[16,16,19,31,33,39,39,48,50,50],"damage_taken":[{"damage":6.0,"enemies":"Cultist","floor":1.0,"turns":3.0},{"damage":0,"enemies":"Small Slimes","floor":4,"turns":3},{"damage":15,"enemies":"Lagavulin","floor":7,"turns":6},{"damage":0,"enemies":"2 Louse","floor":10,"turns":1},{"damage":8,"enemies":"3 Sentries","floor":12,"turns":9},{"damage":0,"enemies":"2 Fungi Beasts","floor":14,"turns":1},{"damage":35,"enemies":"The Guardian","floor":16,"turns":9},{"damage":6,"enemies":"Spheric Guardian","floor":18,"turns":4},{"damage":0,"enemies":"3 Byrds","floor":19,"turns":3},{"damage":3,"enemies":"3 Cultists","floor":22,"turns":4},{"damage":11,"enemies":"Book of Stabbing","floor":24,"turns":6},{"damage":0,"enemies":"Cultist and Chosen","floor":27,"turns":5},{"damage":9,"enemies":"Centurion and Healer","floor":30,"turns":3},{"damage":0,"enemies":"Slavers","floor":31,"turns":4},{"damage":64,"enemies":"Collector","floor":33,"turns":9},{"damage":9,"enemies":"Orb Walker","floor":35,"turns":3},{"damage":21,"enemies":"3 Darklings","floor":37,"turns":3},{"damage":9,"enemies":"Jaw Worm Horde","floor":38,"turns":3},{"damage":1,"enemies":"Transient","floor":39,"turns":5},{"damage":25,"enemies":"Giant Head","floor":41,"turns":7},{"damage":4,"enemies":"Writhing Mass","floor":45,"turns":4},{"damage":10,"enemies":"Jaw Worm Horde","floor":46,"turns":2},{"damage":8,"enemies":"Reptomancer","floor":47,"turns":4},{"damage":1,"enemies":"2 Orb Walkers","floor":48,"turns":3},{"damage":41,"enemies":"Time Eater","floor":50,"turns":11}],"seed_played":"6718720393757254026","potions_obtained":[{"floor":1,"key":"Explosive Potion"},{"floor":4,"key":"Explosive Potion"},{"floor":7,"key":"SteroidPotion"},{"floor":12,"key":"Poison Potion"},{"floor":18,"key":"Explosive Potion"},{"floor":22,"key":"Block Potion"},{"floor":31,"key":"Energy Potion"},{"floor":38,"key":"EssenceOfSteel"},{"floor":41,"key":"GamblersBrew"},{"floor":45,"key":"GhostInAJar"},{"floor":47,"key":"Fire Potion"},{"floor":48,"key":"Fire Potion"}],"is_trial":false,"path_per_floor":["M","M","?","?","M","?","R","E","R","T","M","?","E","$","M","R","B",null,"M","M","?","$","M","R","E","?","T","M","T","$","M","E","R","B",null,"M","T","M","M","M","R","E","R","T","$","M","M","E","?","R","B",null],"character_chosen":"THE_SILENT","items_purchased":["Footwork","Flash of Steel","TwistedFunnel","Expertise","Bouncing Flask","Toolbox"],"campfire_rested":6,"item_purchase_floors":[13,13,21,21,29,44],"current_hp_per_floor":[64,50,50,50,43,64,49,70,77,77,77,69,69,69,69,34,77,71,71,71,71,68,68,57,57,57,57,57,57,50,52,75,13,77,68,68,49,42,43,66,43,66,66,66,70,62,56,57,81,42],"gold":223,"neow_bonus":"RANDOM_COMMON_RELIC","is_prod":false,"is_daily":false,"chose_seed":false,"campfire_upgraded":2,"win_rate":0,"timestamp":1544994172,"path_taken":["M","?","?","?","?","R","E","R","T","M","?","E","$","M","R","BOSS","M","M","?","$","M","R","E","?","T","M","?","?","M","E","R","BOSS","M","?","M","M","?","R","E","R","T","$","M","M","E","?","R","BOSS"],"build_version":"2018-12-13","purchased_purges":0,"victory":true,"max_hp_per_floor":[70,70,70,70,70,70,70,70,77,77,77,77,77,77,77,77,77,77,77,77,77,77,77,77,77,77,77,77,77,77,77,77,77,77,77,77,77,77,77,77,77,77,77,77,83,83,83,83,83,83],"card_choices":[{"not_picked":["Finisher","Masterful Stab"],"picked":"Backstab","floor":1},{"not_picked":["Underhanded Strike","Deadly Poison"],"picked":"Dagger Throw","floor":4},{"not_picked":["Dash","Deflect"],"picked":"Escape Plan","floor":7},{"not_picked":["Slice","Dagger Spray"],"picked":"Unload","floor":10},{"not_picked":["Setup","Riddle With Holes"],"picked":"Backstab","floor":12},{"not_picked":["Concentrate","Dagger Throw"],"picked":"Dagger Spray","floor":14},{"not_picked":["Unload","Doppelganger"],"picked":"Burst","floor":16},{"not_picked":["Dagger Spray","Bane"],"picked":"Sucker Punch","floor":18},{"not_picked":["Backstab","Dodge and Roll"],"picked":"Deflect+1","floor":19},{"not_picked":["PiercingWail","Flying Knee+1"],"picked":"Crippling Poison","floor":22},{"not_picked":["Dagger Throw","Prepared"],"picked":"Endless Agony+1","floor":24},{"not_picked":["Deadly Poison","Poisoned Stab"],"picked":"Backflip+1","floor":27},{"not_picked":["Outmaneuver","Dagger Spray"],"picked":"Calculated Gamble","floor":30},{"not_picked":["Predator","Slice"],"picked":"Quick Slash+1","floor":31},{"not_picked":["Outmaneuver","Endless Agony"],"picked":"PiercingWail+1","floor":32},{"not_picked":["Doppelganger","Storm of Steel"],"picked":"Grand Finale","floor":33},{"not_picked":["PiercingWail","Deflect"],"picked":"Predator+1","floor":35},{"not_picked":["Backstab+1","Deflect"],"picked":"Underhanded Strike+1","floor":37},{"not_picked":["Deadly Poison+1","Underhanded Strike"],"picked":"Setup","floor":38},{"not_picked":["Distraction","Poisoned Stab"],"picked":"Caltrops+1","floor":39},{"not_picked":["PiercingWail","Dagger Spray+1"],"picked":"Poisoned Stab+1","floor":40},{"not_picked":["Deadly Poison+1","Dagger Throw"],"picked":"Acrobatics+1","floor":41},{"not_picked":["PiercingWail","Leg Sweep"],"picked":"Backstab+1","floor":42},{"not_picked":["Escape Plan","Choke"],"picked":"Die Die Die","floor":45},{"not_picked":["Bane+1","Deflect"],"picked":"Sucker Punch+1","floor":46},{"not_picked":["Distraction","Cloak And Dagger"],"picked":"Setup+1","floor":47},{"not_picked":["Predator+1","Flechettes"],"picked":"Finisher+1","floor":48},{"not_picked":["Bane+1","Deflect+1"],"picked":"Poisoned Stab","floor":49}],"player_experience":226091,"relics_obtained":[{"floor":7,"key":"Bag of Marbles"},{"floor":9,"key":"Strawberry"},{"floor":12,"key":"Dream Catcher"},{"floor":24,"key":"Whetstone"},{"floor":26,"key":"Darkstone Periapt"},{"floor":28,"key":"Blood Vial"},{"floor":31,"key":"Letter Opener"},{"floor":36,"key":"Boot"},{"floor":41,"key":"Bronze Scales"},{"floor":43,"key":"Mercury Hourglass"},{"floor":47,"key":"Art of War"},{"floor":48,"key":"Tough Bandages"}],"event_choices":[{"damage_healed":0,"gold_gain":0,"player_choice":"Entered Light","damage_taken":14,"max_hp_gain":0,"max_hp_loss":0,"event_name":"Shining Light","floor":2,"gold_loss":0,"cards_upgraded":["Defend_G","Strike_G"]},{"damage_healed":0,"gold_gain":0,"player_choice":"2 cards matched","damage_taken":0,"max_hp_gain":0,"max_hp_loss":0,"event_name":"Match and Keep!","floor":3,"gold_loss":0,"cards_obtained":["Neutralize","Doppelganger"]},{"damage_healed":0,"gold_gain":0,"player_choice":"Success","damage_taken":7,"relics_obtained":["Potion Belt"],"max_hp_gain":0,"max_hp_loss":0,"event_name":"Scrap Ooze","floor":5,"gold_loss":0},{"damage_healed":0,"gold_gain":0,"player_choice":"Grow","damage_taken":0,"max_hp_gain":0,"max_hp_loss":0,"event_name":"Living Wall","floor":11,"gold_loss":0,"cards_upgraded":["Doppelganger"]},{"damage_healed":0,"gold_gain":0,"player_choice":"Simplicity","damage_taken":0,"max_hp_gain":0,"max_hp_loss":0,"event_name":"Back to Basics","floor":20,"gold_loss":0,"cards_upgraded":["Defend_G","Defend_G","Defend_G","Defend_G","Strike_G","Strike_G","Strike_G","Strike_G"]},{"damage_healed":0,"gold_gain":0,"player_choice":"Opened","damage_taken":0,"relics_obtained":["Happy Flower"],"max_hp_gain":0,"max_hp_loss":0,"event_name":"The Mausoleum","floor":25,"gold_loss":0},{"damage_healed":0,"gold_gain":0,"player_choice":"Fight","damage_taken":0,"max_hp_gain":0,"max_hp_loss":0,"event_name":"Mysterious Sphere","floor":48,"gold_loss":0}],"is_beta":false,"boss_relics":[{"not_picked":["Tiny House","Runic Pyramid"],"picked":"HoveringKite"},{"not_picked":["Black Star","White Beast Statue"],"picked":"Snecko Eye"}],"items_purged_floors":[],"is_endless":false,"potions_floor_spawned":[1,4,7,12,18,22,31,38,41,45,47,48],"ascension_level":0}