{"gold_per_floor":[109,109,124,44,44,44,70,84,108,127,152,152,183,197,197,300,300,310,321,246,264,264,292,306,341,368,378,405,432,432],"floor_reached":30,"playtime":1571,"items_purged":["Strike_G"],"score":486,"play_id":"b0d4ff12-1d6b-49f0-8dc9-2dfb308d8535","local_time":"20190120163453","is_ascension_mode":true,"campfire_choices":[{"data":"Neutralize","floor":6.0,"key":"SMITH"},{"data":"Leg Sweep","floor":15.0,"key":"SMITH"}],"neow_cost":"NONE","seed_source_timestamp":157045133930079,"circlet_count":0,"master_deck":["Defend_G","Defend_G","Defend_G","Defend_G","Defend_G","Strike_G+1","Strike_G","Strike_G+1","Strike_G+1","Survivor","Neutralize+1","Flying Knee","Well Laid Plans+1","Backstab","Finisher","All Out Attack","Leg Sweep+1","Footwork+1","Footwork","Backflip","Adrenaline","Slice+1","Predator","Bouncing Flask","Blade Dance+1","Backflip+1","Deflect+1","Dash"],"special_seed":0,"relics":["Ring of the Snake","Dream Catcher","Boot","Matryoshka","Whetstone","Snake Skull","Letter Opener","Strawberry","Sozu","Frozen Egg 2","Vajra","Centennial Puzzle","Bag of Preparation","Omamori","PreservedInsect"],"potions_floor_usage":[19],"damage_taken":[{"damage":1.0,"enemies":"Small Slimes","floor":1.0,"turns":4.0},{"damage":2.0,"enemies":"Jaw Worm","floor":3.0,"turns":5.0},{"damage":25.0,"enemies":"3 Sentries","floor":7.0,"turns":11.0},{"damage":0.0,"enemies":"Cultist","floor":8.0,"turns":2.0},{"damage":0.0,"enemies":"Gremlin Gang","floor":10.0,"turns":2.0},{"damage":4.0,"enemies":"Lagavulin","floor":11.0,"turns":4.0},{"damage":0.0,"enemies":"Gremlin Nob","floor":13.0,"turns":3.0},{"damage":1.0,"enemies":"Exordium Thugs","floor":14.0,"turns":5.0},{"damage":15.0,"enemies":"Hexaghost","floor":16.0,"turns":15.0},{"damage":0.0,"enemies":"Chosen","floor":18.0,"turns":4.0},{"damage":11,"enemies":"2 Thieves","floor":19,"turns":3},{"damage":0,"enemies":"Cultist and Chosen","floor":21,"turns":8},{"damage":40,"enemies":"Slavers","floor":23,"turns":6},{"damage":0,"enemies":"Chosen and Byrds","floor":24,"turns":7},{"damage":15,"enemies":"Book of Stabbing","floor":25,"turns":5},{"damage":2,"enemies":"Sentry and Sphere","floor":27,"turns":4},{"damage":10,"enemies":"Slavers","floor":29,"turns":4},{"damage":10,"enemies":"Centurion and Healer","floor":30,"turns":1}],"seed_played":"4637092531508399113","potions_obtained":[{"floor":1.0,"key":"PowerPotion"},{"floor":7.0,"key":"Energy Potion"},{"floor":10.0,"key":"Block Potion"},{"floor":11.0,"key":"Energy Potion"},{"floor":13.0,"key":"Strength Potion"}],"is_trial":false,"path_per_floor":["M","?","M","$","?","R","E","M","T","M","E","?","E","M","R","B",null,"M","M","$","M","?","E","M","E","T","M","T","E","M"],"character_chosen":"THE_SILENT","items_purchased":["Backstab"],"campfire_rested":0,"item_purchase_floors":[4],"current_hp_per_floor":[62,55,53,53,39,39,14,14,14,14,10,10,17,16,16,1,58,58,47,47,47,77,37,37,22,22,20,20,10,0],"gold":432,"neow_bonus":"RANDOM_COMMON_RELIC","is_prod":false,"is_daily":false,"chose_seed":false,"campfire_upgraded":2,"win_rate":0,"timestamp":1548023693,"path_taken":["M","?","M","$","?","R","E","M","T","M","E","?","E","M","R","BOSS","M","M","$","M","?","E","?","E","T","?","?","E","M"],"build_version":"2019-01-17v2","purchased_purges":1,"victory":false,"max_hp_per_floor":[70,70,70,70,70,70,70,70,70,70,70,70,77,77,77,77,77,77,77,77,77,77,77,77,77,77,77,77,77,77],"card_choices":[{"not_picked":["Terror","Expertise"],"picked":"Flying Knee","floor":1.0},{"not_picked":["Prepared","Tactician"],"picked":"Well Laid Plans","floor":3.0},{"not_picked":["Endless Agony","Underhanded Strike"],"picked":"Finisher","floor":7.0},{"not_picked":["Outmaneuver","Dagger Throw"],"picked":"All Out Attack","floor":8.0},{"not_picked":["Slice","Deflect"],"picked":"Leg Sweep","floor":10.0},{"not_picked":["Eviscerate","Cloak And Dagger"],"picked":"Footwork","floor":11.0},{"not_picked":["Deflect","Blade Dance"],"picked":"Footwork","floor":13.0},{"not_picked":["Escape Plan","Poisoned Stab"],"picked":"Backflip","floor":14.0},{"not_picked":["Tools of the Trade","Unload"],"picked":"Adrenaline","floor":16.0},{"not_picked":["Predator","Tactician"],"picked":"Slice+1","floor":18.0},{"not_picked":["Outmaneuver","Bane+1","Catalyst"],"picked":"SKIP","floor":19},{"not_picked":["Bouncing Flask","Bane+1"],"picked":"Predator","floor":21},{"not_picked":["Underhanded Strike+1","Prepared"],"picked":"Bouncing Flask","floor":23},{"not_picked":["Dagger Spray","Glass Knife"],"picked":"Blade Dance+1","floor":24},{"not_picked":["Quick Slash","All Out Attack"],"picked":"Backflip+1","floor":25},{"not_picked":["Expertise+1","Outmaneuver+1"],"picked":"Deflect+1","floor":27},{"not_picked":["Quick Slash","Dagger Throw"],"picked":"Dash","floor":29}],"player_experience":190181,"relics_obtained":[{"floor":7.0,"key":"Matryoshka"},{"floor":9.0,"key":"Whetstone"},{"floor":9.0,"key":"Snake Skull"},{"floor":11.0,"key":"Letter Opener"},{"floor":13.0,"key":"Strawberry"},{"floor":23,"key":"Frozen Egg 2"},{"floor":25,"key":"Vajra"},{"floor":26,"key":"Centennial Puzzle"},{"floor":26,"key":"Bag of Preparation"},{"floor":28,"key":"Omamori"},{"floor":29,"key":"PreservedInsect"}],"event_choices":[{"damage_healed":0.0,"max_hp_gain":0.0,"max_hp_loss":0.0,"gold_gain":0.0,"event_name":"Scrap Ooze","player_choice":"Success","floor":2.0,"gold_loss":0.0,"damage_taken":7.0,"relics_obtained":["Boot"]},{"damage_healed":0.0,"max_hp_gain":0.0,"max_hp_loss":0.0,"gold_gain":0.0,"event_name":"Shining Light","player_choice":"Entered Light","floor":5.0,"gold_loss":0.0,"damage_taken":14.0,"cards_upgraded":["Well Laid Plans","Strike_G"]},{"damage_healed":0.0,"max_hp_gain":0.0,"max_hp_loss":0.0,"gold_gain":0.0,"event_name":"Living Wall","player_choice":"Grow","floor":12.0,"gold_loss":0.0,"damage_taken":0.0,"cards_upgraded":["Footwork"]},{"damage_healed":30,"gold_gain":0,"player_choice":"Full Heal","damage_taken":0,"max_hp_gain":0,"max_hp_loss":0,"event_name":"Wheel of Change","floor":22,"gold_loss":0}],"is_beta":false,"boss_relics":[{"not_picked":["Coffee Dripper","Philosopher\u0027s Stone"],"picked":"Sozu"}],"items_purged_floors":[20],"is_endless":false,"potions_floor_spawned":[1,7,10,11,13,18,19,23,29],"killed_by":"Centurion and Healer","ascension_level":9}