{"gold_per_floor":[117,129,142,142,154,185,185,226,307,319,345,375,387,35,35,35],"floor_reached":16,"playtime":618,"items_purged":["Strike_R"],"score":162,"play_id":"848766d7-318b-41d9-9cec-6270375faa05","local_time":"20190209150938","is_ascension_mode":true,"campfire_choices":[{"floor":7,"key":"DIG"},{"floor":10,"key":"DIG"},{"floor":13,"key":"DIG"},{"floor":15,"key":"REST"}],"neow_cost":"TEN_PERCENT_HP_LOSS","seed_source_timestamp":684107137849300,"circlet_count":0,"master_deck":["Strike_R","Strike_R","Strike_R","Strike_R","Defend_R","Defend_R","Defend_R","Defend_R","Bash","Shrug It Off","Anger","Sword Boomerang","Offering","Shrug It Off","True Grit","Cleave","Limit Break"],"relics":["Burning Blood","Shovel","Self Forming Clay","Happy Flower","MawBank","Art of War","Gremlin Horn","Du-Vu Doll","Bag of Preparation","Lantern"],"potions_floor_usage":[6,8,16],"damage_taken":[{"damage":1,"enemies":"Cultist","floor":1,"turns":4},{"damage":12,"enemies":"Small Slimes","floor":2,"turns":4},{"damage":4,"enemies":"Jaw Worm","floor":3,"turns":3},{"damage":19,"enemies":"Exordium Thugs","floor":5,"turns":4},{"damage":22,"enemies":"Gremlin Nob","floor":6,"turns":3},{"damage":33,"enemies":"Lagavulin","floor":8,"turns":8},{"damage":3,"enemies":"Blue Slaver","floor":11,"turns":4},{"damage":4,"enemies":"2 Fungi Beasts","floor":12,"turns":4},{"damage":55,"enemies":"Slime Boss","floor":16,"turns":7}],"seed_played":"6624249295082146770","potions_obtained":[{"floor":3,"key":"BloodPotion"},{"floor":5,"key":"Fire Potion"},{"floor":12,"key":"AttackPotion"}],"is_trial":false,"path_per_floor":["M","M","M","T","M","E","R","E","T","R","M","M","R","$","R","B"],"character_chosen":"IRONCLAD","items_purchased":["Limit Break","Lantern"],"campfire_rested":1,"item_purchase_floors":[14,14],"current_hp_per_floor":[72,66,68,68,55,39,39,19,19,19,22,24,24,24,45,0],"gold":35,"neow_bonus":"ONE_RARE_RELIC","is_prod":false,"is_daily":false,"chose_seed":false,"campfire_upgraded":0,"win_rate":0,"timestamp":1549750178,"path_taken":["M","M","M","?","M","E","R","E","T","R","M","M","R","$","R","BOSS"],"build_version":"2019-01-23","purchased_purges":1,"victory":false,"max_hp_per_floor":[72,72,72,72,72,72,72,72,72,72,72,72,72,72,72,72],"card_choices":[{"not_picked":["Perfected Strike","Shockwave"],"picked":"Shrug It Off","floor":1},{"not_picked":["Thunderclap","Clash"],"picked":"Anger","floor":2},{"not_picked":["Heavy Blade","Armaments"],"picked":"Sword Boomerang","floor":3},{"not_picked":["Clothesline","Bloodletting"],"picked":"Offering","floor":5},{"not_picked":["Sword Boomerang","Corruption","Anger"],"picked":"SKIP","floor":6},{"not_picked":["Wild Strike","Evolve"],"picked":"Shrug It Off","floor":8},{"not_picked":["Rampage","Pommel Strike"],"picked":"True Grit","floor":11},{"not_picked":["True Grit","Havoc"],"picked":"Cleave","floor":12}],"player_experience":322299,"relics_obtained":[{"floor":4,"key":"Self Forming Clay"},{"floor":6,"key":"Happy Flower"},{"floor":7,"key":"MawBank"},{"floor":8,"key":"Art of War"},{"floor":9,"key":"Gremlin Horn"},{"floor":10,"key":"Du-Vu Doll"},{"floor":13,"key":"Bag of Preparation"}],"event_choices":[],"is_beta":false,"boss_relics":[],"items_purged_floors":[14],"is_endless":false,"potions_floor_spawned":[3,5,12],"killed_by":"Slime Boss","ascension_level":9}