{"gold_per_floor":[116,127,127,52,52,87,104,74,74,105,105,30,30,30,30,30],"floor_reached":16,"playtime":404,"items_purged":["Strike_G"],"score":157,"play_id":"d7510781-bb9d-4e78-b6a2-951332ff6c76","local_time":"20181229000840","is_ascension_mode":true,"campfire_choices":[{"data":"Distraction","floor":11,"key":"SMITH"},{"data":"Dagger Spray","floor":15,"key":"SMITH"}],"neow_cost":"NONE","seed_source_timestamp":104678981161500,"circlet_count":0,"master_deck":["Defend_G","Defend_G","Defend_G","Defend_G","Defend_G","Strike_G","Strike_G","Strike_G","Survivor","Neutralize","Dagger Spray+1","Distraction+1","Noxious Fumes+1","PiercingWail"],"relics":["Ring of the Snake","NeowsBlessing","Peace Pipe","Shuriken","Calipers"],"potions_floor_usage":[16,16],"damage_taken":[{"damage":0,"enemies":"2 Louse","floor":1,"turns":1},{"damage":0,"enemies":"Jaw Worm","floor":2,"turns":1},{"damage":0,"enemies":"Gremlin Nob","floor":6,"turns":1},{"damage":0,"enemies":"Small Slimes","floor":7,"turns":3},{"damage":1,"enemies":"Looter","floor":8,"turns":4},{"damage":20,"enemies":"3 Sentries","floor":10,"turns":7},{"damage":50,"enemies":"Slime Boss","floor":16,"turns":8}],"seed_played":"-7501471496440144545","potions_obtained":[{"floor":1,"key":"Fire Potion"},{"floor":2,"key":"FairyPotion"},{"floor":10,"key":"AttackPotion"}],"is_trial":false,"path_per_floor":["M","M","?","$","?","E","M","M","T","E","R","$","?","$","R","B"],"character_chosen":"THE_SILENT","items_purchased":["Noxious Fumes"],"campfire_rested":0,"item_purchase_floors":[4],"current_hp_per_floor":[70,70,63,63,63,63,63,62,62,42,42,42,42,42,42,0],"gold":30,"neow_bonus":"THREE_ENEMY_KILL","is_prod":false,"is_daily":false,"chose_seed":false,"campfire_upgraded":2,"win_rate":0,"timestamp":1546038520,"path_taken":["M","M","?","$","?","E","M","M","T","E","R","?","?","?","R","BOSS"],"build_version":"2018-12-20","purchased_purges":1,"victory":false,"max_hp_per_floor":[70,70,70,70,70,70,70,70,70,70,70,70,70,70,70,70],"card_choices":[{"not_picked":["Calculated Gamble","Crippling Poison"],"picked":"Dagger Spray","floor":1},{"not_picked":["Sucker Punch","Poisoned Stab"],"picked":"Distraction","floor":2},{"not_picked":["Cloak And Dagger","Storm of Steel","Well Laid Plans"],"picked":"SKIP","floor":6},{"not_picked":["Masterful Stab","Cloak And Dagger","Dash"],"picked":"SKIP","floor":7},{"not_picked":["Heel Hook","Dagger Throw","Underhanded Strike"],"picked":"SKIP","floor":8},{"not_picked":["Choke","Tactician"],"picked":"PiercingWail","floor":10}],"player_experience":820290,"relics_obtained":[{"floor":6,"key":"Peace Pipe"},{"floor":9,"key":"Shuriken"},{"floor":10,"key":"Calipers"}],"event_choices":[{"cards_removed":["Strike_G"],"damage_healed":0,"gold_gain":0,"player_choice":"Card Removal","damage_taken":7,"max_hp_gain":0,"max_hp_loss":0,"event_name":"Golden Wing","floor":3,"gold_loss":0},{"damage_healed":0,"gold_gain":0,"player_choice":"Grow","damage_taken":0,"max_hp_gain":0,"max_hp_loss":0,"event_name":"Living Wall","floor":5,"gold_loss":0,"cards_upgraded":["Noxious Fumes"]},{"damage_healed":0,"gold_gain":0,"player_choice":"Ignored","damage_taken":0,"max_hp_gain":0,"max_hp_loss":0,"event_name":"Golden Idol","floor":13,"gold_loss":0}],"is_beta":false,"boss_relics":[],"items_purged_floors":[12],"is_endless":false,"potions_floor_spawned":[1,2,10],"killed_by":"Slime Boss","ascension_level":4}