{"gold_per_floor":[113,123,135,135,155,188,205,205,256,256,286,236,264,284,284,383,383,395,420,433,451,324,353,353,384,384,401,401,412,412,423,423,423],"floor_reached":33,"playtime":1822,"items_purged":["Strike_R"],"score":386,"play_id":"32d2f1cb-591d-4d92-9276-4acbcc78c873","local_time":"20190106003453","is_ascension_mode":true,"campfire_choices":[{"data":"Armaments","floor":8,"key":"SMITH"},{"data":"Bash","floor":10,"key":"SMITH"},{"data":"Disarm","floor":15,"key":"SMITH"},{"data":"Limit Break","floor":24,"key":"SMITH"},{"floor":28,"key":"REST"},{"data":"Shrug It Off","floor":30,"key":"SMITH"},{"data":"Ghostly Armor","floor":32,"key":"SMITH"}],"neow_cost":"PERCENT_DAMAGE","seed_source_timestamp":3809219672721,"circlet_count":0,"master_deck":["Strike_R","Strike_R","Strike_R","Strike_R","Defend_R+1","Defend_R","Defend_R","Bash+1","Armaments+1","Ghostly Armor+1","Spot Weakness+1","Disarm+1","Cleave+1","Iron Wave+1","Limit Break+1","Flame Barrier+1","Shrug It Off+1","Iron Wave+1","Sword Boomerang+1","Bludgeon+1"],"relics":["Black Blood","FossilizedHelix","Happy Flower","Orichalcum","Molten Egg 2","Bronze Scales","Red Mask","Dodecahedron","Lantern","Blue Candle"],"potions_floor_usage":[6,25,33,33],"damage_taken":[{"damage":0,"enemies":"2 Louse","floor":1,"turns":3},{"damage":0,"enemies":"Small Slimes","floor":2,"turns":4},{"damage":0,"enemies":"Jaw Worm","floor":3,"turns":4},{"damage":0,"enemies":"Exordium Wildlife","floor":5,"turns":5},{"damage":10,"enemies":"Gremlin Nob","floor":6,"turns":4},{"damage":0,"enemies":"Large Slime","floor":7,"turns":3},{"damage":13,"enemies":"3 Sentries","floor":11,"turns":9},{"damage":8,"enemies":"Gremlin Nob","floor":13,"turns":4},{"damage":0,"enemies":"3 Louse","floor":14,"turns":2},{"damage":18,"enemies":"Slime Boss","floor":16,"turns":8},{"damage":9,"enemies":"Chosen","floor":18,"turns":6},{"damage":0,"enemies":"Masked Bandits","floor":19,"turns":3},{"damage":0,"enemies":"Spheric Guardian","floor":20,"turns":4},{"damage":0,"enemies":"Cultist and Chosen","floor":21,"turns":7},{"damage":64,"enemies":"Gremlin Leader","floor":23,"turns":8},{"damage":17,"enemies":"Slavers","floor":25,"turns":6},{"damage":10,"enemies":"Snecko","floor":27,"turns":6},{"damage":3,"enemies":"Centurion and Healer","floor":29,"turns":5},{"damage":0,"enemies":"Snake Plant","floor":31,"turns":3},{"damage":65,"enemies":"Champ","floor":33,"turns":10}],"seed_played":"-705205669976646350","potions_obtained":[{"floor":2,"key":"Weak Potion"},{"floor":5,"key":"GamblersBrew"},{"floor":14,"key":"SkillPotion"},{"floor":16,"key":"Strength Potion"},{"floor":25,"key":"Explosive Potion"},{"floor":31,"key":"Regen Potion"}],"is_trial":false,"path_per_floor":["M","M","M","?","M","E","M","R","T","R","E","?","E","M","R","B",null,"M","?","M","M","$","E","R","E","T","M","R","M","R","M","R","B"],"character_chosen":"IRONCLAD","items_purchased":["Sword Boomerang+1"],"campfire_rested":1,"item_purchase_floors":[22],"current_hp_per_floor":[62,68,74,58,64,60,66,66,66,66,59,59,57,63,63,51,73,74,80,80,80,80,26,26,19,19,19,43,50,50,60,60,0],"gold":423,"neow_bonus":"ONE_RARE_RELIC","is_prod":false,"is_daily":false,"chose_seed":false,"campfire_upgraded":6,"win_rate":0,"timestamp":1546756493,"path_taken":["M","M","M","?","M","E","M","R","T","R","E","?","E","M","R","BOSS","M","?","M","M","$","E","R","E","T","M","R","M","R","M","R","BOSS"],"build_version":"2019-01-03v4","purchased_purges":1,"victory":false,"max_hp_per_floor":[80,80,80,80,80,80,80,80,80,80,80,80,80,80,80,80,80,80,80,80,80,80,80,80,80,80,80,80,80,80,80,80,80],"card_choices":[{"not_picked":["Dual Wield","Body Slam"],"picked":"Armaments","floor":1},{"not_picked":["Seeing Red","Fire Breathing"],"picked":"Ghostly Armor","floor":2},{"not_picked":["Warcry","Corruption"],"picked":"Spot Weakness","floor":3},{"not_picked":["Thunderclap","Cleave"],"picked":"Disarm","floor":5},{"not_picked":["Armaments","Bloodletting","Exhume"],"picked":"SKIP","floor":6},{"not_picked":["Thunderclap","Wild Strike","Searing Blow"],"picked":"SKIP","floor":7},{"not_picked":["Perfected Strike","Sentinel","Combust"],"picked":"SKIP","floor":11},{"not_picked":["Perfected Strike+1","Rage"],"picked":"Cleave+1","floor":13},{"not_picked":["Shrug It Off","Rampage+1"],"picked":"Iron Wave+1","floor":14},{"not_picked":["Dark Embrace","Impervious"],"picked":"Limit Break","floor":16},{"not_picked":["Fire Breathing","Dropkick+1"],"picked":"Flame Barrier+1","floor":18},{"not_picked":["Evolve","Carnage+1"],"picked":"Shrug It Off","floor":19},{"not_picked":["Dual Wield","Clothesline+1"],"picked":"Iron Wave+1","floor":20},{"not_picked":["Armaments","Warcry","Dropkick+1"],"picked":"SKIP","floor":21},{"not_picked":["Sentinel","Ghostly Armor","Anger+1"],"picked":"SKIP","floor":23},{"not_picked":["Exhume","Bloodletting"],"picked":"Bludgeon+1","floor":25},{"not_picked":["Spot Weakness","Combust+1","Hemokinesis+1"],"picked":"SKIP","floor":27},{"not_picked":["Feel No Pain","Fire Breathing","Shrug It Off"],"picked":"SKIP","floor":29},{"not_picked":["Wild Strike+1","Cleave+1","Iron Wave+1"],"picked":"SKIP","floor":31}],"player_experience":123092,"relics_obtained":[{"floor":6,"key":"Happy Flower"},{"floor":9,"key":"Orichalcum"},{"floor":11,"key":"Molten Egg 2"},{"floor":13,"key":"Bronze Scales"},{"floor":19,"key":"Red Mask"},{"floor":23,"key":"Dodecahedron"},{"floor":25,"key":"Lantern"},{"floor":26,"key":"Blue Candle"}],"event_choices":[{"damage_healed":0,"gold_gain":0,"player_choice":"Entered Light","damage_taken":16,"max_hp_gain":0,"max_hp_loss":0,"event_name":"Shining Light","floor":4,"gold_loss":0,"cards_upgraded":["Defend_R","Spot Weakness"]},{"cards_removed":["Defend_R"],"damage_healed":0,"gold_gain":0,"player_choice":"Card Removal","damage_taken":0,"max_hp_gain":0,"max_hp_loss":0,"event_name":"The Cleric","floor":12,"gold_loss":50},{"damage_healed":0,"gold_gain":0,"player_choice":"Fought Bandits","damage_taken":0,"max_hp_gain":0,"max_hp_loss":0,"event_name":"Masked Bandits","floor":19,"gold_loss":0}],"is_beta":false,"boss_relics":[{"not_picked":["Eternal Feather","Runic Cube"],"picked":"Black Blood"}],"items_purged_floors":[22],"is_endless":false,"potions_floor_spawned":[2,5,14,16,21,25,27,31],"killed_by":"Champ","ascension_level":5}