{"gold_per_floor":[118,83,99,99,111,111,121,121,121,24,24,56,56],"floor_reached":13,"playtime":538,"items_purged":[],"score":141,"play_id":"d01dcb54-a2cc-451e-a3f3-d780f3bfb84d","local_time":"20181230211856","is_ascension_mode":true,"campfire_choices":[{"data":"Searing Blow","floor":6,"key":"SMITH"},{"data":"Searing Blow+1","floor":8,"key":"SMITH"},{"data":"Searing Blow+2","floor":11,"key":"SMITH"}],"neow_cost":"NONE","seed_source_timestamp":946646505657112,"circlet_count":0,"master_deck":["AscendersBane","Strike_R","Strike_R","Defend_R","Defend_R","Defend_R","Defend_R","Bash","Havoc","Searing Blow+3","Whirlwind","Dual Wield","Second Wind","Thunderclap"],"relics":["Empty Cage","Frozen Egg 2","Kunai"],"potions_floor_usage":[12,13],"damage_taken":[{"damage":23,"enemies":"Jaw Worm","floor":1,"turns":4},{"damage":0,"enemies":"2 Louse","floor":3,"turns":4},{"damage":6,"enemies":"Cultist","floor":5,"turns":3},{"damage":16,"enemies":"2 Fungi Beasts","floor":7,"turns":3},{"damage":28,"enemies":"Gremlin Nob","floor":12,"turns":4},{"damage":11,"enemies":"Blue Slaver","floor":13,"turns":3}],"seed_played":"-3191754968011415460","potions_obtained":[{"floor":3,"key":"Strength Potion"},{"floor":12,"key":"Explosive Potion"}],"is_trial":false,"path_per_floor":["M","?","M","?","M","R","M","R","T","$","R","E","M"],"character_chosen":"IRONCLAD","items_purchased":["Second Wind","Thunderclap"],"campfire_rested":0,"item_purchase_floors":[10,10],"current_hp_per_floor":[45,63,63,56,50,50,34,34,34,34,34,6,0],"gold":56,"neow_bonus":"BOSS_RELIC","is_prod":false,"is_daily":false,"chose_seed":false,"campfire_upgraded":3,"win_rate":0,"timestamp":1546204736,"path_taken":["M","?","M","?","M","R","M","R","T","?","R","E","?"],"build_version":"2018-12-20","purchased_purges":0,"victory":false,"max_hp_per_floor":[75,75,75,75,75,75,75,75,75,75,75,75,75],"card_choices":[{"not_picked":["Iron Wave","Armaments"],"picked":"Havoc","floor":1},{"not_picked":["True Grit","Dropkick"],"picked":"Searing Blow","floor":3},{"not_picked":["Evolve","Flex"],"picked":"Whirlwind","floor":5},{"not_picked":["Inflame","Heavy Blade"],"picked":"Dual Wield","floor":7},{"not_picked":["Clothesline","Inflame+1","Body Slam"],"picked":"SKIP","floor":12}],"player_experience":1096634,"relics_obtained":[{"floor":9,"key":"Frozen Egg 2"},{"floor":12,"key":"Kunai"}],"event_choices":[{"damage_healed":18,"gold_gain":0,"player_choice":"Healed","damage_taken":0,"max_hp_gain":0,"max_hp_loss":0,"event_name":"The Cleric","floor":2,"gold_loss":35},{"cards_removed":["Strike_R"],"damage_healed":0,"gold_gain":0,"player_choice":"Card Removal","damage_taken":7,"max_hp_gain":0,"max_hp_loss":0,"event_name":"Golden Wing","floor":4,"gold_loss":0}],"is_beta":false,"boss_relics":[],"items_purged_floors":[],"is_endless":false,"potions_floor_spawned":[3,12],"killed_by":"Blue Slaver","ascension_level":14}