{"gold_per_floor":[109,18,29,46,46,46,80,80,80,99,99,99,113,125,125,227,227,227,7,7,7,7,7,7,7,7,7,0,0,0,0,0,0,0,0,0,0,0,0,0,0,0,0,0,0,0,0,0,0,0],"floor_reached":51,"playtime":1320,"items_purged":["Strike_R"],"score":1099,"play_id":"5b093707-f0b5-49e0-9be4-c764b37b50da","local_time":"20181215190244","is_ascension_mode":true,"campfire_choices":[{"data":"Trip","floor":6,"key":"SMITH"},{"data":"Anger","floor":8,"key":"SMITH"},{"data":"Infernal Blade","floor":11,"key":"SMITH"},{"data":"Spot Weakness","floor":15,"key":"SMITH"},{"floor":24,"key":"REST"},{"floor":30,"key":"REST"},{"floor":32,"key":"REST"},{"data":"Offering","floor":47,"key":"SMITH"},{"floor":49,"key":"REST"}],"neow_cost":"NONE","seed_source_timestamp":30783511877416,"circlet_count":0,"master_deck":["AscendersBane","Strike_R","Defend_R+1","Defend_R","Defend_R+1","Defend_R","Bash","Anger+1","Trip+1","Clothesline","Clash","Infernal Blade+1","Inflame","Spot Weakness+1","Offering+1","Whirlwind","Reaper","Shockwave+1","Cleave+1","Armaments+1","Infernal Blade+1","Second Wind+1","Rage","Ghostly Armor+1"],"relics":["Burning Blood","NeowsBlessing","Vajra","Pantograph","CultistMask","Ectoplasm","War Paint","Bronze Scales","Self Forming Clay","Art of War","Empty Cage","Blood Vial","Potion Belt","Charon\u0027s Ashes","Red Skull","Thread and Needle"],"potions_floor_usage":[18,22,27,33,39,40,40,46,50],"damage_taken":[{"damage":0,"enemies":"Cultist","floor":1,"turns":1},{"damage":0,"enemies":"Jaw Worm","floor":3,"turns":1},{"damage":0,"enemies":"2 Louse","floor":4,"turns":1},{"damage":40,"enemies":"Gremlin Nob","floor":7,"turns":5},{"damage":6,"enemies":"Blue Slaver","floor":10,"turns":3},{"damage":3,"enemies":"Looter","floor":13,"turns":2},{"damage":1,"enemies":"Red Slaver","floor":14,"turns":3},{"damage":34,"enemies":"The Guardian","floor":16,"turns":6},{"damage":6,"enemies":"Spheric Guardian","floor":18,"turns":3},{"damage":15,"enemies":"Shell Parasite","floor":20,"turns":3},{"damage":16,"enemies":"Cultist and Chosen","floor":22,"turns":5},{"damage":25,"enemies":"Snake Plant","floor":23,"turns":2},{"damage":29,"enemies":"Book of Stabbing","floor":25,"turns":4},{"damage":34,"enemies":"Slavers","floor":27,"turns":3},{"damage":6,"enemies":"3 Cultists","floor":31,"turns":1},{"damage":68,"enemies":"Automaton","floor":33,"turns":8},{"damage":28,"enemies":"3 Shapes","floor":35,"turns":2},{"damage":4,"enemies":"Orb Walker","floor":36,"turns":3},{"damage":16,"enemies":"3 Darklings","floor":38,"turns":2},{"damage":36,"enemies":"Spire Growth","floor":39,"turns":4},{"damage":43,"enemies":"Giant Head","floor":40,"turns":7},{"damage":29,"enemies":"Sphere and 2 Shapes","floor":42,"turns":3},{"damage":6,"enemies":"Mind Bloom Boss Battle","floor":44,"turns":5},{"damage":11,"enemies":"Reptomancer","floor":45,"turns":3},{"damage":27,"enemies":"2 Orb Walkers","floor":46,"turns":3},{"damage":45,"enemies":"Maw","floor":48,"turns":8},{"damage":70,"enemies":"Time Eater","floor":50,"turns":10}],"seed_played":"-4445539038138571242","potions_obtained":[{"floor":4,"key":"Explosive Potion"},{"floor":7,"key":"LiquidBronze"},{"floor":10,"key":"Block Potion"},{"floor":14,"key":"PowerPotion"},{"floor":23,"key":"LiquidBronze"},{"floor":27,"key":"BloodPotion"},{"floor":31,"key":"Energy Potion"},{"floor":35,"key":"SkillPotion"},{"floor":36,"key":"Dexterity Potion"},{"floor":45,"key":"SteroidPotion"},{"floor":48,"key":"FearPotion"}],"is_trial":false,"path_per_floor":["M","$","M","M","$","R","E","R","T","M","R","?","M","M","R","B",null,"M","$","M","?","M","M","R","E","T","E","?","$","R","M","R","B",null,"M","M","?","M","M","E","$","M","T","?","E","?","R","M","R","B",null],"character_chosen":"IRONCLAD","items_purchased":["Trip","War Paint"],"campfire_rested":4,"item_purchase_floors":[2,19],"current_hp_per_floor":[78,78,80,80,80,80,46,46,46,46,46,46,49,54,54,51,73,73,73,64,64,54,35,59,36,36,8,8,8,32,32,56,18,65,43,45,45,70,40,34,34,39,39,66,63,68,68,43,67,32],"gold":0,"neow_bonus":"THREE_ENEMY_KILL","is_prod":false,"is_daily":false,"chose_seed":false,"campfire_upgraded":5,"win_rate":0,"timestamp":1544918564,"path_taken":["M","$","?","M","$","R","E","R","T","M","R","?","?","M","R","BOSS","M","$","M","?","M","M","R","E","T","E","?","$","R","M","R","BOSS","M","M","?","M","?","E","$","M","T","?","E","?","R","M","R","BOSS"],"build_version":"2018-12-13","purchased_purges":1,"victory":true,"max_hp_per_floor":[80,80,80,80,80,80,80,80,80,80,80,80,80,80,80,80,80,80,80,80,80,80,80,80,80,80,80,80,80,80,80,80,80,80,80,80,80,80,80,80,80,80,80,80,80,80,80,80,80,80],"card_choices":[{"not_picked":["Heavy Blade","Wild Strike"],"picked":"Anger","floor":1},{"not_picked":["Headbutt","Blood for Blood","Hemokinesis"],"picked":"SKIP","floor":3},{"not_picked":["Havoc","Entrench"],"picked":"Clothesline","floor":4},{"not_picked":["Reaper","Thunderclap"],"picked":"Clash","floor":7},{"not_picked":["Uppercut","Sword Boomerang"],"picked":"Infernal Blade","floor":10},{"not_picked":["Feel No Pain","Havoc"],"picked":"Inflame","floor":13},{"not_picked":["Ghostly Armor","Thunderclap"],"picked":"Spot Weakness","floor":14},{"not_picked":["Impervious","Juggernaut"],"picked":"Offering","floor":16},{"not_picked":["Body Slam+1","Thunderclap"],"picked":"Whirlwind","floor":18},{"not_picked":["Twin Strike","Armaments","Reckless Charge"],"picked":"SKIP","floor":20},{"not_picked":["Thunderclap+1","Second Wind","Iron Wave+1"],"picked":"SKIP","floor":22},{"not_picked":["Havoc+1","Body Slam","Rupture"],"picked":"SKIP","floor":23},{"not_picked":["Evolve","Perfected Strike","True Grit"],"picked":"SKIP","floor":25},{"not_picked":["Infernal Blade","Power Through","Cleave"],"picked":"SKIP","floor":27},{"not_picked":["Thunderclap","Heavy Blade","Twin Strike"],"picked":"SKIP","floor":31},{"not_picked":["Brutality","Limit Break"],"picked":"Reaper","floor":33},{"not_picked":["Clothesline+1","True Grit"],"picked":"Shockwave+1","floor":35},{"not_picked":["Reckless Charge","Entrench+1"],"picked":"Cleave+1","floor":36},{"not_picked":["Twin Strike+1","Fire Breathing+1","Thunderclap"],"picked":"SKIP","floor":38},{"not_picked":["Twin Strike","Cleave+1"],"picked":"Armaments+1","floor":39},{"not_picked":["True Grit","Second Wind","Havoc"],"picked":"SKIP","floor":40},{"not_picked":["Battle Trance+1","Dropkick"],"picked":"Infernal Blade+1","floor":42},{"not_picked":["Dual Wield","Twin Strike"],"picked":"Second Wind+1","floor":44},{"not_picked":["Wild Strike","Pummel+1"],"picked":"Rage","floor":45},{"not_picked":["Twin Strike","Intimidate+1"],"picked":"Ghostly Armor+1","floor":46},{"not_picked":["Pommel Strike+1","Wild Strike+1","Searing Blow"],"picked":"SKIP","floor":48}],"player_experience":589553,"relics_obtained":[{"floor":7,"key":"Vajra"},{"floor":9,"key":"Pantograph"},{"floor":25,"key":"Bronze Scales"},{"floor":26,"key":"Self Forming Clay"},{"floor":27,"key":"Art of War"},{"floor":40,"key":"Blood Vial"},{"floor":43,"key":"Potion Belt"},{"floor":44,"key":"Charon\u0027s Ashes"},{"floor":45,"key":"Red Skull"},{"floor":46,"key":"Thread and Needle"}],"event_choices":[{"damage_healed":0,"gold_gain":0,"player_choice":"Trade","damage_taken":0,"relics_obtained":["CultistMask"],"max_hp_gain":0,"max_hp_loss":0,"event_name":"FaceTrader","floor":12,"gold_loss":0},{"damage_healed":0,"gold_gain":0,"player_choice":"Ignored","damage_taken":0,"max_hp_gain":0,"max_hp_loss":0,"event_name":"Vampires","floor":21,"gold_loss":0},{"damage_healed":0,"gold_gain":0,"player_choice":"Paid Fearfully","damage_taken":0,"max_hp_gain":0,"max_hp_loss":0,"event_name":"Masked Bandits","floor":28,"gold_loss":7},{"cards_removed":["Strike_R"],"damage_healed":0,"gold_gain":0,"player_choice":"Purged","damage_taken":0,"max_hp_gain":0,"max_hp_loss":0,"event_name":"Purifier","floor":37,"gold_loss":0},{"damage_healed":0,"gold_gain":0,"player_choice":"Fight","damage_taken":0,"max_hp_gain":0,"max_hp_loss":0,"event_name":"MindBloom","floor":44,"gold_loss":0},{"damage_healed":0,"gold_gain":0,"player_choice":"Fight","damage_taken":0,"max_hp_gain":0,"max_hp_loss":0,"event_name":"Mysterious Sphere","floor":46,"gold_loss":0}],"is_beta":true,"boss_relics":[{"not_picked":["Snecko Eye","Orrery"],"picked":"Ectoplasm"},{"not_picked":["Philosopher\u0027s Stone","Runic Cube"],"picked":"Empty Cage"}],"items_purged_floors":[19],"is_endless":false,"potions_floor_spawned":[4,7,10,14,23,27,31,35,36,38,45,48],"ascension_level":10}