{"gold_per_floor":[109,125,300,300,18,53,53,83,83,83,103,113,129,155,155,258,258,274,274,17,36,56,56,89,89,89,115,115,125,8,19,19,114,114,134,149,149,424,439,471,57,57,81,91,123,123,154,167,167,167],"floor_reached":51,"playtime":2351,"items_purged":["Doubt","Defend_R"],"score":1175,"play_id":"a7196145-4051-4006-8e3a-e4dc6d7c4155","local_time":"20181202143920","is_ascension_mode":true,"campfire_choices":[{"floor":7,"key":"REST"},{"data":"Inflame","floor":10,"key":"SMITH"},{"data":"Inflame","floor":15,"key":"SMITH"},{"data":"Apotheosis","floor":23,"key":"SMITH"},{"data":"Bandage Up","floor":25,"key":"SMITH"},{"floor":32,"key":"REST"},{"floor":42,"key":"REST"},{"floor":46,"key":"REST"},{"floor":49,"key":"REST"}],"neow_cost":"PERCENT_DAMAGE","seed_source_timestamp":781798247048542,"circlet_count":0,"master_deck":["Strike_R+1","Strike_R+1","Strike_R+1","Strike_R+1","Strike_R+1","Defend_R+1","Defend_R+1","Defend_R+1","Bash","Cleave","Metallicize","Shrug It Off","Bandage Up+1","Inflame+1","Metallicize","Headbutt","Inflame+1","Pommel Strike","Perfected Strike","Combust","Demon Form","Perfected Strike+1","Apotheosis+1","Flame Barrier","Headbutt","Pommel Strike","Clothesline","Metallicize","Corruption","Exhume","Impervious","Metallicize+1","Warcry","Madness","Madness","Regret","Metallicize+1","Whirlwind+1","Thunderclap+1","Wild Strike+1","Metallicize+1","Body Slam+1"],"relics":["Burning Blood","The Courier","Mercury Hourglass","Ornamental Fan","Shuriken","Sozu","Red Skull","Paper Frog","Letter Opener","Strawberry","Fusion Hammer","PreservedInsect","Calipers","ClockworkSouvenir","Vajra","Lantern"],"potions_floor_usage":[6,14,40,50,50],"damage_taken":[{"damage":7,"enemies":"Jaw Worm","floor":1,"turns":3},{"damage":3,"enemies":"Small Slimes","floor":2,"turns":3},{"damage":49,"enemies":"Lagavulin","floor":6,"turns":9},{"damage":22,"enemies":"Gremlin Nob","floor":8,"turns":5},{"damage":0,"enemies":"Cultist","floor":11,"turns":3},{"damage":6,"enemies":"Exordium Wildlife","floor":12,"turns":3},{"damage":4,"enemies":"2 Fungi Beasts","floor":13,"turns":3},{"damage":13,"enemies":"Lagavulin","floor":14,"turns":6},{"damage":5,"enemies":"Slime Boss","floor":16,"turns":6},{"damage":24,"enemies":"2 Thieves","floor":18,"turns":4},{"damage":5,"enemies":"Spheric Guardian","floor":21,"turns":4},{"damage":14,"enemies":"3 Cultists","floor":22,"turns":4},{"damage":22,"enemies":"Gremlin Leader","floor":24,"turns":6},{"damage":36,"enemies":"Book of Stabbing","floor":27,"turns":4},{"damage":9,"enemies":"Centurion and Healer","floor":29,"turns":4},{"damage":22,"enemies":"Snake Plant","floor":31,"turns":5},{"damage":28,"enemies":"Champ","floor":33,"turns":8},{"damage":10,"enemies":"3 Darklings","floor":35,"turns":4},{"damage":16,"enemies":"Orb Walker","floor":36,"turns":4},{"damage":6,"enemies":"4 Shapes","floor":39,"turns":6},{"damage":41,"enemies":"Reptomancer","floor":40,"turns":6},{"damage":44,"enemies":"Maw","floor":44,"turns":6},{"damage":19,"enemies":"Giant Head","floor":45,"turns":5},{"damage":46,"enemies":"Reptomancer","floor":47,"turns":5},{"damage":22,"enemies":"Transient","floor":48,"turns":5},{"damage":31,"enemies":"Time Eater","floor":50,"turns":11}],"seed_played":"-1456357927688434602","potions_obtained":[{"floor":2,"key":"Energy Potion"},{"floor":8,"key":"BloodPotion"},{"floor":12,"key":"Dexterity Potion"},{"floor":13,"key":"EssenceOfSteel"},{"floor":14,"key":"Swift Potion"}],"is_trial":false,"path_per_floor":["M","M","?","?","$","E","R","E","T","R","M","M","M","E","R","B",null,"M","?","$","M","M","R","E","R","T","E","?","M","$","M","R","B",null,"M","M","?","?","M","E","$","R","T","M","E","R","E","M","R","B",null],"character_chosen":"IRONCLAD","items_purchased":["Shrug It Off","Bandage Up","Inflame","Apotheosis","Flame Barrier","Strawberry","Calipers","ClockworkSouvenir"],"campfire_rested":5,"item_purchase_floors":[5,5,5,20,20,30,41,41],"current_hp_per_floor":[71,74,74,55,55,16,44,28,28,28,38,42,48,45,45,50,85,71,71,71,78,74,74,62,62,62,38,38,41,48,32,62,52,90,98,93,80,80,86,57,57,87,87,61,48,78,38,22,52,43],"gold":167,"neow_bonus":"TWENTY_PERCENT_HP_BONUS","is_prod":false,"is_daily":false,"chose_seed":false,"campfire_upgraded":4,"win_rate":0,"timestamp":1543779560,"path_taken":["M","M","?","?","?","E","R","E","T","R","M","M","M","E","R","BOSS","M","?","$","M","M","R","E","R","T","E","?","?","$","M","R","BOSS","M","M","?","?","M","E","$","R","T","M","E","R","E","?","R","BOSS"],"build_version":"2018-11-15","purchased_purges":2,"victory":true,"max_hp_per_floor":[96,96,96,96,96,96,96,96,96,96,96,96,96,96,96,96,96,96,96,96,96,96,96,96,96,96,96,96,96,103,103,103,103,103,103,103,103,103,103,103,103,103,103,103,103,103,103,103,103,103],"card_choices":[{"not_picked":["Heavy Blade","Entrench"],"picked":"Cleave","floor":1},{"not_picked":["Combust","Battle Trance"],"picked":"Metallicize","floor":2},{"not_picked":["Pommel Strike","Spot Weakness"],"picked":"Metallicize","floor":6},{"not_picked":["Infernal Blade","Havoc"],"picked":"Headbutt","floor":8},{"not_picked":["Shockwave","Seeing Red"],"picked":"Inflame","floor":11},{"not_picked":["Flex","Twin Strike"],"picked":"Pommel Strike","floor":12},{"not_picked":["Sentinel","Cleave"],"picked":"Perfected Strike","floor":13},{"not_picked":["Rupture","Twin Strike"],"picked":"Combust","floor":14},{"not_picked":["Dark Embrace","Berserk"],"picked":"Demon Form","floor":16},{"not_picked":["Corruption","Flex+1"],"picked":"Perfected Strike+1","floor":18},{"not_picked":["Rampage","Dropkick"],"picked":"Headbutt","floor":21},{"not_picked":["Heavy Blade+1","Clash"],"picked":"Pommel Strike","floor":22},{"not_picked":["Armaments","Dropkick+1"],"picked":"Clothesline","floor":24},{"not_picked":["Combust+1","Spot Weakness"],"picked":"Metallicize","floor":27},{"not_picked":["Intimidate","Infernal Blade"],"picked":"Corruption","floor":29},{"not_picked":["Havoc","Second Wind"],"picked":"Exhume","floor":31},{"not_picked":["Fiend Fire","Offering"],"picked":"Impervious","floor":33},{"not_picked":["Wild Strike","Sword Boomerang"],"picked":"Metallicize+1","floor":35},{"not_picked":["Flex+1","Combust+1"],"picked":"Warcry","floor":36},{"not_picked":["Ghostly Armor","Burning Pact"],"picked":"Metallicize+1","floor":39},{"not_picked":["True Grit+1","Twin Strike"],"picked":"Whirlwind+1","floor":40},{"not_picked":["Brutality","Cleave+1"],"picked":"Thunderclap+1","floor":44},{"not_picked":["Clothesline","Perfected Strike+1"],"picked":"Wild Strike+1","floor":45},{"not_picked":["Perfected Strike","Shrug It Off"],"picked":"Metallicize+1","floor":47},{"not_picked":["Havoc","Cleave"],"picked":"Body Slam+1","floor":48}],"player_experience":334928,"relics_obtained":[{"floor":6,"key":"The Courier"},{"floor":8,"key":"Mercury Hourglass"},{"floor":9,"key":"Ornamental Fan"},{"floor":14,"key":"Shuriken"},{"floor":24,"key":"Red Skull"},{"floor":26,"key":"Paper Frog"},{"floor":27,"key":"Letter Opener"},{"floor":40,"key":"PreservedInsect"},{"floor":45,"key":"Vajra"},{"floor":47,"key":"Lantern"}],"event_choices":[{"damage_healed":0,"gold_gain":175,"player_choice":"AGREE","damage_taken":0,"max_hp_gain":0,"max_hp_loss":0,"event_name":"Liars Game","floor":3,"gold_loss":0,"cards_obtained":["Doubt"]},{"damage_healed":0,"gold_gain":0,"player_choice":"Entered Light","damage_taken":19,"max_hp_gain":0,"max_hp_loss":0,"event_name":"Shining Light","floor":4,"gold_loss":0,"cards_upgraded":["Defend_R","Strike_R"]},{"damage_healed":0,"gold_gain":0,"player_choice":"Ignored","damage_taken":0,"max_hp_gain":0,"max_hp_loss":0,"event_name":"Ghosts","floor":19,"gold_loss":0},{"damage_healed":0,"gold_gain":0,"player_choice":"Simplicity","damage_taken":0,"max_hp_gain":0,"max_hp_loss":0,"event_name":"Back to Basics","floor":28,"gold_loss":0,"cards_upgraded":["Strike_R","Strike_R","Strike_R","Strike_R","Defend_R","Defend_R"]},{"damage_healed":0,"gold_gain":0,"player_choice":"Embrace Madness","damage_taken":13,"max_hp_gain":0,"max_hp_loss":0,"event_name":"Winding Halls","floor":37,"gold_loss":0,"cards_obtained":["Madness","Madness"]},{"damage_healed":0,"gold_gain":275,"player_choice":"Desecrate","damage_taken":0,"max_hp_gain":0,"max_hp_loss":0,"event_name":"Golden Shrine","floor":38,"gold_loss":0,"cards_obtained":["Regret"]}],"is_beta":false,"boss_relics":[{"not_picked":["Tiny House","Philosopher\u0027s Stone"],"picked":"Sozu"},{"not_picked":["Empty Cage","Black Blood"],"picked":"Fusion Hammer"}],"items_purged_floors":[5,20],"is_endless":false,"potions_floor_spawned":[2,8,12,13,14,16,21,31,33,35,36,40,47],"ascension_level":5}