{"gold_per_floor":[217,232,232,250,270,270,303,303,330,345,345,345,362,376,376,480,480,490,510,527,527],"floor_reached":21,"playtime":1620,"items_purged":[],"score":194,"play_id":"e16d6253-ea71-4b4c-8897-52a28268275d","local_time":"20190115205650","is_ascension_mode":true,"campfire_choices":[{"data":"Double Energy","floor":6.0,"key":"SMITH"},{"data":"Zap","floor":8.0,"key":"SMITH"},{"data":"Conserve Battery","floor":12.0,"key":"SMITH"},{"floor":15.0,"key":"REST"}],"neow_cost":"NONE","seed_source_timestamp":0,"circlet_count":0,"master_deck":["Strike_B","Strike_B","Strike_B","Strike_B","Defend_B","Defend_B","Defend_B","Defend_B","Zap+1","Dualcast","Conserve Battery+1","Double Energy+1","Redo","Ball Lightning","Chill","Meteor Strike","Sunder+1","Barrage"],"special_seed":0,"relics":["Cracked Core","Pen Nib","Inserter"],"potions_floor_usage":[20,21],"damage_taken":[{"damage":2.0,"enemies":"2 Louse","floor":1.0,"turns":3.0},{"damage":0.0,"enemies":"Cultist","floor":2.0,"turns":3.0},{"damage":0.0,"enemies":"Small Slimes","floor":4.0,"turns":2.0},{"damage":10.0,"enemies":"3 Louse","floor":5.0,"turns":3.0},{"damage":24.0,"enemies":"Lagavulin","floor":7.0,"turns":7.0},{"damage":5.0,"enemies":"Blue Slaver","floor":10.0,"turns":4.0},{"damage":1.0,"enemies":"2 Fungi Beasts","floor":13.0,"turns":3.0},{"damage":2.0,"enemies":"3 Louse","floor":14.0,"turns":3.0},{"damage":22.0,"enemies":"Slime Boss","floor":16.0,"turns":10.0},{"damage":10.0,"enemies":"Chosen","floor":18.0,"turns":5.0},{"damage":7,"enemies":"3 Byrds","floor":19,"turns":5},{"damage":20,"enemies":"Snake Plant","floor":20,"turns":4},{"damage":15,"enemies":"Colosseum Slavers","floor":21,"turns":4},{"damage":30,"enemies":"Colosseum Nobs","floor":21,"turns":3}],"seed_played":"-8181012036242692612","potions_obtained":[{"floor":1.0,"key":"FearPotion"},{"floor":5.0,"key":"Energy Potion"},{"floor":13.0,"key":"AttackPotion"},{"floor":19,"key":"PowerPotion"},{"floor":20,"key":"GamblersBrew"}],"is_trial":false,"path_per_floor":["M","M","?","M","M","R","E","R","T","M","?","R","M","M","R","B",null,"M","M","M","?"],"character_chosen":"DEFECT","items_purchased":[],"campfire_rested":1,"item_purchase_floors":[],"current_hp_per_floor":[73,73,73,73,63,63,39,39,39,34,34,34,33,31,53,31,75,65,58,38,0],"gold":527,"neow_bonus":"HUNDRED_GOLD","is_prod":false,"is_daily":false,"chose_seed":false,"campfire_upgraded":3,"win_rate":0,"timestamp":1547607410,"path_taken":["M","M","?","?","?","R","E","R","T","M","?","R","M","?","R","BOSS","M","M","M","?"],"build_version":"2019-01-10","purchased_purges":0,"victory":false,"max_hp_per_floor":[75,75,75,75,75,75,75,75,75,75,75,75,75,75,75,75,75,75,75,75,75],"card_choices":[{"not_picked":["Skim","Ball Lightning"],"picked":"Conserve Battery","floor":1.0},{"not_picked":["Steam","Stack","Sweeping Beam"],"picked":"SKIP","floor":2.0},{"not_picked":["Sweeping Beam","Stack","Tempest"],"picked":"SKIP","floor":4.0},{"not_picked":["BootSequence","Redo"],"picked":"Double Energy","floor":5.0},{"not_picked":["Steam","Turbo"],"picked":"Redo","floor":7.0},{"not_picked":["Rebound","Stack","Heatsinks"],"picked":"SKIP","floor":10.0},{"not_picked":["Sweeping Beam","Consume","Genetic Algorithm"],"picked":"SKIP","floor":13.0},{"not_picked":["Rebound","Stack"],"picked":"Chill","floor":14.0},{"not_picked":["Reboot","Hyperbeam"],"picked":"Meteor Strike","floor":16.0},{"not_picked":["Coolheaded","Skim"],"picked":"Sunder+1","floor":18.0},{"not_picked":["Rebound","Reinforced Body+1","Stack"],"picked":"SKIP","floor":19},{"not_picked":["Rip and Tear","Stack"],"picked":"Barrage","floor":20}],"player_experience":235034,"relics_obtained":[{"floor":7.0,"key":"Pen Nib"}],"event_choices":[{"damage_healed":0.0,"max_hp_gain":0.0,"max_hp_loss":0.0,"gold_gain":0.0,"event_name":"NoteForYourself","player_choice":"Ignored","floor":3.0,"gold_loss":0.0,"damage_taken":0.0},{"damage_healed":0.0,"max_hp_gain":0.0,"max_hp_loss":0.0,"gold_gain":0.0,"event_name":"Match and Keep!","player_choice":"1 cards matched","floor":11.0,"gold_loss":0.0,"damage_taken":0.0,"cards_obtained":["Ball Lightning"]},{"damage_healed":0,"gold_gain":0,"player_choice":"Fight","damage_taken":0,"max_hp_gain":0,"max_hp_loss":0,"event_name":"Colosseum","floor":21,"gold_loss":0},{"damage_healed":0,"gold_gain":0,"player_choice":"Fought Nobs","damage_taken":0,"max_hp_gain":0,"max_hp_loss":0,"event_name":"Colosseum","floor":21,"gold_loss":0}],"is_beta":false,"boss_relics":[{"not_picked":["Orrery","Cursed Key"],"picked":"Inserter"}],"items_purged_floors":[],"is_endless":false,"potions_floor_spawned":[1,5,13,19,20],"killed_by":"Colosseum Nobs","ascension_level":1}