{"gold_per_floor":[118,118,132,148,166,193,193,220,220,235,247,260,260,273,273,373,373,298],"floor_reached":18,"playtime":2018,"items_purged":[],"score":185,"play_id":"a15b2fd9-c350-46ed-95ce-0e0aa0b1e3d3","local_time":"20190120193811","is_ascension_mode":true,"campfire_choices":[{"data":"Neutralize","floor":7,"key":"SMITH"},{"floor":13,"key":"REST"},{"floor":15,"key":"REST"}],"neow_cost":"NONE","seed_source_timestamp":947570908362161,"circlet_count":0,"master_deck":["Defend_G","Defend_G","Defend_G","Defend_G","Defend_G","Strike_G","Strike_G","Survivor","Neutralize+1","Quick Slash","Backflip","Dagger Spray","Flying Knee","Heel Hook","Wraith Form v2","Infinite Blades","Venomology","Blur","Infinite Blades","Envenom","Night Terror+1","Burst+1","Burst+1"],"relics":["Orrery","The Courier","Strawberry","Astrolabe"],"potions_floor_usage":[11,11,12,12,12,12,14,16,16,18,18],"damage_taken":[{"damage":0,"enemies":"2 Louse","floor":1,"turns":3},{"damage":9,"enemies":"Cultist","floor":3,"turns":4},{"damage":0,"enemies":"Small Slimes","floor":4,"turns":3},{"damage":4,"enemies":"Looter","floor":5,"turns":4},{"damage":15,"enemies":"3 Sentries","floor":6,"turns":9},{"damage":25,"enemies":"Lagavulin","floor":8,"turns":8},{"damage":22,"enemies":"Exordium Wildlife","floor":10,"turns":7},{"damage":0,"enemies":"2 Fungi Beasts","floor":11,"turns":3},{"damage":1,"enemies":"Blue Slaver","floor":12,"turns":4},{"damage":11,"enemies":"Exordium Thugs","floor":14,"turns":4},{"damage":8,"enemies":"Hexaghost","floor":16,"turns":11},{"damage":20,"enemies":"2 Thieves","floor":18,"turns":5}],"seed_played":"7313569146647507712","potions_obtained":[{"floor":8,"key":"LiquidBronze"},{"floor":10,"key":"LiquidBronze"},{"floor":11,"key":"GamblersBrew"},{"floor":16,"key":"Weak Potion"}],"is_trial":false,"path_per_floor":["M","?","M","M","M","E","R","E","T","M","M","M","R","M","R","B",null,"M"],"character_chosen":"THE_SILENT","items_purchased":[],"campfire_rested":2,"item_purchase_floors":[],"current_hp_per_floor":[70,70,61,61,57,42,42,24,24,2,2,1,24,13,36,28,77,57],"gold":298,"neow_bonus":"BOSS_RELIC","is_prod":false,"is_daily":false,"chose_seed":false,"campfire_upgraded":1,"win_rate":0,"timestamp":1548034691,"path_taken":["M","?","M","?","M","E","R","E","T","M","M","M","R","M","R","BOSS","M"],"build_version":"2019-01-17v2","purchased_purges":0,"victory":false,"max_hp_per_floor":[70,70,70,70,70,70,70,77,77,77,77,77,77,77,77,77,77,77],"card_choices":[{"not_picked":["Outmaneuver","Flying Knee"],"picked":"Quick Slash","floor":0},{"not_picked":["Acrobatics","Poisoned Stab"],"picked":"Backflip","floor":0},{"not_picked":["Bane","Riddle With Holes"],"picked":"Dagger Spray","floor":0},{"not_picked":["Finisher","Poisoned Stab"],"picked":"Flying Knee","floor":0},{"not_picked":["Dash","Choke"],"picked":"Heel Hook","floor":0},{"not_picked":["Acrobatics","Deadly Poison","PiercingWail"],"picked":"SKIP","floor":1},{"not_picked":["Leg Sweep","Choke","Underhanded Strike"],"picked":"SKIP","floor":3},{"not_picked":["Caltrops","Acrobatics"],"picked":"Infinite Blades","floor":4},{"not_picked":["Outmaneuver","Backstab","Glass Knife"],"picked":"SKIP","floor":5},{"not_picked":["Crippling Poison","Sucker Punch"],"picked":"Venomology","floor":6},{"not_picked":["Concentrate","Deflect","Finisher"],"picked":"SKIP","floor":8},{"not_picked":["Backflip","Endless Agony","Predator"],"picked":"SKIP","floor":10},{"not_picked":["Deadly Poison","Slice","Underhanded Strike"],"picked":"SKIP","floor":11},{"not_picked":["Prepared","Acrobatics"],"picked":"Blur","floor":12},{"not_picked":["Underhanded Strike","Sucker Punch"],"picked":"Infinite Blades","floor":14},{"not_picked":["Storm of Steel","Venomology"],"picked":"Envenom","floor":16}],"player_experience":267341,"relics_obtained":[{"floor":6,"key":"The Courier"},{"floor":8,"key":"Strawberry"}],"event_choices":[{"damage_healed":0,"gold_gain":0,"player_choice":"1 cards matched","damage_taken":0,"max_hp_gain":0,"max_hp_loss":0,"event_name":"Match and Keep!","floor":2,"gold_loss":0,"cards_obtained":["Wraith Form v2"]}],"is_beta":false,"boss_relics":[{"not_picked":["Black Star","Snecko Eye"],"picked":"Astrolabe"}],"items_purged_floors":[],"is_endless":false,"potions_floor_spawned":[8,10,11,16],"killed_by":"2 Thieves","ascension_level":1}