{"gold_per_floor":[109,122,122,135,119,153,153,181,261,261],"floor_reached":10,"playtime":537,"items_purged":[],"score":137,"play_id":"6e822539-a984-47c3-a4e3-468867ca09f2","local_time":"20190109000017","is_ascension_mode":true,"campfire_choices":[{"floor":7,"key":"REST"}],"neow_cost":"NONE","seed_source_timestamp":1733949473725817,"circlet_count":0,"master_deck":["AscendersBane","Strike_R","Strike_R","Strike_R","Strike_R","Strike_R","Defend_R","Defend_R","Defend_R","Defend_R","Bash","Shrug It Off","Corruption","Ghostly Armor","Headbutt","Dropkick"],"relics":["Burning Blood","Bag of Marbles","Ice Cream","Omamori","Question Card"],"potions_floor_usage":[4],"damage_taken":[{"damage":9,"enemies":"2 Louse","floor":1,"turns":4},{"damage":7,"enemies":"Jaw Worm","floor":2,"turns":3},{"damage":4,"enemies":"Small Slimes","floor":4,"turns":3},{"damage":2,"enemies":"Exordium Thugs","floor":5,"turns":4},{"damage":36,"enemies":"Gremlin Nob","floor":6,"turns":5},{"damage":49,"enemies":"Lagavulin","floor":8,"turns":7},{"damage":11,"enemies":"Blue Slaver","floor":10,"turns":2}],"seed_played":"-8648152240529302073","potions_obtained":[{"floor":2,"key":"BloodPotion"},{"floor":5,"key":"FearPotion"}],"is_trial":false,"path_per_floor":["M","M","?","M","M","E","R","E","T","M"],"character_chosen":"IRONCLAD","items_purchased":[],"campfire_rested":1,"item_purchase_floors":[],"current_hp_per_floor":[72,71,45,55,59,29,53,10,10,0],"gold":261,"neow_bonus":"TEN_PERCENT_HP_BONUS","is_prod":false,"is_daily":false,"chose_seed":false,"campfire_upgraded":0,"win_rate":0,"timestamp":1546992017,"path_taken":["M","M","?","M","M","E","R","E","T","M"],"build_version":"2019-01-03v4","purchased_purges":0,"victory":false,"max_hp_per_floor":[82,82,82,82,82,82,82,82,82,82],"card_choices":[{"not_picked":["Sword Boomerang","Intimidate"],"picked":"Shrug It Off","floor":1},{"not_picked":["Armaments","Clothesline"],"picked":"Corruption","floor":2},{"not_picked":["Perfected Strike","Warcry"],"picked":"Ghostly Armor","floor":4},{"not_picked":["Combust","Iron Wave"],"picked":"Headbutt","floor":5},{"not_picked":["Intimidate","Thunderclap"],"picked":"Dropkick","floor":6},{"not_picked":["Warcry","Second Wind","Armaments"],"picked":"SKIP","floor":8}],"player_experience":1154298,"relics_obtained":[{"floor":6,"key":"Ice Cream"},{"floor":8,"key":"Omamori"},{"floor":9,"key":"Question Card"}],"event_choices":[{"damage_healed":0,"gold_gain":0,"player_choice":"Success","damage_taken":26,"relics_obtained":["Bag of Marbles"],"max_hp_gain":0,"max_hp_loss":0,"event_name":"Scrap Ooze","floor":3,"gold_loss":0}],"is_beta":false,"boss_relics":[],"items_purged_floors":[],"is_endless":false,"potions_floor_spawned":[2,5],"killed_by":"Blue Slaver","ascension_level":15}