{"gold_per_floor":[215,215,231,243,262,262,288,317,368,380,409,421,452,483,495,507],"floor_reached":16,"playtime":1305,"items_purged":[],"score":104,"play_id":"068d7f55-6b1e-4a7a-b624-45a83f94c3ca","local_time":"20181213210730","is_ascension_mode":false,"campfire_choices":[{"data":"Adrenaline","floor":6,"key":"SMITH"},{"floor":10,"key":"REST"},{"floor":15,"key":"REST"}],"neow_cost":"NONE","seed_source_timestamp":219404812370043,"circlet_count":0,"master_deck":["Defend_G","Defend_G","Defend_G","Defend_G","Strike_G","Strike_G","Strike_G","Strike_G","Strike_G","Survivor","Neutralize","Dagger Spray","Adrenaline+1","Slice","Setup","Leg Sweep","Crippling Poison+1","Endless Agony","Backflip","Dagger Spray","Night Terror"],"relics":["Ring of the Snake","Dodecahedron","Odd Mushroom","MawBank"],"potions_floor_usage":[5,5,14,14,16],"damage_taken":[{"damage":0,"enemies":"Small Slimes","floor":1,"turns":6},{"damage":0,"enemies":"2 Louse","floor":3,"turns":2},{"damage":0,"enemies":"Cultist","floor":4,"turns":3},{"damage":10,"enemies":"Exordium Thugs","floor":5,"turns":3},{"damage":31,"enemies":"Lagavulin","floor":7,"turns":10},{"damage":10,"enemies":"The Mushroom Lair","floor":8,"turns":5},{"damage":0,"enemies":"3 Louse","floor":11,"turns":2},{"damage":2,"enemies":"Looter","floor":13,"turns":3},{"damage":0,"enemies":"Exordium Thugs","floor":14,"turns":2},{"damage":63,"enemies":"The Guardian","floor":16,"turns":17}],"seed_played":"241101694306994405","potions_obtained":[{"floor":3,"key":"PowerPotion"},{"floor":4,"key":"LiquidBronze"},{"floor":8,"key":"AttackPotion"},{"floor":11,"key":"Fire Potion"},{"floor":14,"key":"Energy Potion"}],"is_trial":false,"path_per_floor":["M","?","M","M","M","R","E","?","T","R","M","?","M","M","R","B"],"character_chosen":"THE_SILENT","items_purchased":[],"campfire_rested":2,"item_purchase_floors":[],"current_hp_per_floor":[70,70,70,70,60,60,29,19,19,40,40,40,38,38,59,0],"gold":507,"neow_bonus":"HUNDRED_GOLD","is_prod":false,"is_daily":false,"chose_seed":false,"campfire_upgraded":1,"win_rate":0,"timestamp":1544735250,"path_taken":["M","?","M","M","M","R","E","?","T","R","M","?","?","M","R","BOSS"],"build_version":"2018-12-06","purchased_purges":0,"victory":false,"max_hp_per_floor":[70,70,70,70,70,70,70,70,70,70,70,70,70,70,70,70],"card_choices":[{"not_picked":["Reflex","Eviscerate"],"picked":"Dagger Spray","floor":1},{"not_picked":["Prepared","Well Laid Plans"],"picked":"Slice","floor":3},{"not_picked":["Outmaneuver","Sucker Punch"],"picked":"Setup","floor":4},{"not_picked":["PiercingWail","Caltrops"],"picked":"Leg Sweep","floor":5},{"not_picked":["Sucker Punch","PiercingWail"],"picked":"Crippling Poison","floor":7},{"not_picked":["Acrobatics","Outmaneuver"],"picked":"Endless Agony","floor":8},{"not_picked":["Dagger Throw","Underhanded Strike"],"picked":"Backflip","floor":11},{"not_picked":["Outmaneuver","Predator"],"picked":"Dagger Spray","floor":13},{"not_picked":["Sucker Punch","Quick Slash"],"picked":"Night Terror","floor":14}],"player_experience":213911,"relics_obtained":[{"floor":7,"key":"Dodecahedron"},{"floor":8,"key":"Odd Mushroom"},{"floor":9,"key":"MawBank"}],"event_choices":[{"damage_healed":0,"gold_gain":0,"cards_transformed":["Defend_G"],"player_choice":"Change","damage_taken":0,"max_hp_gain":0,"max_hp_loss":0,"event_name":"Living Wall","floor":2,"gold_loss":0,"cards_obtained":["Adrenaline"]},{"damage_healed":0,"gold_gain":0,"player_choice":"Fought Mushrooms","damage_taken":0,"max_hp_gain":0,"max_hp_loss":0,"event_name":"Mushrooms","floor":8,"gold_loss":0},{"damage_healed":0,"gold_gain":0,"player_choice":"Forge","damage_taken":0,"max_hp_gain":0,"max_hp_loss":0,"event_name":"Accursed Blacksmith","floor":12,"gold_loss":0,"cards_upgraded":["Crippling Poison"]}],"is_beta":false,"boss_relics":[],"items_purged_floors":[],"is_endless":false,"potions_floor_spawned":[3,4,8,11,14],"killed_by":"The Guardian","ascension_level":0}