{"gold_per_floor":[114,126,142,159,124,124,124,138,138,153,34,34,34,65,65,136,136,146,146,146,156,156,156,183,183,183,200,200,200,212,232,232,310,310,325,325,51,67,67,67,85,85,164,181,200,200,75,92,92,92],"floor_reached":51,"playtime":3819,"items_purged":["Defend_R","Strike_R","Strike_R"],"score":1319,"play_id":"fc2bf86a-5c05-4d0b-b775-493ff62e3921","local_time":"20180907132838","is_ascension_mode":true,"campfire_choices":[{"data":"Heavy Blade","floor":6,"key":"SMITH"},{"data":"Uppercut","floor":12,"key":"SMITH"},{"floor":15,"key":"REST"},{"data":"Double Tap","floor":23,"key":"SMITH"},{"data":"Spot Weakness","floor":25,"key":"SMITH"},{"data":"J.A.X.","floor":29,"key":"SMITH"},{"data":"Inflame","floor":32,"key":"SMITH"},{"data":"Battle Trance","floor":40,"key":"SMITH"},{"data":"Bludgeon","floor":42,"key":"SMITH"},{"data":"Disarm","floor":46,"key":"SMITH"},{"data":"Disarm","floor":49,"key":"SMITH"}],"neow_cost":"NONE","seed_source_timestamp":1484241246781939,"circlet_count":0,"master_deck":["Strike_R","Strike_R","Strike_R","Defend_R","Defend_R","Defend_R","Bash","AscendersBane","Impervious","Hemokinesis","Spot Weakness+1","Heavy Blade+1","Twin Strike","Bludgeon+1","Clash","Uppercut+1","Double Tap+1","Reaper+1","Inflame+1","J.A.X.+1","Thunderclap+1","Reaper+1","True Grit+1","Clash+1","Headbutt+1","Whirlwind+1","Limit Break+1","Headbutt+1","Flash of Steel+1","Battle Trance+1","Flame Barrier+1","Disarm+1","Disarm+1"],"relics":["Burning Blood","Shuriken","Molten Egg 2","Coffee Dripper","Red Skull","Mercury Hourglass","Sozu","Blue Candle"],"potions_floor_usage":[16,24,27],"damage_taken":[{"damage":7,"enemies":"Cultist","floor":1,"turns":4},{"damage":4,"enemies":"2 Louse","floor":2,"turns":3},{"damage":12,"enemies":"Jaw Worm","floor":3,"turns":5},{"damage":22,"enemies":"Large Slime","floor":4,"turns":7},{"damage":4,"enemies":"2 Fungi Beasts","floor":8,"turns":3},{"damage":24,"enemies":"Exordium Thugs","floor":10,"turns":5},{"damage":33,"enemies":"Lagavulin","floor":14,"turns":6},{"damage":3,"enemies":"Slime Boss","floor":16,"turns":5},{"damage":9,"enemies":"Chosen","floor":18,"turns":3},{"damage":22,"enemies":"Shell Parasite","floor":21,"turns":4},{"damage":38,"enemies":"Gremlin Leader","floor":24,"turns":6},{"damage":40,"enemies":"3 Cultists","floor":27,"turns":4},{"damage":19,"enemies":"Centurion and Healer","floor":30,"turns":6},{"damage":39,"enemies":"Shelled Parasite and Fungi","floor":31,"turns":5},{"damage":30,"enemies":"Collector","floor":33,"turns":6},{"damage":0,"enemies":"Orb Walker","floor":35,"turns":1},{"damage":11,"enemies":"3 Shapes","floor":38,"turns":6},{"damage":3,"enemies":"Transient","floor":41,"turns":6},{"damage":36,"enemies":"Spire Growth","floor":44,"turns":4},{"damage":25,"enemies":"Sphere and 2 Shapes","floor":45,"turns":6},{"damage":30,"enemies":"Maw","floor":48,"turns":5},{"damage":45,"enemies":"Awakened One","floor":50,"turns":6}],"seed_played":"-3493416273789114804","potions_obtained":[{"floor":1,"key":"Ancient Potion"},{"floor":4,"key":"Energy Potion"},{"floor":8,"key":"Dexterity Potion"},{"floor":16,"key":"Strength Potion"},{"floor":21,"key":"FairyPotion"},{"floor":24,"key":"SteroidPotion"},{"floor":27,"key":"BloodPotion"}],"is_trial":false,"path_per_floor":["M","M","M","M","?","R","?","M","T","M","$","R","$","E","R","B",null,"M","?","?","M","?","R","E","R","T","M","?","R","M","M","R","B",null,"M","?","$","M","?","R","M","R","T","M","M","R","$","M","R","B"],"character_chosen":"IRONCLAD","items_purchased":["Uppercut","Headbutt+1","Flash of Steel+1"],"campfire_rested":1,"item_purchase_floors":[11,37,37],"current_hp_per_floor":[67,69,63,47,65,65,70,72,72,54,54,54,54,27,51,54,74,71,71,48,32,32,32,74,74,74,62,62,62,65,58,58,85,85,85,85,85,80,80,80,85,85,85,73,66,66,66,66,66,46],"gold":92,"neow_bonus":"ONE_RANDOM_RARE_CARD","is_prod":false,"is_daily":false,"chose_seed":false,"campfire_upgraded":10,"win_rate":0,"timestamp":1536341318,"path_taken":["M","M","M","M","?","R","?","M","T","M","$","R","$","E","R","BOSS","M","?","?","M","?","R","E","R","T","M","?","R","M","?","R","BOSS","M","?","$","M","?","R","M","R","T","?","M","R","$","M","R","BOSS"],"build_version":"2018-09-06","purchased_purges":3,"victory":true,"max_hp_per_floor":[75,75,75,75,75,75,80,80,80,80,80,80,80,80,80,80,80,80,80,85,85,85,85,85,85,85,85,85,85,85,85,85,85,85,85,85,85,85,85,85,85,85,85,85,85,85,85,85,85,85],"card_choices":[{"not_picked":["Headbutt","Pommel Strike"],"picked":"Hemokinesis","floor":1},{"not_picked":["Havoc","Body Slam"],"picked":"Spot Weakness","floor":2},{"not_picked":["Fire Breathing","Evolve"],"picked":"Heavy Blade","floor":3},{"not_picked":["Warcry","Wild Strike"],"picked":"Twin Strike","floor":4},{"not_picked":["Burning Pact","Havoc"],"picked":"Bludgeon","floor":8},{"not_picked":["Flex","Perfected Strike"],"picked":"Clash","floor":10},{"not_picked":["Rage","Sword Boomerang"],"picked":"Double Tap","floor":14},{"not_picked":["Barricade","Berserk"],"picked":"Reaper+1","floor":16},{"not_picked":["Uppercut+1","Body Slam+1"],"picked":"Inflame","floor":18},{"not_picked":["Twin Strike+1","Anger+1"],"picked":"Thunderclap+1","floor":21},{"not_picked":["Dark Embrace","Reckless Charge+1"],"picked":"True Grit+1","floor":24},{"not_picked":["Twin Strike+1","Burning Pact"],"picked":"Clash+1","floor":27},{"not_picked":["Flex","Clash+1"],"picked":"Headbutt+1","floor":30},{"not_picked":["Warcry","Infernal Blade"],"picked":"Whirlwind+1","floor":31},{"not_picked":["Demon Form","Bludgeon+1"],"picked":"Limit Break","floor":33},{"not_picked":["Cleave+1","Iron Wave+1","Flex"],"picked":"SKIP","floor":35},{"not_picked":["Power Through+1","Twin Strike+1"],"picked":"Battle Trance","floor":38},{"not_picked":["Blood for Blood+1","Cleave+1","Clothesline+1"],"picked":"SKIP","floor":41},{"not_picked":["Spot Weakness","Bloodletting"],"picked":"Flame Barrier+1","floor":44},{"not_picked":["Dual Wield","Combust+1"],"picked":"Disarm","floor":45},{"not_picked":["Sentinel+1","Searing Blow+1"],"picked":"Disarm","floor":48}],"player_experience":2674698,"relics_obtained":[{"floor":9,"key":"Shuriken"},{"floor":14,"key":"Molten Egg 2"},{"floor":24,"key":"Red Skull"},{"floor":26,"key":"Mercury Hourglass"},{"floor":43,"key":"Blue Candle"}],"event_choices":[{"event_name":"The Cleric","player_choice":"Healed","floor":5,"damage_taken":0},{"event_name":"Big Fish","player_choice":"Donut","floor":7,"damage_taken":0},{"event_name":"Drug Dealer","player_choice":"Got JAX","floor":19,"damage_taken":0},{"event_name":"Forgotten Altar","player_choice":"Shed Blood","floor":20,"damage_taken":0},{"event_name":"Duplicator","player_choice":"One dupe","floor":22,"damage_taken":0},{"event_name":"Ghosts","player_choice":"Ignored","floor":28,"damage_taken":0},{"event_name":"Upgrade Shrine","player_choice":"Upgraded","floor":36,"damage_taken":0},{"event_name":"Mysterious Sphere","player_choice":"Ignore","floor":39,"damage_taken":0}],"is_beta":false,"boss_relics":[{"not_picked":["Philosopher\u0027s Stone","Runic Pyramid"],"picked":"Coffee Dripper"},{"not_picked":["Eternal Feather","Lizard Tail"],"picked":"Sozu"}],"items_purged_floors":[11,37,47],"is_endless":false,"potions_floor_spawned":[1,4,8,16,21,24,27,38,45,48],"ascension_level":18}