{"gold_per_floor":[110,126,137,69,83,118,43,53,102,102,117,117,149,166,166,166],"floor_reached":16,"playtime":920,"items_purged":["Strike_G"],"score":114,"play_id":"9fc5a9a4-dc04-4393-82d8-8ba3c90eb395","local_time":"20190211144920","is_ascension_mode":false,"campfire_choices":[{"floor":12,"key":"REST"},{"data":"Catalyst","floor":15,"key":"SMITH"}],"neow_cost":"NONE","seed_source_timestamp":12533544634495,"circlet_count":0,"master_deck":["Defend_G","Defend_G","Defend_G","Defend_G","Defend_G","Strike_G+1","Strike_G","Strike_G","Strike_G+1","Survivor","Neutralize","Blur","Blade Dance","Deadly Poison","Dagger Throw","Finisher","Infinite Blades","Dodge and Roll","Catalyst","Catalyst+1","Crippling Poison","Well Laid Plans"],"relics":["Ring of the Snake","Art of War","Dream Catcher","Meat on the Bone"],"potions_floor_usage":[6,13,16],"damage_taken":[{"damage":0,"enemies":"Cultist","floor":1,"turns":5},{"damage":4,"enemies":"Jaw Worm","floor":2,"turns":5},{"damage":0,"enemies":"Small Slimes","floor":3,"turns":5},{"damage":5,"enemies":"Looter","floor":5,"turns":3},{"damage":12,"enemies":"3 Sentries","floor":6,"turns":4},{"damage":5,"enemies":"Exordium Thugs","floor":8,"turns":5},{"damage":0,"enemies":"Blue Slaver","floor":11,"turns":6},{"damage":12,"enemies":"Lagavulin","floor":13,"turns":6},{"damage":8,"enemies":"Lots of Slimes","floor":14,"turns":3},{"damage":48,"enemies":"Slime Boss","floor":16,"turns":11}],"seed_played":"-2037844523516642298","potions_obtained":[{"floor":1,"key":"SkillPotion"},{"floor":2,"key":"Ancient Potion"},{"floor":14,"key":"Swift Potion"}],"is_trial":false,"path_per_floor":["M","M","M","$","M","E","$","M","T","?","M","R","E","M","R","B"],"character_chosen":"THE_SILENT","items_purchased":["Finisher"],"campfire_rested":1,"item_purchase_floors":[4],"current_hp_per_floor":[70,66,66,66,61,49,49,44,44,30,30,51,39,43,43,0],"gold":166,"neow_bonus":"THREE_CARDS","is_prod":false,"is_daily":false,"chose_seed":false,"campfire_upgraded":1,"win_rate":0,"timestamp":1549892960,"path_taken":["M","M","?","?","M","E","$","M","T","?","M","R","E","M","R","BOSS"],"build_version":"2019-01-23","purchased_purges":1,"victory":false,"max_hp_per_floor":[70,70,70,70,70,70,70,70,70,70,70,70,70,70,70,70],"card_choices":[{"not_picked":["Flying Knee","Flechettes"],"picked":"Blur","floor":0},{"not_picked":["Caltrops","Acrobatics"],"picked":"Blade Dance","floor":1},{"not_picked":["Sucker Punch","All Out Attack"],"picked":"Deadly Poison","floor":2},{"not_picked":["Prepared","Deflect"],"picked":"Dagger Throw","floor":3},{"not_picked":["Distraction","Crippling Poison"],"picked":"Infinite Blades","floor":5},{"not_picked":["Sucker Punch","PiercingWail"],"picked":"Dodge and Roll","floor":6},{"not_picked":["Underhanded Strike","Sucker Punch"],"picked":"Catalyst","floor":8},{"not_picked":["Dagger Spray","Backflip"],"picked":"Catalyst","floor":11},{"not_picked":["Venomology","Accuracy"],"picked":"Crippling Poison","floor":12},{"not_picked":["Quick Slash","Backflip"],"picked":"Well Laid Plans","floor":13},{"not_picked":["Predator","Well Laid Plans","Bane"],"picked":"SKIP","floor":14}],"player_experience":124610,"relics_obtained":[{"floor":6,"key":"Art of War"},{"floor":9,"key":"Dream Catcher"},{"floor":13,"key":"Meat on the Bone"}],"event_choices":[{"damage_healed":0,"gold_gain":0,"player_choice":"Entered Light","damage_taken":14,"max_hp_gain":0,"max_hp_loss":0,"event_name":"Shining Light","floor":10,"gold_loss":0,"cards_upgraded":["Strike_G","Strike_G"]}],"is_beta":false,"boss_relics":[],"items_purged_floors":[7],"is_endless":false,"potions_floor_spawned":[1,2,14],"killed_by":"Slime Boss","ascension_level":0}