{"gold_per_floor":[118,118,133,233,250,250,276,276,301,301,312,33,33,44,44,149,149,165,165,180,26,26,26,36,36,84,94,124,49,66,17,17,117,117,135,135,135,35,51,51,66,66,119,119,138,149,175,201,201,201],"floor_reached":51,"playtime":2991,"items_purged":["Strike_R","Sever Soul"],"score":895,"play_id":"92cb642f-2a79-4a44-9124-933ad7f62aa1","local_time":"20190201150255","is_ascension_mode":true,"campfire_choices":[{"data":"Bash","floor":6,"key":"SMITH"},{"data":"Shrug It Off","floor":8,"key":"SMITH"},{"data":"Carnage","floor":10,"key":"SMITH"},{"data":"Battle Trance","floor":15,"key":"SMITH"},{"data":"Clothesline","floor":23,"key":"SMITH"},{"data":"Defend_R","floor":25,"key":"SMITH"},{"data":"Defend_R","floor":32,"key":"SMITH"},{"data":"Defend_R","floor":40,"key":"SMITH"},{"data":"Brutality","floor":42,"key":"SMITH"},{"floor":49,"key":"REST"}],"neow_cost":"NONE","seed_source_timestamp":18817697593575,"circlet_count":0,"master_deck":["Defend_R+1","Defend_R+1","Defend_R+1","Bash+1","Carnage+1","Battle Trance+1","Shrug It Off+1","Spot Weakness+1","Flex+1","Brutality+1","Clothesline+1","Shockwave+1","Reaper","True Grit+1","Shrug It Off+1","Limit Break+1","Panacea+1","Sentinel+1"],"relics":["Burning Blood","NeowsBlessing","Art of War","Bag of Marbles","Toxic Egg 2","Sozu","Orichalcum","Red Mask","Velvet Choker","Potion Belt","Pocketwatch","Juzu Bracelet"],"potions_floor_usage":[7,7,16,50],"damage_taken":[{"damage":0,"enemies":"Jaw Worm","floor":1,"turns":1},{"damage":0,"enemies":"Small Slimes","floor":3,"turns":1},{"damage":0,"enemies":"Cultist","floor":5,"turns":1},{"damage":35,"enemies":"Lagavulin","floor":7,"turns":4},{"damage":0,"enemies":"Large Slime","floor":11,"turns":2},{"damage":3,"enemies":"3 Louse","floor":14,"turns":3},{"damage":24,"enemies":"The Guardian","floor":16,"turns":9},{"damage":12,"enemies":"Spheric Guardian","floor":18,"turns":3},{"damage":13,"enemies":"3 Byrds","floor":20,"turns":6},{"damage":17,"enemies":"Shelled Parasite and Fungi","floor":24,"turns":4},{"damage":3,"enemies":"Snecko","floor":27,"turns":3},{"damage":22,"enemies":"Masked Bandits","floor":28,"turns":4},{"damage":4,"enemies":"3 Cultists","floor":30,"turns":4},{"damage":38,"enemies":"Champ","floor":33,"turns":13},{"damage":3,"enemies":"Orb Walker","floor":35,"turns":2},{"damage":15,"enemies":"3 Darklings","floor":39,"turns":5},{"damage":3,"enemies":"Maw","floor":41,"turns":5},{"damage":39,"enemies":"4 Shapes","floor":45,"turns":4},{"damage":7,"enemies":"Sphere and 2 Shapes","floor":46,"turns":5},{"damage":64,"enemies":"Reptomancer","floor":47,"turns":5},{"damage":35,"enemies":"Donu and Deca","floor":50,"turns":8}],"seed_played":"-5119185067157216947","potions_obtained":[{"floor":1,"key":"AttackPotion"},{"floor":3,"key":"EssenceOfSteel"},{"floor":5,"key":"PowerPotion"},{"floor":14,"key":"Swift Potion"}],"is_trial":false,"path_per_floor":["M","?","M","?","M","R","E","R","T","R","M","$","?","M","R","B",null,"M","?","M","$","?","R","M","R","T","M","?","$","M","$","R","B",null,"M","?","?","$","M","R","M","R","T","?","M","M","E","T","R","B",null],"character_chosen":"IRONCLAD","items_purchased":["Toxic Egg 2","Spot Weakness+1","Reaper","Shrug It Off+1"],"campfire_rested":1,"item_purchase_floors":[12,12,21,31],"current_hp_per_floor":[78,78,80,80,80,80,51,51,51,51,57,57,50,53,53,35,69,63,63,56,56,41,41,42,42,42,45,47,47,85,85,85,53,77,80,80,80,80,85,85,85,85,85,85,85,85,74,74,85,85],"gold":201,"neow_bonus":"THREE_ENEMY_KILL","is_prod":false,"is_daily":false,"chose_seed":false,"campfire_upgraded":9,"win_rate":0,"timestamp":1549000975,"path_taken":["M","?","M","?","?","R","E","R","T","R","M","$","?","M","R","BOSS","M","?","M","?","?","R","M","R","T","M","?","$","?","$","R","BOSS","M","?","?","$","?","R","M","R","T","?","?","M","E","?","R","BOSS"],"build_version":"2019-01-23","purchased_purges":2,"victory":true,"max_hp_per_floor":[80,80,80,80,80,80,80,80,80,80,80,80,80,80,80,80,80,80,80,80,80,85,85,85,85,85,85,85,85,85,85,85,85,85,85,85,85,85,85,85,85,85,85,85,85,85,85,85,85,85],"card_choices":[{"not_picked":["Shockwave","Armaments","Havoc"],"picked":"SKIP","floor":1},{"not_picked":["Warcry","Seeing Red"],"picked":"Carnage","floor":3},{"not_picked":["Armaments","Disarm"],"picked":"Battle Trance","floor":5},{"not_picked":["Sever Soul","Searing Blow"],"picked":"Shrug It Off","floor":7},{"not_picked":["Clash","Sword Boomerang","Blood for Blood"],"picked":"SKIP","floor":11},{"not_picked":["Twin Strike","Juggernaut"],"picked":"Flex+1","floor":14},{"not_picked":["Juggernaut","Feed"],"picked":"Brutality","floor":16},{"not_picked":["Havoc+1","Feel No Pain","Body Slam"],"picked":"SKIP","floor":18},{"not_picked":["Rage+1","Body Slam+1"],"picked":"Shockwave+1","floor":20},{"not_picked":["Second Wind+1","Body Slam","Carnage"],"picked":"SKIP","floor":24},{"not_picked":["Dual Wield+1","Thunderclap","Cleave"],"picked":"SKIP","floor":27},{"not_picked":["Pommel Strike","Hemokinesis"],"picked":"True Grit+1","floor":30},{"not_picked":["Feed","Fiend Fire"],"picked":"Limit Break+1","floor":33},{"not_picked":["Clash+1","Sword Boomerang+1","Uppercut+1"],"picked":"SKIP","floor":35},{"not_picked":["Good Instincts+1","Finesse+1"],"picked":"Panacea+1","floor":36},{"not_picked":["Rupture","True Grit+1","Searing Blow"],"picked":"SKIP","floor":39},{"not_picked":["Clothesline+1","Rupture","Wild Strike+1"],"picked":"SKIP","floor":41},{"not_picked":["Sentinel+1","Seeing Red+1","Uppercut"],"picked":"SKIP","floor":45},{"not_picked":["Havoc+1","Burning Pact+1","Inflame"],"picked":"SKIP","floor":46},{"not_picked":["Exhume+1","Iron Wave","Seeing Red+1"],"picked":"SKIP","floor":47}],"player_experience":142463,"relics_obtained":[{"floor":7,"key":"Art of War"},{"floor":9,"key":"Bag of Marbles"},{"floor":26,"key":"Orichalcum"},{"floor":28,"key":"Red Mask"},{"floor":43,"key":"Potion Belt"},{"floor":47,"key":"Pocketwatch"},{"floor":48,"key":"Juzu Bracelet"}],"event_choices":[{"damage_healed":0,"gold_gain":0,"player_choice":"Ignored","damage_taken":0,"max_hp_gain":0,"max_hp_loss":0,"event_name":"Liars Game","floor":2,"gold_loss":0},{"damage_healed":0,"gold_gain":100,"player_choice":"Pray","damage_taken":0,"max_hp_gain":0,"max_hp_loss":0,"event_name":"Golden Shrine","floor":4,"gold_loss":0},{"cards_removed":["Strike_R"],"damage_healed":0,"gold_gain":0,"player_choice":"Card Removal","damage_taken":7,"max_hp_gain":0,"max_hp_loss":0,"event_name":"Golden Wing","floor":13,"gold_loss":0},{"damage_healed":0,"gold_gain":0,"cards_transformed":["Strike_R","Strike_R"],"player_choice":"Became Test Subject","damage_taken":0,"max_hp_gain":0,"max_hp_loss":0,"event_name":"Drug Dealer","floor":19,"gold_loss":0,"cards_obtained":["Sever Soul","Clothesline"]},{"damage_healed":0,"gold_gain":0,"player_choice":"Shed Blood","damage_taken":20,"max_hp_gain":5,"max_hp_loss":0,"event_name":"Forgotten Altar","floor":22,"gold_loss":0},{"damage_healed":0,"gold_gain":0,"player_choice":"Fought Bandits","damage_taken":0,"max_hp_gain":0,"max_hp_loss":0,"event_name":"Masked Bandits","floor":28,"gold_loss":0},{"damage_healed":0,"gold_gain":0,"player_choice":"Memory 1","damage_taken":0,"max_hp_gain":0,"max_hp_loss":0,"event_name":"SensoryStone","floor":36,"gold_loss":0},{"cards_removed":["Defend_R"],"damage_healed":0,"gold_gain":0,"player_choice":"Removed Skill","damage_taken":0,"max_hp_gain":0,"max_hp_loss":0,"event_name":"Falling","floor":37,"gold_loss":0},{"damage_healed":0,"gold_gain":0,"cards_transformed":["Strike_R"],"player_choice":"Transformed","damage_taken":0,"max_hp_gain":0,"max_hp_loss":0,"event_name":"Transmorgrifier","floor":44,"gold_loss":0,"cards_obtained":["Sentinel"]}],"is_beta":false,"boss_relics":[{"not_picked":["Tiny House","Philosopher\u0027s Stone"],"picked":"Sozu"},{"not_picked":["Cursed Key","Mark of Pain"],"picked":"Velvet Choker"}],"items_purged_floors":[29,38],"is_endless":false,"potions_floor_spawned":[1,3,5,14,18,27,35,45],"ascension_level":6}