{"gold_per_floor":[114,132,145,158,168,193,193,519,519,552,563,573,573,561,561,666,666,683,711,47,59,59],"floor_reached":22,"playtime":2547,"items_purged":["Strike_G"],"score":235,"play_id":"b6f57acf-b7f7-4bc1-a435-de7133cfacd6","local_time":"20180628004807","is_ascension_mode":false,"campfire_choices":[{"floor":7,"key":"REST"},{"floor":13,"key":"REST"},{"floor":15,"key":"REST"}],"neow_cost":"NONE","seed_source_timestamp":841929359664659,"circlet_count":0,"master_deck":["Defend_G","Defend_G","Defend_G","Defend_G","Defend_G","Strike_G","Strike_G","Strike_G","Strike_G","Survivor","Neutralize","Prepared","Expertise","Noxious Fumes","Slice","Deadly Poison","Caltrops","Tactician","Catalyst","Well Laid Plans","Bane","Dagger Throw","Venomology","Dagger Throw","Prepared+1","Distraction+1","Reflex+1"],"relics":["Black Star","Regal Pillow","Omamori","Old Coin","Gambling Chip","Shuriken","Gremlin Horn","Centennial Puzzle","Velvet Choker","Red Mask","Toxic Egg 2","Sundial"],"potions_floor_usage":[6,6,16,16,19,19,19,21,22,22],"damage_taken":[{"damage":1,"enemies":"Jaw Worm","floor":1,"turns":5},{"damage":5,"enemies":"2 Louse","floor":2,"turns":3},{"damage":1,"enemies":"Cultist","floor":3,"turns":5},{"damage":1,"enemies":"Red Slaver","floor":4,"turns":5},{"damage":21,"enemies":"Exordium Thugs","floor":5,"turns":5},{"damage":0,"enemies":"3 Sentries","floor":6,"turns":8},{"damage":23,"enemies":"Lagavulin","floor":8,"turns":8},{"damage":29,"enemies":"Gremlin Nob","floor":10,"turns":5},{"damage":2,"enemies":"Looter","floor":11,"turns":4},{"damage":2,"enemies":"Large Slime","floor":12,"turns":7},{"damage":7,"enemies":"Exordium Thugs","floor":14,"turns":4},{"damage":24,"enemies":"The Guardian","floor":16,"turns":8},{"damage":18,"enemies":"3 Byrds","floor":18,"turns":5},{"damage":23,"floor":19,"turns":5},{"damage":24,"enemies":"2 Thieves","floor":21,"turns":4},{"damage":13,"enemies":"Cultist and Chosen","floor":22,"turns":3}],"seed_played":"8540599718348143272","potions_obtained":[{"floor":3,"key":"Strength Potion"},{"floor":4,"key":"EssenceOfSteel"},{"floor":5,"key":"Block Potion"},{"floor":8,"key":"GamblersBrew"},{"floor":11,"key":"SteroidPotion"},{"floor":21,"key":"FearPotion"}],"is_trial":false,"path_per_floor":["M","M","M","M","M","E","R","E","T","E","M","M","R","M","R","B",null,"M","?","$","M"],"character_chosen":"THE_SILENT","items_purchased":["Toxic Egg 2","Sundial","Distraction"],"campfire_rested":3,"item_purchase_floors":[20,20,20],"current_hp_per_floor":[69,64,63,62,41,41,70,47,47,18,16,14,50,43,70,46,70,52,29,29,5,0],"gold":59,"neow_bonus":"BOSS_RELIC","is_prod":false,"is_daily":false,"chose_seed":false,"campfire_upgraded":0,"win_rate":0.0,"timestamp":1530161287,"path_taken":["M","M","M","M","M","E","R","E","T","E","M","M","R","M","R","BOSS","M","?","?","M","M"],"build_version":"2018-06-21v2","purchased_purges":1,"victory":false,"max_hp_per_floor":[70,70,70,70,70,70,70,70,70,70,70,70,70,70,70,70,70,70,70,70,70,70],"card_choices":[{"not_picked":["Backstab","Sucker Punch"],"picked":"Prepared","floor":1},{"not_picked":["Caltrops","Poisoned Stab"],"picked":"Expertise","floor":2},{"not_picked":["PiercingWail","Dodge and Roll"],"picked":"Noxious Fumes","floor":3},{"not_picked":["Dodge and Roll","Underhanded Strike"],"picked":"Slice","floor":4},{"not_picked":["Poisoned Stab","Reflex"],"picked":"Deadly Poison","floor":5},{"not_picked":["Acrobatics","Choke"],"picked":"Caltrops","floor":6},{"not_picked":["Glass Knife","Dagger Throw"],"picked":"Tactician","floor":8},{"not_picked":["Dagger Spray","Slice"],"picked":"Catalyst","floor":10},{"not_picked":["Skewer","Flying Knee"],"picked":"Well Laid Plans","floor":11},{"not_picked":["Dodge and Roll","PiercingWail"],"picked":"Bane","floor":12},{"not_picked":["Finisher","Dagger Spray"],"picked":"Dagger Throw","floor":14},{"not_picked":["Bullet Time","Doppelganger"],"picked":"Venomology","floor":16},{"not_picked":["Blur","Bane"],"picked":"Dagger Throw","floor":18},{"not_picked":["Dagger Throw","Bane"],"picked":"Prepared+1","floor":19},{"not_picked":["Sucker Punch","Quick Slash"],"picked":"Reflex+1","floor":21}],"player_experience":27617,"relics_obtained":[{"floor":6,"key":"Regal Pillow"},{"floor":6,"key":"Omamori"},{"floor":8,"key":"Old Coin"},{"floor":8,"key":"Gambling Chip"},{"floor":9,"key":"Shuriken"},{"floor":10,"key":"Gremlin Horn"},{"floor":10,"key":"Centennial Puzzle"},{"floor":19,"key":"Red Mask"}],"event_choices":[{"event_name":"Masked Bandits","player_choice":"Fought over 683 gold","floor":19,"damage_taken":0}],"boss_relics":[{"not_picked":["Ectoplasm","Philosopher\u0027s Stone"],"picked":"Velvet Choker"}],"items_purged_floors":[20],"is_endless":false,"potions_floor_spawned":[3,4,5,8,11,21],"killed_by":"Cultist and Chosen","ascension_level":0}