{"gold_per_floor":[360,371,382,162,172,198,198,224,224,238,238,252,102,122,122,122],"floor_reached":16,"playtime":1261,"items_purged":["Strike_R","Strike_R"],"score":194,"play_id":"cc71b28c-1033-4ae8-8eac-67703f4da50a","local_time":"20181205120150","is_ascension_mode":true,"campfire_choices":[{"floor":7,"key":"REST"},{"floor":11,"key":"REST"},{"floor":15,"key":"REST"}],"neow_cost":"TEN_PERCENT_HP_LOSS","seed_source_timestamp":391731803308429,"circlet_count":0,"master_deck":["AscendersBane","Strike_R","Strike_R","Strike_R","Defend_R","Defend_R","Defend_R","Defend_R","Bash","Clothesline","Armaments","Uppercut","Pummel","Flame Barrier","Whirlwind","Rampage","Metallicize","Flame Barrier","Anger","Cleave","Thunderclap"],"relics":["Burning Blood","Potion Belt","Gremlin Horn","Paper Frog"],"potions_floor_usage":[5,5,10,16],"damage_taken":[{"damage":11,"enemies":"Cultist","floor":1,"turns":4},{"damage":0,"enemies":"2 Louse","floor":2,"turns":3},{"damage":11,"enemies":"Jaw Worm","floor":3,"turns":4},{"damage":2,"enemies":"Red Slaver","floor":5,"turns":4},{"damage":43,"enemies":"3 Sentries","floor":6,"turns":7},{"damage":41,"enemies":"Lagavulin","floor":8,"turns":6},{"damage":6,"enemies":"Looter","floor":10,"turns":4},{"damage":13,"enemies":"Exordium Thugs","floor":12,"turns":7},{"damage":8,"enemies":"Gremlin Gang","floor":14,"turns":3},{"damage":54,"enemies":"The Guardian","floor":16,"turns":12}],"seed_played":"9127609658791446547","potions_obtained":[{"floor":2,"key":"SneckoOil"},{"floor":3,"key":"GamblersBrew"},{"floor":8,"key":"SkillPotion"},{"floor":12,"key":"Poison Potion"}],"is_trial":false,"path_per_floor":["M","M","M","$","M","E","R","E","T","M","R","M","$","M","R","B"],"character_chosen":"IRONCLAD","items_purchased":["Pummel","Flame Barrier","Cleave"],"campfire_rested":3,"item_purchase_floors":[4,4,13],"current_hp_per_floor":[63,68,63,63,67,30,50,15,15,15,35,28,28,26,46,0],"gold":122,"neow_bonus":"TWO_FIFTY_GOLD","is_prod":false,"is_daily":false,"chose_seed":false,"campfire_upgraded":0,"win_rate":0,"timestamp":1544011310,"path_taken":["M","M","M","$","M","E","R","E","T","M","R","M","?","M","R","BOSS"],"build_version":"2018-11-15","purchased_purges":2,"victory":false,"max_hp_per_floor":[68,68,68,68,68,68,68,68,68,68,68,68,68,68,68,68],"card_choices":[{"not_picked":["Flex","Warcry"],"picked":"Clothesline","floor":1},{"not_picked":["Wild Strike","Evolve"],"picked":"Armaments","floor":2},{"not_picked":["Armaments","Inflame"],"picked":"Uppercut","floor":3},{"not_picked":["Blood for Blood","Cleave"],"picked":"Whirlwind","floor":5},{"not_picked":["Clothesline","Exhume"],"picked":"Rampage","floor":6},{"not_picked":["Clothesline","Sword Boomerang"],"picked":"Metallicize","floor":8},{"not_picked":["Flex","Hemokinesis"],"picked":"Flame Barrier","floor":10},{"not_picked":["True Grit","Pommel Strike"],"picked":"Anger","floor":12},{"not_picked":["Cleave","Clash"],"picked":"Thunderclap","floor":14}],"player_experience":948587,"relics_obtained":[{"floor":6,"key":"Potion Belt"},{"floor":8,"key":"Gremlin Horn"},{"floor":9,"key":"Paper Frog"}],"event_choices":[],"is_beta":false,"boss_relics":[],"items_purged_floors":[4,13],"is_endless":false,"potions_floor_spawned":[2,3,8,12],"killed_by":"The Guardian","ascension_level":14}