{"gold_per_floor":[110,126,183,183,195,226,241,241,241,241,74,89,109,109],"floor_reached":14,"playtime":426,"items_purged":[],"score":138,"play_id":"2cbb95cc-28e3-42b6-9abb-34bf440db7e1","local_time":"20181215184030","is_ascension_mode":true,"campfire_choices":[{"data":"Forethought","floor":8,"key":"SMITH"},{"floor":10,"key":"REST"}],"neow_cost":"TEN_PERCENT_HP_LOSS","seed_source_timestamp":30349259694985,"circlet_count":0,"master_deck":["AscendersBane","Strike_R","Strike_R","Strike_R","Strike_R","Defend_R","Defend_R","Defend_R","Defend_R","Bash","Forethought+1","Thinking Ahead","Uppercut","Cleave","Inflame","Transmutation"],"relics":["Burning Blood","Blood Vial","Happy Flower"],"potions_floor_usage":[13,13],"damage_taken":[{"damage":10,"enemies":"Small Slimes","floor":1,"turns":4},{"damage":2,"enemies":"2 Louse","floor":2,"turns":3},{"damage":0,"enemies":"Cultist","floor":5,"turns":4},{"damage":50,"enemies":"3 Sentries","floor":6,"turns":10},{"damage":23,"enemies":"3 Louse","floor":7,"turns":3},{"damage":31,"enemies":"Exordium Thugs","floor":12,"turns":5},{"damage":13,"enemies":"Exordium Wildlife","floor":13,"turns":4},{"damage":23,"enemies":"Red Slaver","floor":14,"turns":2}],"seed_played":"6522483294690854594","potions_obtained":[{"floor":2,"key":"BloodPotion"},{"floor":7,"key":"Weak Potion"},{"floor":13,"key":"Ancient Potion"}],"is_trial":false,"path_per_floor":["M","M","?","?","M","E","M","R","T","R","$","M","M","M"],"character_chosen":"IRONCLAD","items_purchased":["Transmutation"],"campfire_rested":1,"item_purchase_floors":[11],"current_hp_per_floor":[68,72,72,72,72,28,13,13,13,34,34,11,13,0],"gold":109,"neow_bonus":"RANDOM_COLORLESS_2","is_prod":false,"is_daily":false,"chose_seed":false,"campfire_upgraded":1,"win_rate":0,"timestamp":1544917230,"path_taken":["M","M","?","?","M","E","M","R","T","R","$","M","M","?"],"build_version":"2018-12-13","purchased_purges":0,"victory":false,"max_hp_per_floor":[72,72,72,72,72,72,72,72,72,72,72,72,72,72],"card_choices":[{"not_picked":["Havoc","Bloodletting"],"picked":"Uppercut","floor":1},{"not_picked":["Disarm","Twin Strike"],"picked":"Cleave","floor":2},{"not_picked":["Flex","Body Slam","Dual Wield"],"picked":"SKIP","floor":5},{"not_picked":["Pommel Strike","Body Slam","Intimidate"],"picked":"SKIP","floor":6},{"not_picked":["Intimidate","True Grit"],"picked":"Inflame","floor":7},{"not_picked":["Dropkick","Rampage","Rupture"],"picked":"SKIP","floor":12},{"not_picked":["Reaper","Iron Wave","True Grit"],"picked":"SKIP","floor":13}],"player_experience":589127,"relics_obtained":[{"floor":6,"key":"Blood Vial"},{"floor":9,"key":"Happy Flower"}],"event_choices":[{"damage_healed":0,"gold_gain":57,"player_choice":"Gained Gold","damage_taken":0,"max_hp_gain":0,"max_hp_loss":0,"event_name":"Golden Wing","floor":3,"gold_loss":0},{"cards_removed":["Strike_R"],"damage_healed":0,"gold_gain":0,"player_choice":"Purged","damage_taken":0,"max_hp_gain":0,"max_hp_loss":0,"event_name":"Purifier","floor":4,"gold_loss":0}],"is_beta":true,"boss_relics":[],"items_purged_floors":[],"is_endless":false,"potions_floor_spawned":[2,7,13],"killed_by":"Red Slaver","ascension_level":10}