{"gold_per_floor":[11,11,31,50,67,101,111,111,134,409,409,444,455,480,480,480],"floor_reached":16,"playtime":2647,"items_purged":[],"score":207,"play_id":"c75bb169-20fb-407d-8c30-9d23f829d0a5","local_time":"20181205212345","is_ascension_mode":true,"campfire_choices":[{"floor":8,"key":"REST"},{"data":"Strike_R","floor":11,"key":"PURGE"},{"floor":15,"key":"REST"}],"neow_cost":"NO_GOLD","seed_source_timestamp":424060735017613,"circlet_count":0,"master_deck":["AscendersBane","Strike_R","Strike_R","Strike_R","Strike_R","Defend_R","Defend_R","Defend_R","Defend_R","Bash","Ghostly Armor","Heavy Blade","Flame Barrier","Seeing Red","Rage","Shrug It Off","Regret","Cleave","Sever Soul"],"relics":["Burning Blood","Du-Vu Doll","Peace Pipe","Blood Vial","Bronze Scales"],"potions_floor_usage":[4,14,14],"damage_taken":[{"damage":1,"enemies":"Cultist","floor":1,"turns":3},{"damage":7,"enemies":"Small Slimes","floor":3,"turns":3},{"damage":7,"enemies":"2 Louse","floor":4,"turns":4},{"damage":10,"enemies":"2 Fungi Beasts","floor":5,"turns":4},{"damage":35,"enemies":"3 Sentries","floor":6,"turns":12},{"damage":11,"enemies":"3 Louse","floor":7,"turns":5},{"damage":35,"enemies":"Gremlin Nob","floor":12,"turns":4},{"damage":16,"enemies":"Large Slime","floor":13,"turns":8},{"damage":10,"enemies":"Lagavulin","floor":14,"turns":5},{"damage":42,"enemies":"The Guardian","floor":16,"turns":6}],"seed_played":"-8492944106345037469","potions_obtained":[{"floor":1,"key":"AttackPotion"},{"floor":7,"key":"Energy Potion"},{"floor":12,"key":"Strength Potion"}],"is_trial":false,"path_per_floor":["M","$","M","M","M","E","M","R","T","?","R","E","M","E","R","B"],"character_chosen":"IRONCLAD","items_purchased":[],"campfire_rested":2,"item_purchase_floors":[],"current_hp_per_floor":[73,73,72,71,67,38,33,55,55,55,55,26,18,16,38,0],"gold":480,"neow_bonus":"ONE_RARE_RELIC","is_prod":false,"is_daily":false,"chose_seed":false,"campfire_upgraded":0,"win_rate":0,"timestamp":1544045025,"path_taken":["M","$","M","M","M","E","?","R","T","?","R","E","?","E","R","BOSS"],"build_version":"2018-11-15","purchased_purges":0,"victory":false,"max_hp_per_floor":[75,75,75,75,75,75,75,75,75,75,75,75,75,75,75,75],"card_choices":[{"not_picked":["Inflame","Flex"],"picked":"Ghostly Armor","floor":1},{"not_picked":["Sever Soul","Bloodletting"],"picked":"Heavy Blade","floor":3},{"not_picked":["Heavy Blade","Seeing Red"],"picked":"Flame Barrier","floor":4},{"not_picked":["Perfected Strike","Headbutt"],"picked":"Seeing Red","floor":5},{"not_picked":["Heavy Blade","Perfected Strike"],"picked":"Rage","floor":6},{"not_picked":["Perfected Strike","Body Slam"],"picked":"Shrug It Off","floor":7},{"not_picked":["Sever Soul","Infernal Blade","Intimidate"],"picked":"SKIP","floor":12},{"not_picked":["Perfected Strike","Sword Boomerang"],"picked":"Cleave","floor":13},{"not_picked":["Rupture","Brutality"],"picked":"Sever Soul","floor":14}],"player_experience":966526,"relics_obtained":[{"floor":6,"key":"Peace Pipe"},{"floor":12,"key":"Blood Vial"},{"floor":14,"key":"Bronze Scales"}],"event_choices":[{"damage_healed":0,"gold_gain":275,"player_choice":"Desecrate","damage_taken":0,"max_hp_gain":0,"max_hp_loss":0,"event_name":"Golden Shrine","floor":10,"gold_loss":0,"cards_obtained":["Regret"]}],"is_beta":false,"boss_relics":[],"items_purged_floors":[],"is_endless":false,"potions_floor_spawned":[1,7,12],"killed_by":"The Guardian","ascension_level":14}