{"gold_per_floor":[119,219,231,250,250,278,278,278,278,278,298,180,212,227,227,330,330,345,370,420,182,194,221,171,171,171,183,218,218,248,248,248,248],"floor_reached":33,"playtime":1637,"items_purged":["Strike_R","Strike_R","Strike_R"],"score":545,"play_id":"38e9f91b-f724-41d4-8b1e-fa172c9efd91","local_time":"20190102122535","is_ascension_mode":true,"campfire_choices":[{"data":"Whirlwind","floor":7,"key":"SMITH"},{"data":"Infernal Blade","floor":10,"key":"SMITH"},{"data":"Spot Weakness","floor":15,"key":"SMITH"},{"data":"Inflame","floor":25,"key":"SMITH"},{"data":"Warcry","floor":29,"key":"SMITH"},{"data":"Bash","floor":32,"key":"SMITH"}],"neow_cost":"NONE","seed_source_timestamp":0,"circlet_count":0,"master_deck":["Strike_R+1","Defend_R","Defend_R","Defend_R","Defend_R+1","Bash+1","Infernal Blade+1","Clothesline","Shrug It Off","Whirlwind+1","Shrug It Off","Inflame+1","Spot Weakness+1","Feed","Headbutt","Warcry+1","Ghostly Armor+1","Flame Barrier"],"special_seed":0,"relics":["Burning Blood","Question Card","The Courier","Bag of Marbles","Busted Crown","Red Mask","Ancient Tea Set","Smiling Mask","FossilizedHelix","Omamori","Nunchaku"],"potions_floor_usage":[6,28,28],"damage_taken":[{"damage":6.0,"enemies":"2 Louse","floor":1.0,"turns":3.0},{"damage":0,"enemies":"Cultist","floor":3,"turns":4},{"damage":7,"enemies":"Small Slimes","floor":4,"turns":3},{"damage":18,"enemies":"Gremlin Nob","floor":6,"turns":4},{"damage":12,"enemies":"Exordium Wildlife","floor":11,"turns":4},{"damage":30,"enemies":"Lagavulin","floor":13,"turns":7},{"damage":8,"enemies":"Looter","floor":14,"turns":2},{"damage":14,"enemies":"Hexaghost","floor":16,"turns":9},{"damage":16,"enemies":"Spheric Guardian","floor":18,"turns":4},{"damage":0,"enemies":"Masked Bandits","floor":19,"turns":1},{"damage":8,"enemies":"2 Thieves","floor":22,"turns":2},{"damage":5,"enemies":"Slavers","floor":23,"turns":2},{"damage":0,"enemies":"Snake Plant","floor":27,"turns":2},{"damage":18,"enemies":"Book of Stabbing","floor":28,"turns":4},{"damage":0,"enemies":"Gremlin Leader","floor":30,"turns":7},{"damage":105,"enemies":"Collector","floor":33,"turns":11}],"seed_played":"433859746198899700","potions_obtained":[{"floor":4,"key":"AttackPotion"},{"floor":6,"key":"Weak Potion"},{"floor":13,"key":"LiquidBronze"},{"floor":28,"key":"Weak Potion"},{"floor":30,"key":"EssenceOfSteel"}],"is_trial":false,"path_per_floor":["M","M","?","M","M","?","E","R","?","T","R","M","$","E","M","R","B",null,"M","?","?","$","M","E","$","R","T","M","E","R","E","?","R","B"],"character_chosen":"IRONCLAD","items_purchased":["Inflame","Warcry","Ancient Tea Set"],"campfire_rested":0,"item_purchase_floors":[12,21,21],"current_hp_per_floor":[80,80,80,79,63,51,51,56,56,56,50,50,26,24,24,16,68,58,64,64,64,65,69,69,69,69,75,66,66,72,72,72,0],"gold":248,"neow_bonus":"TRANSFORM_CARD","is_prod":false,"is_daily":false,"chose_seed":false,"campfire_upgraded":6,"win_rate":0,"timestamp":1546453535,"path_taken":["M","?","M","?","?","E","R","?","T","R","M","$","E","M","R","BOSS","M","?","?","$","?","E","$","R","T","M","E","R","E","?","R","BOSS"],"build_version":"2018-12-20","purchased_purges":3,"victory":false,"max_hp_per_floor":[80,80,80,80,80,80,80,85,85,85,85,85,85,85,85,85,85,85,85,85,85,88,91,91,91,91,91,94,94,94,94,94,94],"card_choices":[{"not_picked":["Body Slam","Anger"],"picked":"Infernal Blade","floor":1},{"not_picked":["True Grit","Warcry"],"picked":"Clothesline","floor":3},{"not_picked":["Twin Strike","True Grit"],"picked":"Shrug It Off","floor":4},{"not_picked":["Warcry","Impervious"],"picked":"Whirlwind","floor":6},{"not_picked":["Twin Strike","Thunderclap","Rampage"],"picked":"Shrug It Off","floor":11},{"not_picked":["Second Wind","Battle Trance","Pommel Strike"],"picked":"Spot Weakness","floor":13},{"not_picked":["Reckless Charge","Thunderclap","Anger","Bloodletting"],"picked":"SKIP","floor":14},{"not_picked":["Barricade","Berserk","Dark Embrace"],"picked":"Feed","floor":16},{"not_picked":["Headbutt","Power Through"],"picked":"SKIP","floor":18},{"not_picked":["Headbutt","Power Through"],"picked":"SKIP","floor":18},{"not_picked":["Power Through"],"picked":"Headbutt","floor":18},{"not_picked":["Anger+1","Feel No Pain"],"picked":"SKIP","floor":22},{"not_picked":["Iron Wave"],"picked":"Ghostly Armor+1","floor":23},{"not_picked":["Perfected Strike","Cleave+1"],"picked":"SKIP","floor":27},{"not_picked":["Headbutt"],"picked":"Flame Barrier","floor":28},{"not_picked":["Bloodletting+1","Clash"],"picked":"SKIP","floor":30}],"player_experience":121455,"relics_obtained":[{"floor":6,"key":"Question Card"},{"floor":9,"key":"The Courier"},{"floor":13,"key":"Bag of Marbles"},{"floor":19,"key":"Red Mask"},{"floor":23,"key":"Smiling Mask"},{"floor":26,"key":"FossilizedHelix"},{"floor":28,"key":"Omamori"},{"floor":30,"key":"Nunchaku"}],"event_choices":[{"damage_healed":0,"gold_gain":100,"player_choice":"Pray","damage_taken":0,"max_hp_gain":0,"max_hp_loss":0,"event_name":"Golden Shrine","floor":2,"gold_loss":0},{"damage_healed":0,"gold_gain":0,"player_choice":"Entered Light","damage_taken":16,"max_hp_gain":0,"max_hp_loss":0,"event_name":"Shining Light","floor":5,"gold_loss":0,"cards_upgraded":["Defend_R","Strike_R"]},{"damage_healed":0,"gold_gain":0,"player_choice":"Donut","damage_taken":0,"max_hp_gain":5,"max_hp_loss":0,"event_name":"Big Fish","floor":8,"gold_loss":0},{"damage_healed":0,"gold_gain":0,"player_choice":"Fought Bandits","damage_taken":0,"max_hp_gain":0,"max_hp_loss":0,"event_name":"Masked Bandits","floor":19,"gold_loss":0},{"damage_healed":0,"gold_gain":100,"player_choice":"Bet on Murderer","damage_taken":0,"max_hp_gain":0,"max_hp_loss":0,"event_name":"The Joust","floor":20,"gold_loss":50},{"damage_healed":0,"gold_gain":0,"player_choice":"Ignored","damage_taken":0,"max_hp_gain":0,"max_hp_loss":0,"event_name":"Ghosts","floor":31,"gold_loss":0}],"is_beta":false,"boss_relics":[{"not_picked":["Snecko Eye","Fusion Hammer"],"picked":"Busted Crown"}],"items_purged_floors":[12,21,24],"is_endless":false,"potions_floor_spawned":[4,6,13,28,30],"killed_by":"Collector","ascension_level":5}