{"gold_per_floor":[111,111,30,30,43,77,77,122,134,178,209,231,274,302,314,425,437,460,472,494,605,717,763,793,833,925,35,61,71,71,71,71,174,174,188,263,281,297,297,325,325,356,356,376,269,301,261,272,272,272,272,272,4,38,38],"floor_reached":55,"playtime":9207,"items_purged":["Strike_G","Strike_G"],"score":964,"play_id":"edd74fbf-9a89-488e-8e41-3f397d15633c","local_time":"20190208040059","is_ascension_mode":true,"campfire_choices":[{"floor":7,"key":"REST"},{"data":"Neutralize","floor":15,"key":"SMITH"},{"floor":32,"key":"REST"},{"floor":41,"key":"REST"},{"floor":49,"key":"RECALL"},{"data":"Infinite Blades","floor":52,"key":"SMITH"}],"neow_cost":"NONE","seed_source_timestamp":800926884772700,"circlet_count":0,"master_deck":["Defend_G+1","Defend_G","Defend_G+1","Defend_G","Defend_G","Strike_G+1","Strike_G","Survivor","Neutralize+1","Dagger Spray+1","Footwork+1","Crippling Poison","Sucker Punch+1","Backflip","Footwork","All Out Attack","Die Die Die","Dodge and Roll+1","Footwork+1","Blur","Adrenaline","Noxious Fumes","Bandage Up+1","Acrobatics+1","Deadly Poison+1","Infinite Blades+1","Backstab","Dodge and Roll+1","Burst+1","Outmaneuver+1","Calculated Gamble+1","Acrobatics+1","Terror+1","PiercingWail+1","Finesse+1","Acrobatics+1","PiercingWail+1","Prepared+1","Well Laid Plans","PiercingWail+1"],"relics":["Ring of the Snake","Happy Flower","Orichalcum","MawBank","Letter Opener","Bottled Flame","Bronze Scales","Lizard Tail","Mango","Darkstone Periapt","Potion Belt","Pen Nib","Matryoshka","Toxic Egg 2","Bag of Marbles","OrangePellets","War Paint","WristBlade","Bottled Lightning","Kunai","Art of War","Oddly Smooth Stone","Ninja Scroll"],"potions_floor_usage":[10,25,25,40,40,48,55,55,55],"damage_taken":[{"damage":0,"enemies":"2 Louse","floor":1,"turns":4},{"damage":0,"enemies":"Small Slimes","floor":5,"turns":3},{"damage":47,"enemies":"Gremlin Nob","floor":6,"turns":7},{"damage":1,"enemies":"3 Sentries","floor":10,"turns":8},{"damage":1,"enemies":"Jaw Worm","floor":11,"turns":4},{"damage":1,"enemies":"Exordium Wildlife","floor":12,"turns":5},{"damage":13,"enemies":"Lagavulin","floor":13,"turns":11},{"damage":0,"enemies":"2 Fungi Beasts","floor":14,"turns":1},{"damage":16,"enemies":"The Guardian","floor":16,"turns":13},{"damage":8,"enemies":"Shell Parasite","floor":18,"turns":8},{"damage":15,"enemies":"2 Thieves","floor":20,"turns":4},{"damage":5,"enemies":"Colosseum Slavers","floor":22,"turns":5},{"damage":20,"enemies":"Colosseum Nobs","floor":22,"turns":7},{"damage":0,"enemies":"Book of Stabbing","floor":23,"turns":7},{"damage":0,"enemies":"Shelled Parasite and Fungi","floor":24,"turns":9},{"damage":20,"enemies":"Gremlin Leader","floor":25,"turns":8},{"damage":38,"enemies":"Slavers","floor":28,"turns":6},{"damage":7,"enemies":"Chosen and Byrds","floor":29,"turns":4},{"damage":33,"enemies":"Champ","floor":33,"turns":13},{"damage":4,"enemies":"Orb Walker","floor":35,"turns":3},{"damage":14,"enemies":"3 Darklings","floor":37,"turns":5},{"damage":20,"enemies":"Maw","floor":38,"turns":9},{"damage":36,"enemies":"Giant Head","floor":40,"turns":14},{"damage":14,"enemies":"Nemesis","floor":42,"turns":9},{"damage":12,"enemies":"Spire Growth","floor":44,"turns":6},{"damage":22,"enemies":"Giant Head","floor":46,"turns":10},{"damage":9,"enemies":"Transient","floor":48,"turns":5},{"damage":13,"enemies":"Awakened One","floor":50,"turns":25},{"damage":32,"enemies":"Shield and Spear","floor":54,"turns":12},{"damage":75,"enemies":"The Heart","floor":55,"turns":6}],"seed_played":"-5638173327731288644","potions_obtained":[{"floor":1,"key":"Regen Potion"},{"floor":5,"key":"Strength Potion"},{"floor":10,"key":"LiquidBronze"},{"floor":13,"key":"Block Potion"},{"floor":18,"key":"Block Potion"},{"floor":28,"key":"Poison Potion"},{"floor":33,"key":"Poison Potion"},{"floor":37,"key":"FearPotion"},{"floor":40,"key":"LiquidBronze"},{"floor":46,"key":"GamblersBrew"},{"floor":48,"key":"Weak Potion"}],"is_trial":false,"path_per_floor":["M","?","$","?","M","E","R","T","T","E","M","M","E","M","R","B",null,"M","?","M","?","?","E","M","E","T","$","E","M","$","?","R","B",null,"M","?","M","M","?","E","R","E","T","M","$","E","?","M","R","B",null,"R","$","E","B"],"character_chosen":"THE_SILENT","items_purchased":["Footwork","Toxic Egg 2","Bag of Marbles","OrangePellets","Bandage Up+1","Acrobatics+1","Deadly Poison+1","Infinite Blades","Finesse+1","Acrobatics+1","Well Laid Plans","FairyPotion"],"campfire_rested":3,"item_purchase_floors":[3,27,27,27,27,27,27,27,45,45,53,53],"current_hp_per_floor":[70,70,70,56,56,9,30,30,30,44,43,42,29,29,29,13,70,62,62,47,47,36,36,36,16,16,16,28,27,27,27,52,25,84,84,76,68,54,54,30,55,47,47,41,41,25,25,22,22,15,84,84,84,58,0],"gold":38,"neow_bonus":"RANDOM_COMMON_RELIC","is_prod":false,"is_daily":false,"chose_seed":false,"campfire_upgraded":2,"win_rate":0,"timestamp":1549594859,"path_taken":["M","?","$","?","M","E","R","?","T","E","?","M","E","M","R","BOSS","M","?","?","?","?","E","M","E","T","?","E","?","$","?","R","BOSS","M","?","?","M","?","E","R","E","T","M","$","E","?","M","R","BOSS","R","$","E","BOSS"],"build_version":"2019-01-23","purchased_purges":2,"victory":false,"max_hp_per_floor":[70,70,70,70,70,70,70,70,70,70,70,70,70,70,70,70,70,70,70,70,70,84,84,84,84,84,84,84,84,84,84,84,84,84,84,84,84,84,84,84,84,84,84,84,84,84,84,84,84,84,84,84,84,84,84],"card_choices":[{"not_picked":["Predator","Bouncing Flask"],"picked":"Dagger Spray","floor":1},{"not_picked":["Sucker Punch","Deflect"],"picked":"Crippling Poison","floor":5},{"not_picked":["Riddle With Holes","Deflect"],"picked":"Sucker Punch","floor":6},{"not_picked":["Poisoned Stab","Cloak And Dagger"],"picked":"Backflip","floor":10},{"not_picked":["Infinite Blades","Slice"],"picked":"Footwork","floor":11},{"not_picked":["Reflex","Sucker Punch"],"picked":"All Out Attack","floor":12},{"not_picked":["Deflect","All Out Attack","Night Terror"],"picked":"SKIP","floor":13},{"not_picked":["Masterful Stab","Sucker Punch","Prepared"],"picked":"SKIP","floor":14},{"not_picked":["Doppelganger","Unload"],"picked":"Die Die Die","floor":16},{"not_picked":["Distraction","Slice"],"picked":"Dodge and Roll+1","floor":18},{"not_picked":["Deflect","Underhanded Strike"],"picked":"Blur","floor":20},{"not_picked":["Acrobatics","Infinite Blades+1"],"picked":"Adrenaline","floor":22},{"not_picked":["Bane","Heel Hook","Poisoned Stab+1"],"picked":"SKIP","floor":23},{"not_picked":["Bane","Deflect"],"picked":"Noxious Fumes","floor":24},{"not_picked":["Outmaneuver","Flying Knee+1"],"picked":"Dagger Throw","floor":25},{"not_picked":["Acrobatics+1","Bane"],"picked":"Backstab","floor":28},{"not_picked":["Dash","Cloak And Dagger+1"],"picked":"Dodge and Roll+1","floor":29},{"not_picked":["Wraith Form v2","Corpse Explosion+1"],"picked":"Burst+1","floor":33},{"not_picked":["Eviscerate","Distraction+1"],"picked":"Outmaneuver+1","floor":35},{"not_picked":["Deflect+1","Bane+1"],"picked":"Calculated Gamble+1","floor":37},{"not_picked":["Sucker Punch+1","Deadly Poison+1"],"picked":"Acrobatics+1","floor":38},{"not_picked":["Underhanded Strike","Glass Knife","Quick Slash"],"picked":"SKIP","floor":40},{"not_picked":["Prepared+1","Expertise+1"],"picked":"Terror+1","floor":42},{"not_picked":["Deadly Poison+1","Dodge and Roll+1"],"picked":"PiercingWail+1","floor":44},{"not_picked":["Infinite Blades","Poisoned Stab+1"],"picked":"PiercingWail+1","floor":46},{"not_picked":["Outmaneuver+1","Dagger Spray"],"picked":"Prepared+1","floor":48},{"not_picked":["Unload","Phantasmal Killer+1"],"picked":"PiercingWail+1","floor":54}],"player_experience":63518,"relics_obtained":[{"floor":6,"key":"Orichalcum"},{"floor":8,"key":"MawBank"},{"floor":9,"key":"Letter Opener"},{"floor":10,"key":"Bottled Flame"},{"floor":13,"key":"Bronze Scales"},{"floor":22,"key":"Mango"},{"floor":22,"key":"Darkstone Periapt"},{"floor":23,"key":"Potion Belt"},{"floor":25,"key":"Pen Nib"},{"floor":26,"key":"Matryoshka"},{"floor":28,"key":"War Paint"},{"floor":40,"key":"Bottled Lightning"},{"floor":42,"key":"Kunai"},{"floor":43,"key":"Art of War"},{"floor":46,"key":"Oddly Smooth Stone"},{"floor":54,"key":"Ninja Scroll"}],"event_choices":[{"damage_healed":0,"gold_gain":0,"player_choice":"Grow","damage_taken":0,"max_hp_gain":0,"max_hp_loss":0,"event_name":"Living Wall","floor":2,"gold_loss":0,"cards_upgraded":["Dagger Spray"]},{"damage_healed":0,"gold_gain":0,"player_choice":"Entered Light","damage_taken":14,"max_hp_gain":0,"max_hp_loss":0,"event_name":"Shining Light","floor":4,"gold_loss":0,"cards_upgraded":["Strike_G","Footwork"]},{"damage_healed":0,"gold_gain":0,"player_choice":"Copied","damage_taken":0,"max_hp_gain":0,"max_hp_loss":0,"event_name":"Duplicator","floor":19,"gold_loss":0,"cards_obtained":["Footwork"]},{"damage_healed":0,"gold_gain":99,"player_choice":"Stole From Cult","damage_taken":0,"max_hp_gain":0,"max_hp_loss":0,"event_name":"Nest","floor":21,"gold_loss":0},{"damage_healed":0,"gold_gain":0,"player_choice":"Fight","damage_taken":0,"max_hp_gain":0,"max_hp_loss":0,"event_name":"Colosseum","floor":22,"gold_loss":0},{"damage_healed":0,"gold_gain":0,"player_choice":"Fought Nobs","damage_taken":0,"max_hp_gain":0,"max_hp_loss":0,"event_name":"Colosseum","floor":22,"gold_loss":0},{"cards_removed":["Strike_G"],"damage_healed":0,"gold_gain":0,"player_choice":"Purged","damage_taken":0,"max_hp_gain":0,"max_hp_loss":0,"event_name":"Purifier","floor":31,"gold_loss":0},{"damage_healed":0,"gold_gain":75,"player_choice":"Touch","damage_taken":8,"max_hp_gain":0,"max_hp_loss":0,"event_name":"FaceTrader","floor":36,"gold_loss":0},{"cards_removed":["Dagger Throw"],"damage_healed":0,"gold_gain":0,"player_choice":"Removed Attack","damage_taken":0,"max_hp_gain":0,"max_hp_loss":0,"event_name":"Falling","floor":39,"gold_loss":0},{"damage_healed":0,"gold_gain":0,"player_choice":"Upgrade","damage_taken":0,"max_hp_gain":0,"max_hp_loss":0,"event_name":"Designer","floor":47,"gold_loss":40,"cards_upgraded":["Sucker Punch"]}],"is_beta":false,"boss_relics":[{"not_picked":["Tiny House","HoveringKite"],"picked":"Lizard Tail"},{"not_picked":["Calling Bell","Runic Dome"],"picked":"WristBlade"}],"items_purged_floors":[27,53],"is_endless":false,"potions_floor_spawned":[1,5,10,13,18,20,28,33,37,40,46,48],"killed_by":"The Heart","ascension_level":2}