{"gold_per_floor":[112,6,6,106,123,149,38,51,74,105,115,115,132,151,151,253,253,266,44,64,24,24,24,58,158,158,158,58,89,4,16,16,16],"floor_reached":33,"playtime":1612,"items_purged":["Strike_B","Decay"],"score":293,"play_id":"4001d415-e99e-44aa-971a-22af58cc897b","local_time":"20190131070331","is_ascension_mode":false,"campfire_choices":[{"floor":12,"key":"REST"},{"floor":15,"key":"REST"},{"floor":23,"key":"RECALL"},{"floor":27,"key":"REST"},{"floor":32,"key":"REST"}],"neow_cost":"NONE","seed_source_timestamp":368633452566072,"circlet_count":0,"master_deck":["Strike_B","Strike_B","Strike_B","Defend_B","Defend_B","Defend_B","Zap","Dualcast","Genetic Algorithm","Melter","Defragment","Defragment","Hello World","Capacitor","Redo","Machine Learning","Leap","Storm","White Noise","Thunder Strike","White Noise","Stack","Echo Form","Undo","Storm+1","Reinforced Body","Turbo"],"relics":["Cracked Core","Potion Belt","DataDisk","Bag of Preparation","Orrery","Juzu Bracelet","Happy Flower","Letter Opener","Centennial Puzzle","Anchor"],"potions_floor_usage":[10,10,13,16,24,24,24,24,24,24,24,24,33],"damage_taken":[{"damage":0,"enemies":"Small Slimes","floor":1,"turns":2},{"damage":6,"enemies":"Jaw Worm","floor":5,"turns":3},{"damage":28,"enemies":"Gremlin Nob","floor":6,"turns":4},{"damage":0,"enemies":"Cultist","floor":8,"turns":3},{"damage":23,"enemies":"Lagavulin","floor":10,"turns":6},{"damage":0,"enemies":"Large Slime","floor":11,"turns":4},{"damage":13,"enemies":"Red Slaver","floor":13,"turns":2},{"damage":20,"enemies":"Lots of Slimes","floor":14,"turns":4},{"damage":10,"enemies":"Slime Boss","floor":16,"turns":7},{"damage":0,"enemies":"Chosen","floor":18,"turns":4},{"damage":22,"enemies":"Shell Parasite","floor":20,"turns":9},{"damage":32,"enemies":"Slavers","floor":24,"turns":5},{"damage":36,"enemies":"Book of Stabbing","floor":29,"turns":5},{"damage":5,"enemies":"Snecko","floor":31,"turns":4},{"damage":26,"enemies":"Collector","floor":33,"turns":3}],"seed_played":"-2429291439988033763","potions_obtained":[{"floor":1,"key":"FocusPotion"},{"floor":5,"key":"SteroidPotion"},{"floor":11,"key":"AttackPotion"},{"floor":13,"key":"Block Potion"},{"floor":14,"key":"Dexterity Potion"},{"floor":20,"key":"LiquidBronze"},{"floor":21,"key":"Energy Potion"},{"floor":21,"key":"EntropicBrew"},{"floor":21,"key":"SneckoOil"},{"floor":31,"key":"Fire Potion"}],"is_trial":false,"path_per_floor":["M","$","?","?","M","E","$","M","T","E","M","R","M","M","R","B",null,"M","$","M","?","?","R","E","?","T","R","$","E","?","M","R","B"],"character_chosen":"DEFECT","items_purchased":["Melter","Defragment","Capacitor","Juzu Bracelet","Undo"],"campfire_rested":4,"item_purchase_floors":[2,2,7,19,19],"current_hp_per_floor":[75,75,75,75,69,41,41,41,41,18,18,40,27,7,29,19,75,75,75,53,53,53,53,21,21,21,43,43,7,7,2,24,0],"gold":16,"neow_bonus":"RANDOM_COMMON_RELIC","is_prod":false,"is_daily":false,"chose_seed":false,"campfire_upgraded":0,"win_rate":0,"timestamp":1548925411,"path_taken":["M","$","?","?","?","E","$","M","T","E","M","R","M","M","R","BOSS","M","$","M","?","?","R","E","?","T","R","?","E","?","M","R","BOSS"],"build_version":"2019-01-23","purchased_purges":2,"victory":false,"max_hp_per_floor":[75,75,75,75,75,75,75,75,75,75,75,75,75,75,75,75,75,75,75,75,75,75,75,75,75,75,75,75,75,75,75,75,75],"card_choices":[{"not_picked":["Aggregate","Rip and Tear"],"picked":"Genetic Algorithm","floor":1},{"not_picked":["Reprogram","Coolheaded"],"picked":"Defragment","floor":5},{"not_picked":["Blizzard","Beam Cell"],"picked":"Hello World","floor":6},{"not_picked":["Go for the Eyes","Hologram"],"picked":"Redo","floor":8},{"not_picked":["Rebound","Hello World"],"picked":"Machine Learning","floor":10},{"not_picked":["Hologram","Steam"],"picked":"Leap","floor":11},{"not_picked":["Go for the Eyes","Ball Lightning"],"picked":"Storm","floor":13},{"not_picked":["Glacier","Blizzard"],"picked":"White Noise","floor":14},{"not_picked":["Hyperbeam","Biased Cognition"],"picked":"Thunder Strike","floor":16},{"not_picked":["Ball Lightning","Go for the Eyes"],"picked":"White Noise","floor":17},{"not_picked":["Redo","Ball Lightning"],"picked":"Stack","floor":17},{"not_picked":["Leap","Gash"],"picked":"Echo Form","floor":18},{"not_picked":["Gash+1","Barrage","Sweeping Beam"],"picked":"SKIP","floor":20},{"not_picked":["Skim+1","Gash+1"],"picked":"Storm+1","floor":24},{"not_picked":["Barrage","Compile Driver+1"],"picked":"Reinforced Body","floor":29},{"not_picked":["Coolheaded","Reinforced Body+1"],"picked":"Turbo","floor":31}],"player_experience":338673,"relics_obtained":[{"floor":6,"key":"DataDisk"},{"floor":10,"key":"Bag of Preparation"},{"floor":24,"key":"Happy Flower"},{"floor":26,"key":"Letter Opener"},{"floor":29,"key":"Centennial Puzzle"}],"event_choices":[{"cards_removed":["Defend_B"],"damage_healed":0,"gold_gain":0,"player_choice":"Forget","damage_taken":0,"max_hp_gain":0,"max_hp_loss":0,"event_name":"Living Wall","floor":3,"gold_loss":0},{"damage_healed":0,"gold_gain":100,"player_choice":"Pray","damage_taken":0,"max_hp_gain":0,"max_hp_loss":0,"event_name":"Golden Shrine","floor":4,"gold_loss":0},{"damage_healed":0,"gold_gain":0,"player_choice":"Bought 3 Potions","damage_taken":0,"max_hp_gain":0,"max_hp_loss":0,"event_name":"The Woman in Blue","floor":21,"gold_loss":0},{"damage_healed":0,"gold_gain":0,"player_choice":"Cursed","damage_taken":0,"max_hp_gain":0,"max_hp_loss":0,"event_name":"Wheel of Change","floor":22,"gold_loss":0,"cards_obtained":["Decay"]},{"damage_healed":0,"gold_gain":100,"player_choice":"Pray","damage_taken":0,"max_hp_gain":0,"max_hp_loss":0,"event_name":"Golden Shrine","floor":25,"gold_loss":0},{"damage_healed":0,"gold_gain":0,"player_choice":"Obtained Relic","damage_taken":0,"relics_obtained":["Anchor"],"max_hp_gain":0,"max_hp_loss":0,"event_name":"Addict","floor":30,"gold_loss":85}],"is_beta":false,"boss_relics":[{"not_picked":["Busted Crown","Cursed Key"],"picked":"Orrery"}],"items_purged_floors":[7,28],"is_endless":false,"potions_floor_spawned":[1,5,11,13,14,20,31],"killed_by":"Collector","ascension_level":0}