{"gold_per_floor":[360,380,96,61,61,61,100,100,100,100,113,113,134,155,155,254,254,279,21,21,21,34,34,73,73,73,73,73,73,107,118,118,189,189,202,222,222,236,236,270,270,270],"floor_reached":42,"playtime":2274,"items_purged":["Regret"],"score":857,"play_id":"b8a0acf8-2141-4242-a3ed-6c4b5d8c1369","local_time":"20190210195855","is_ascension_mode":true,"campfire_choices":[{"floor":6.0,"key":"REST"},{"data":"Shockwave","floor":10.0,"key":"SMITH"},{"data":"Inflame","floor":12.0,"key":"SMITH"},{"data":"Disarm","floor":15.0,"key":"SMITH"},{"data":"Brutality","floor":23.0,"key":"SMITH"},{"floor":27.0,"key":"REST"},{"data":"Heavy Blade","floor":29.0,"key":"SMITH"},{"floor":32.0,"key":"REST"},{"data":"Battle Trance","floor":41,"key":"SMITH"}],"neow_cost":"CURSE","seed_source_timestamp":2597713755071964,"circlet_count":0,"master_deck":["AscendersBane","Defend_R","Defend_R","Defend_R","Defend_R+1","Bash","Pummel","Heavy Blade+1","Flex","Shockwave+1","Cleave","Inflame+1","Double Tap+1","Disarm+1","Brutality+1","Flex","Combust","Reckless Charge+1","Battle Trance+1","Bite","Bite","Bite","Bite","Bite","Warcry+1","Limit Break+1","Metallicize+1","Shockwave+1","True Grit+1"],"special_seed":0,"relics":["Burning Blood","Bloody Idol","Self Forming Clay","Ginger","Black Star","Regal Pillow","War Paint","Smiling Mask","Toxic Egg 2","Paper Frog","Kunai","Philosopher\u0027s Stone","Nunchaku","Art of War"],"potions_floor_usage":[33,38,42],"damage_taken":[{"damage":12.0,"enemies":"Jaw Worm","floor":1.0,"turns":6.0},{"damage":15.0,"enemies":"Small Slimes","floor":2.0,"turns":5.0},{"damage":60.0,"enemies":"3 Sentries","floor":7.0,"turns":12.0},{"damage":0.0,"enemies":"2 Louse","floor":11.0,"turns":2.0},{"damage":12.0,"enemies":"Red Slaver","floor":13.0,"turns":5.0},{"damage":8.0,"enemies":"Blue Slaver","floor":14.0,"turns":4.0},{"damage":20.0,"enemies":"The Guardian","floor":16.0,"turns":10.0},{"damage":19.0,"enemies":"Shell Parasite","floor":18.0,"turns":6.0},{"damage":27.0,"enemies":"2 Thieves","floor":22.0,"turns":4.0},{"damage":39.0,"enemies":"Slavers","floor":24.0,"turns":4.0},{"damage":46.0,"enemies":"Gremlin Leader","floor":30.0,"turns":6.0},{"damage":35.0,"enemies":"Snake Plant","floor":31.0,"turns":5.0},{"damage":60,"enemies":"Champ","floor":33,"turns":9},{"damage":38,"enemies":"3 Darklings","floor":35,"turns":4},{"damage":10,"enemies":"3 Shapes","floor":36,"turns":7},{"damage":18,"enemies":"Spire Growth","floor":38,"turns":3},{"damage":29,"enemies":"Giant Head","floor":40,"turns":6},{"damage":50,"enemies":"Reptomancer","floor":42,"turns":4}],"seed_played":"-3423681405736475169","potions_obtained":[{"floor":2.0,"key":"BloodPotion"},{"floor":11.0,"key":"Ancient Potion"},{"floor":13.0,"key":"AttackPotion"},{"floor":16.0,"key":"Regen Potion"},{"floor":18.0,"key":"Poison Potion"},{"floor":24.0,"key":"Dexterity Potion"},{"floor":33,"key":"SteroidPotion"},{"floor":38,"key":"PowerPotion"}],"is_trial":false,"path_per_floor":["M","M","$","?","?","R","E","?","T","R","M","R","M","M","R","B",null,"M","$","?","$","M","R","E","?","T","R","?","R","E","M","R","B",null,"M","M","?","M","?","E","R","E"],"character_chosen":"IRONCLAD","items_purchased":["Flex","Shockwave","Carnage","Combust","Regal Pillow"],"campfire_rested":3,"item_purchase_floors":[3,3,3,19,19],"current_hp_per_floor":[62,53,53,71,45,67,13,75,75,75,75,75,69,67,67,53,70,72,72,72,72,51,51,18,18,18,48,48,48,37,27,52,17,43,26,37,37,38,38,36,36,0],"gold":270,"neow_bonus":"TWO_FIFTY_GOLD","is_prod":false,"is_daily":false,"chose_seed":false,"campfire_upgraded":6,"win_rate":0,"timestamp":1549846735,"path_taken":["M","M","$","?","?","R","E","?","T","R","M","R","?","M","R","BOSS","M","$","?","$","?","R","E","?","T","R","?","R","E","M","R","BOSS","M","M","?","?","?","E","R","E"],"build_version":"2019-01-23","purchased_purges":1,"victory":false,"max_hp_per_floor":[75,75,75,75,75,75,75,75,75,75,75,75,75,75,75,75,75,75,75,75,75,75,75,75,52,52,52,52,52,52,52,52,52,52,52,52,52,52,49,49,49,49],"card_choices":[{"not_picked":["Headbutt","Flex"],"picked":"Pummel","floor":1.0},{"not_picked":["Cleave","Armaments"],"picked":"Heavy Blade","floor":2.0},{"not_picked":["Warcry","Body Slam"],"picked":"Cleave","floor":7.0},{"not_picked":["Havoc","Pummel"],"picked":"Inflame","floor":11.0},{"not_picked":["Hemokinesis","Twin Strike"],"picked":"Double Tap","floor":13.0},{"not_picked":["Headbutt","Sever Soul"],"picked":"Disarm","floor":14.0},{"not_picked":["Fiend Fire","Double Tap"],"picked":"Brutality","floor":16.0},{"not_picked":["Sever Soul","Iron Wave"],"picked":"Flex","floor":18.0},{"not_picked":["Body Slam","Warcry"],"picked":"Reckless Charge+1","floor":22.0},{"not_picked":["Pummel","Bloodletting+1"],"picked":"Battle Trance","floor":24.0},{"not_picked":["Bloodletting+1","Havoc+1"],"picked":"Warcry+1","floor":30.0},{"not_picked":["Anger","Havoc+1","Reckless Charge"],"picked":"SKIP","floor":31.0},{"not_picked":["Exhume+1","Juggernaut"],"picked":"Limit Break+1","floor":33},{"not_picked":["Clothesline","Evolve"],"picked":"Metallicize+1","floor":35},{"not_picked":["Wild Strike+1","Perfected Strike+1","Havoc+1"],"picked":"SKIP","floor":36},{"not_picked":["Armaments+1","Twin Strike"],"picked":"Shockwave+1","floor":38},{"not_picked":["Sentinel+1","Reaper"],"picked":"True Grit+1","floor":40}],"player_experience":552051,"relics_obtained":[{"floor":7.0,"key":"Self Forming Clay"},{"floor":9.0,"key":"Ginger"},{"floor":24.0,"key":"War Paint"},{"floor":24.0,"key":"Smiling Mask"},{"floor":26.0,"key":"Toxic Egg 2"},{"floor":30.0,"key":"Paper Frog"},{"floor":30.0,"key":"Kunai"},{"floor":40,"key":"Nunchaku"},{"floor":40,"key":"Art of War"}],"event_choices":[{"damage_healed":18.0,"max_hp_gain":0.0,"max_hp_loss":0.0,"gold_gain":0.0,"event_name":"The Cleric","player_choice":"Healed","floor":4.0,"gold_loss":35.0,"damage_taken":0.0},{"damage_healed":0.0,"max_hp_gain":0.0,"max_hp_loss":0.0,"gold_gain":0.0,"event_name":"Golden Idol","player_choice":"Take Damage","floor":5.0,"gold_loss":0.0,"damage_taken":26.0,"relics_obtained":["Golden Idol"]},{"cards_removed":["Carnage"],"damage_healed":62.0,"max_hp_gain":0.0,"max_hp_loss":0.0,"gold_gain":0.0,"event_name":"Bonfire Elementals","player_choice":"Offered Uncommon","floor":8.0,"gold_loss":0.0,"damage_taken":0.0},{"damage_healed":0.0,"max_hp_gain":0.0,"max_hp_loss":0.0,"gold_gain":0.0,"event_name":"N\u0027loth","player_choice":"Ignored","floor":20.0,"gold_loss":0.0,"damage_taken":0.0},{"damage_healed":0.0,"max_hp_gain":0.0,"max_hp_loss":23.0,"gold_gain":0.0,"event_name":"Vampires","player_choice":"Became a vampire","floor":25.0,"gold_loss":0.0,"damage_taken":0.0,"cards_obtained":["Bite","Bite","Bite","Bite","Bite"]},{"damage_healed":0.0,"max_hp_gain":0.0,"max_hp_loss":0.0,"gold_gain":0.0,"event_name":"Forgotten Altar","player_choice":"Gave Idol","floor":28.0,"relics_lost":["Golden Idol"],"gold_loss":0.0,"damage_taken":0.0,"relics_obtained":["Bloody Idol"]},{"damage_healed":0,"gold_gain":0,"player_choice":"Leave","damage_taken":0,"max_hp_gain":0,"max_hp_loss":0,"event_name":"FaceTrader","floor":37,"gold_loss":0},{"damage_healed":0,"gold_gain":0,"player_choice":"Max HP","damage_taken":0,"max_hp_gain":0,"max_hp_loss":3,"event_name":"Winding Halls","floor":39,"gold_loss":0}],"is_beta":false,"boss_relics":[{"not_picked":["Eternal Feather","Tiny House"],"picked":"Black Star"},{"not_picked":["Black Blood","Runic Pyramid"],"picked":"Philosopher\u0027s Stone"}],"items_purged_floors":[3],"is_endless":false,"potions_floor_spawned":[2,11,13,16,18,24,33,38],"killed_by":"Reptomancer","ascension_level":16}