{"gold_per_floor":[117,217,29,48,63,98,98,115,194,194,228,241,256,105,105,204,204,221,121,121],"floor_reached":20,"playtime":1078,"items_purged":["Strike_B","Strike_B"],"score":258,"play_id":"54587776-28ee-475e-a051-b4f001f41a3f","local_time":"20181122185031","is_ascension_mode":true,"campfire_choices":[{"data":"Apotheosis","floor":7,"key":"SMITH"},{"floor":15,"key":"REST"}],"neow_cost":"NONE","seed_source_timestamp":70098699769936,"circlet_count":0,"master_deck":["Defend_B","Defend_B","Defend_B","Defend_B","Zap","Dualcast","Ball Lightning","Apotheosis+1","Steam","Compile Driver","Self Repair","Consume","Beam Cell","Lockon","Defragment","Echo Form","White Noise+1"],"relics":["Cracked Core","NeowsBlessing","Calipers","Dodecahedron","NlothsMask","Pen Nib","Empty Cage"],"potions_floor_usage":[13,16,16,16,18],"damage_taken":[{"damage":0,"enemies":"2 Louse","floor":1,"turns":1},{"damage":0,"enemies":"Cultist","floor":4,"turns":1},{"damage":0,"enemies":"Jaw Worm","floor":5,"turns":1},{"damage":22,"enemies":"3 Sentries","floor":6,"turns":7},{"damage":7,"enemies":"Large Slime","floor":8,"turns":4},{"damage":40,"enemies":"Gremlin Nob","floor":11,"turns":4},{"damage":11,"enemies":"3 Louse","floor":12,"turns":3},{"damage":14,"enemies":"Lots of Slimes","floor":13,"turns":3},{"damage":14,"enemies":"Hexaghost","floor":16,"turns":6},{"damage":44,"enemies":"2 Thieves","floor":18,"turns":4},{"damage":22,"enemies":"Chosen","floor":20,"turns":4}],"seed_played":"-5004322327698703248","potions_obtained":[{"floor":6,"key":"Swift Potion"},{"floor":11,"key":"Weak Potion"},{"floor":12,"key":"SpeedPotion"},{"floor":13,"key":"Weak Potion"},{"floor":16,"key":"SkillPotion"}],"is_trial":false,"path_per_floor":["M","?","$","M","M","E","R","M","T","?","E","M","M","$","R","B",null,"M","$","M"],"character_chosen":"DEFECT","items_purchased":["Apotheosis","Defragment"],"campfire_rested":1,"item_purchase_floors":[3,14],"current_hp_per_floor":[68,68,68,68,68,46,46,49,49,49,19,18,14,14,36,32,64,20,20,0],"gold":121,"neow_bonus":"THREE_ENEMY_KILL","is_prod":false,"is_daily":false,"chose_seed":false,"campfire_upgraded":1,"win_rate":0,"timestamp":1542912631,"path_taken":["M","?","$","?","M","E","R","M","T","?","E","M","?","$","R","BOSS","M","$","M"],"build_version":"2018-11-15","purchased_purges":2,"victory":false,"max_hp_per_floor":[75,75,75,75,75,75,75,75,75,75,75,75,75,75,75,75,75,75,75,75],"card_choices":[{"not_picked":["Rebound","Streamline"],"picked":"Ball Lightning","floor":1},{"not_picked":["Static Discharge","Double Energy"],"picked":"Steam","floor":4},{"not_picked":["Redo","Heatsinks"],"picked":"Compile Driver","floor":5},{"not_picked":["Cold Snap","Rainbow"],"picked":"Self Repair","floor":6},{"not_picked":["Blizzard","Turbo","Force Field"],"picked":"SKIP","floor":8},{"not_picked":["Rip and Tear","Rebound"],"picked":"Consume","floor":11},{"not_picked":["Steam","Undo"],"picked":"Beam Cell","floor":12},{"not_picked":["Fission","Compile Driver"],"picked":"Lockon","floor":13},{"not_picked":["Core Surge","Rainbow"],"picked":"Echo Form","floor":16},{"not_picked":["Redo+1","Gash"],"picked":"White Noise+1","floor":18}],"player_experience":872955,"relics_obtained":[{"floor":6,"key":"Calipers"},{"floor":9,"key":"Dodecahedron"},{"floor":11,"key":"Pen Nib"}],"event_choices":[{"damage_healed":0,"gold_gain":100,"player_choice":"Pray","damage_taken":0,"max_hp_gain":0,"max_hp_loss":0,"event_name":"Golden Shrine","floor":2,"gold_loss":0},{"damage_healed":0,"gold_gain":0,"player_choice":"Trade","damage_taken":0,"relics_obtained":["NlothsMask"],"max_hp_gain":0,"max_hp_loss":0,"event_name":"FaceTrader","floor":10,"gold_loss":0}],"is_beta":false,"boss_relics":[{"not_picked":["Ectoplasm","Coffee Dripper"],"picked":"Empty Cage"}],"items_purged_floors":[14,19],"is_endless":false,"potions_floor_spawned":[6,11,12,13,16],"killed_by":"Chosen","ascension_level":8}