{"gold_per_floor":[110,110,285,63,63,63,63,63,63,80,113,113,113,131,131,236,236,247,172,192,192,211,211,221,248,320,320,337,237,237],"floor_reached":30,"playtime":1317,"items_purged":["Doubt","Strike_G"],"score":258,"play_id":"4af66f3c-341a-4f61-bff1-6046f5abf34a","local_time":"20190210213825","is_ascension_mode":true,"campfire_choices":[{"data":"Blade Dance","floor":6,"key":"SMITH"},{"data":"Dagger Throw","floor":8,"key":"SMITH"},{"data":"Flying Knee","floor":12,"key":"SMITH"},{"data":"Underhanded Strike","floor":15,"key":"SMITH"},{"data":"Unload","floor":23,"key":"SMITH"},{"data":"Dagger Throw","floor":27,"key":"SMITH"}],"neow_cost":"NONE","seed_source_timestamp":1274388848515902,"circlet_count":0,"master_deck":["Defend_G","Defend_G","Defend_G+1","Defend_G+1","Strike_G","Strike_G","Strike_G","Survivor","Neutralize","Dagger Throw+1","Blade Dance+1","Flying Knee+1","Parasite","Underhanded Strike+1","Unload+1","Dagger Throw+1","Dagger Throw+1","Blur+1","Skewer"],"relics":["Ring of the Snake","War Paint","Juzu Bracelet","PreservedInsect","Paper Crane","Bronze Scales","Lizard Tail","Boot","Matryoshka"],"potions_floor_usage":[16,22,22,24,24],"damage_taken":[{"damage":0,"enemies":"Cultist","floor":1,"turns":3},{"damage":2,"enemies":"2 Louse","floor":10,"turns":3},{"damage":2,"enemies":"Lagavulin","floor":11,"turns":4},{"damage":3,"enemies":"Jaw Worm","floor":14,"turns":3},{"damage":29,"enemies":"Hexaghost","floor":16,"turns":10},{"damage":5,"enemies":"3 Byrds","floor":18,"turns":3},{"damage":7,"enemies":"Shell Parasite","floor":20,"turns":4},{"damage":15,"enemies":"Sentry and Sphere","floor":22,"turns":5},{"damage":24,"enemies":"Snake Plant","floor":24,"turns":4},{"damage":27,"enemies":"Book of Stabbing","floor":25,"turns":4},{"damage":0,"enemies":"Centurion and Healer","floor":28,"turns":4},{"damage":37,"enemies":"Sentry and Sphere","floor":30,"turns":5}],"seed_played":"-3190035713377342688","potions_obtained":[{"floor":11,"key":"Explosive Potion"},{"floor":16,"key":"SpeedPotion"},{"floor":20,"key":"LiquidBronze"},{"floor":21,"key":"EssenceOfSteel"},{"floor":22,"key":"Explosive Potion"}],"is_trial":false,"path_per_floor":["M","?","?","$","?","R","?","R","T","M","E","R","?","M","R","B",null,"M","?","M","?","M","R","M","E","T","R","M","$","M"],"character_chosen":"THE_SILENT","items_purchased":["Juzu Bracelet"],"campfire_rested":0,"item_purchase_floors":[4],"current_hp_per_floor":[70,75,75,75,75,75,57,57,57,55,53,53,71,68,68,39,75,70,70,63,63,48,48,24,37,37,37,37,37,0],"gold":237,"neow_bonus":"RANDOM_COMMON_RELIC","is_prod":false,"is_daily":false,"chose_seed":false,"campfire_upgraded":6,"win_rate":0,"timestamp":1549852705,"path_taken":["M","?","?","$","?","R","?","R","T","M","E","R","?","M","R","BOSS","M","?","M","?","M","R","M","E","T","R","M","$","M"],"build_version":"2019-01-23","purchased_purges":2,"victory":false,"max_hp_per_floor":[70,75,75,75,75,75,75,75,75,75,75,75,75,75,75,75,75,75,75,75,75,75,75,75,75,75,75,75,75,75],"card_choices":[{"not_picked":["Backflip","Underhanded Strike"],"picked":"Dagger Throw","floor":1},{"not_picked":["Cloak And Dagger","Dodge and Roll"],"picked":"Flying Knee","floor":10},{"not_picked":["Backflip","Slice","Deflect"],"picked":"SKIP","floor":11},{"not_picked":["Outmaneuver","Dodge and Roll"],"picked":"Underhanded Strike","floor":14},{"not_picked":["Malaise","Doppelganger"],"picked":"Unload","floor":16},{"not_picked":["Footwork","Blur"],"picked":"Dagger Throw+1","floor":18},{"not_picked":["Poisoned Stab+1","Dash","Blur"],"picked":"SKIP","floor":20},{"not_picked":["Sucker Punch","Dagger Spray"],"picked":"Dagger Throw","floor":22},{"not_picked":["Dagger Throw","Cloak And Dagger"],"picked":"Blur+1","floor":24},{"not_picked":["Endless Agony","Bouncing Flask","Acrobatics"],"picked":"SKIP","floor":25},{"not_picked":["Leg Sweep","Well Laid Plans"],"picked":"Skewer","floor":28}],"player_experience":95442,"relics_obtained":[{"floor":9,"key":"Paper Crane"},{"floor":11,"key":"Bronze Scales"},{"floor":25,"key":"Boot"},{"floor":26,"key":"Matryoshka"}],"event_choices":[{"damage_healed":0,"gold_gain":0,"player_choice":"Donut","damage_taken":0,"max_hp_gain":5,"max_hp_loss":0,"event_name":"Big Fish","floor":2,"gold_loss":0},{"damage_healed":0,"gold_gain":175,"player_choice":"AGREE","damage_taken":0,"max_hp_gain":0,"max_hp_loss":0,"event_name":"Liars Game","floor":3,"gold_loss":0,"cards_obtained":["Doubt"]},{"damage_healed":0,"gold_gain":0,"cards_transformed":["Defend_G"],"player_choice":"Transformed","damage_taken":0,"max_hp_gain":0,"max_hp_loss":0,"event_name":"Transmorgrifier","floor":5,"gold_loss":0,"cards_obtained":["Blade Dance"]},{"damage_healed":0,"gold_gain":0,"player_choice":"Success","damage_taken":18,"relics_obtained":["PreservedInsect"],"max_hp_gain":0,"max_hp_loss":0,"event_name":"Scrap Ooze","floor":7,"gold_loss":0},{"damage_healed":18,"gold_gain":0,"player_choice":"Healed and dodged fight","damage_taken":0,"max_hp_gain":0,"max_hp_loss":0,"event_name":"Mushrooms","floor":13,"gold_loss":0,"cards_obtained":["Parasite"]},{"cards_removed":["Strike_G"],"damage_healed":0,"gold_gain":0,"player_choice":"Gave Gold","damage_taken":0,"max_hp_gain":0,"max_hp_loss":0,"event_name":"Beggar","floor":19,"gold_loss":75},{"damage_healed":0,"gold_gain":0,"player_choice":"Got Potions","damage_taken":0,"max_hp_gain":0,"max_hp_loss":0,"event_name":"Lab","floor":21,"gold_loss":0}],"is_beta":false,"boss_relics":[{"not_picked":["Runic Dome","Coffee Dripper"],"picked":"Lizard Tail"}],"items_purged_floors":[4,29],"is_endless":false,"potions_floor_spawned":[11,16,20,22],"killed_by":"Sentry and Sphere","ascension_level":1}