{"gold_per_floor":[118,118,136,148,126,151,163,194,231,269,281,326,338,350,362,374],"floor_reached":16,"playtime":1074,"items_purged":[],"score":118,"play_id":"d1b99617-3809-4361-adf2-124825a4e858","local_time":"20181208215433","is_ascension_mode":false,"campfire_choices":[{"floor":7,"key":"REST"},{"floor":11,"key":"REST"},{"floor":13,"key":"REST"},{"floor":15,"key":"REST"}],"neow_cost":"NONE","seed_source_timestamp":208055779162830,"circlet_count":0,"master_deck":["Strike_R","Strike_R","Strike_R","Strike_R","Strike_R","Defend_R","Defend_R","Defend_R","Defend_R","Bash+1","Madness","Iron Wave","Armaments","Sword Boomerang","Uppercut+1","Dropkick","Shrug It Off","Iron Wave"],"relics":["Burning Blood","Bronze Scales","MawBank","Whetstone","Ornamental Fan","Boot","Omamori"],"potions_floor_usage":[12,16],"damage_taken":[{"damage":3,"enemies":"2 Louse","floor":1,"turns":3},{"damage":1,"enemies":"Cultist","floor":3,"turns":3},{"damage":0,"enemies":"Small Slimes","floor":4,"turns":3},{"damage":40,"enemies":"Lagavulin","floor":6,"turns":5},{"damage":8,"enemies":"3 Louse","floor":8,"turns":3},{"damage":25,"enemies":"3 Sentries","floor":10,"turns":7},{"damage":39,"enemies":"Gremlin Nob","floor":12,"turns":5},{"damage":71,"enemies":"Slime Boss","floor":16,"turns":12}],"seed_played":"-2439035626387465309","potions_obtained":[{"floor":6,"key":"LiquidBronze"},{"floor":10,"key":"Poison Potion"}],"is_trial":false,"path_per_floor":["M","?","M","M","$","E","R","M","T","E","R","E","R","?","R","B"],"character_chosen":"IRONCLAD","items_purchased":["Sword Boomerang"],"campfire_rested":4,"item_purchase_floors":[5],"current_hp_per_floor":[80,80,80,80,80,46,70,68,68,49,73,40,64,46,70,0],"gold":374,"neow_bonus":"RANDOM_COLORLESS","is_prod":false,"is_daily":false,"chose_seed":false,"campfire_upgraded":0,"win_rate":0,"timestamp":1544306073,"path_taken":["M","?","M","?","$","E","R","M","T","E","R","E","R","?","R","BOSS"],"build_version":"2018-12-06","purchased_purges":0,"victory":false,"max_hp_per_floor":[80,80,80,80,80,80,80,80,80,80,80,80,80,80,80,80],"card_choices":[{"not_picked":["Body Slam","Iron Wave"],"picked":"Pommel Strike","floor":1},{"not_picked":["Clash","Sever Soul"],"picked":"Iron Wave","floor":3},{"not_picked":["Clash","Blood for Blood"],"picked":"Armaments","floor":4},{"not_picked":["True Grit","Sword Boomerang"],"picked":"Uppercut","floor":6},{"not_picked":["Pommel Strike","Cleave"],"picked":"Dropkick","floor":8},{"not_picked":["Havoc","Clash"],"picked":"Shrug It Off","floor":10},{"not_picked":["Flame Barrier","Berserk"],"picked":"Iron Wave","floor":12}],"player_experience":186291,"relics_obtained":[{"floor":6,"key":"MawBank"},{"floor":9,"key":"Whetstone"},{"floor":10,"key":"Ornamental Fan"},{"floor":12,"key":"Boot"}],"event_choices":[{"cards_removed":["Pommel Strike"],"damage_healed":0,"gold_gain":0,"player_choice":"Gave Card","damage_taken":0,"relics_obtained":["Bronze Scales"],"max_hp_gain":0,"max_hp_loss":0,"event_name":"WeMeetAgain","floor":2,"gold_loss":0},{"damage_healed":0,"gold_gain":0,"player_choice":"Success","damage_taken":18,"relics_obtained":["Omamori"],"max_hp_gain":0,"max_hp_loss":0,"event_name":"Scrap Ooze","floor":14,"gold_loss":0}],"is_beta":false,"boss_relics":[],"items_purged_floors":[],"is_endless":false,"potions_floor_spawned":[6,10],"killed_by":"Slime Boss","ascension_level":0}