{"gold_per_floor":[118,132,132,407,115,115,115,145,145,145,164,192,267,285,285,385,385,396,376,392,404,419,445,445,456,504,504,504],"floor_reached":28,"playtime":2341,"items_purged":["Regret"],"score":417,"play_id":"d8d7c0d1-5fcc-40f9-8c6b-1cb5564583eb","local_time":"20190207232112","is_ascension_mode":true,"campfire_choices":[{"data":"Defragment","floor":7,"key":"SMITH"},{"data":"Zap","floor":10,"key":"SMITH"},{"floor":15,"key":"REST"},{"floor":24,"key":"REST"}],"neow_cost":"NONE","seed_source_timestamp":1150359978165343,"circlet_count":0,"master_deck":["Strike_B","Defend_B","Defend_B","Defend_B","Defend_B","Zap+1","Dualcast","Leap","Cold Snap","Defragment+1","Go for the Eyes","Coolheaded","All For One","Genetic Algorithm","Loop","Creative AI","Redo+1","Lockon+1","FTL+1","Turbo+1","Glacier","Amplify","Heatsinks","Gash+1","BootSequence","Conserve Battery"],"relics":["Cracked Core","NeowsBlessing","Lantern","WingedGreaves","Torii","Prayer Wheel","Calipers","Astrolabe","Darkstone Periapt","Bag of Preparation"],"potions_floor_usage":[12,16,23,28],"damage_taken":[{"damage":0,"enemies":"2 Louse","floor":1,"turns":1},{"damage":0,"enemies":"Cultist","floor":2,"turns":1},{"damage":0,"enemies":"3 Sentries","floor":8,"turns":1},{"damage":9,"enemies":"Jaw Worm","floor":11,"turns":2},{"damage":16,"enemies":"Gremlin Nob","floor":12,"turns":5},{"damage":2,"enemies":"Lots of Slimes","floor":14,"turns":4},{"damage":3,"enemies":"Hexaghost","floor":16,"turns":15},{"damage":10,"enemies":"Shell Parasite","floor":18,"turns":6},{"damage":16,"enemies":"3 Byrds","floor":20,"turns":5},{"damage":0,"enemies":"Cultist and Chosen","floor":21,"turns":8},{"damage":8,"enemies":"Shelled Parasite and Fungi","floor":22,"turns":8},{"damage":0,"enemies":"Book of Stabbing","floor":23,"turns":7},{"damage":0,"enemies":"Chosen and Byrds","floor":25,"turns":7},{"damage":75,"enemies":"Gremlin Leader","floor":28,"turns":8}],"seed_played":"-4560451812197767712","potions_obtained":[{"floor":1,"key":"GamblersBrew"},{"floor":12,"key":"FairyPotion"},{"floor":14,"key":"Dexterity Potion"},{"floor":16,"key":"Weak Potion"},{"floor":19,"key":"SteroidPotion"},{"floor":21,"key":"GamblersBrew"},{"floor":23,"key":"FocusPotion"}],"is_trial":false,"path_per_floor":["M","M","$","?","$","T","R","E","T","R","M","E","?","M","R","B",null,"M","?","M","M","M","E","R","M","T","T","E"],"character_chosen":"DEFECT","items_purchased":["Defragment","Lantern"],"campfire_rested":2,"item_purchase_floors":[5,5],"current_hp_per_floor":[68,68,68,68,68,68,68,68,68,68,59,43,32,30,52,49,69,59,59,43,43,35,35,57,57,57,57,0],"gold":504,"neow_bonus":"THREE_ENEMY_KILL","is_prod":false,"is_daily":false,"chose_seed":false,"campfire_upgraded":2,"win_rate":0,"timestamp":1549578072,"path_taken":["M","M","$","?","$","?","R","E","T","R","M","E","?","M","R","BOSS","M","?","?","M","M","E","R","M","T","?","E"],"build_version":"2019-01-23","purchased_purges":1,"victory":false,"max_hp_per_floor":[75,75,75,75,75,75,75,75,75,75,75,75,75,75,75,75,75,75,75,75,75,75,75,75,75,75,75,75],"card_choices":[{"not_picked":["Lockon","Rebound"],"picked":"Leap","floor":1},{"not_picked":["Leap","Undo"],"picked":"Cold Snap","floor":2},{"not_picked":["Rebound","Stack"],"picked":"Go for the Eyes","floor":8},{"not_picked":["Hologram","Lockon"],"picked":"Coolheaded","floor":11},{"not_picked":["Sweeping Beam","Stack","Compile Driver"],"picked":"SKIP","floor":11},{"not_picked":["Rebound","Conserve Battery"],"picked":"All For One","floor":12},{"not_picked":["Sweeping Beam","Rebound"],"picked":"Genetic Algorithm","floor":14},{"not_picked":["Turbo","Coolheaded"],"picked":"Loop","floor":14},{"not_picked":["Hyperbeam","Reboot"],"picked":"Creative AI","floor":16},{"not_picked":["Ball Lightning+1","Barrage"],"picked":"Turbo+1","floor":18},{"not_picked":["Sweeping Beam+1","Streamline+1","Undo+1"],"picked":"SKIP","floor":18},{"not_picked":["Recycle","Stack"],"picked":"Glacier","floor":20},{"not_picked":["Undo+1","Loop"],"picked":"Amplify","floor":20},{"not_picked":["Steam","Cold Snap+1"],"picked":"Heatsinks","floor":21},{"not_picked":["Redo+1","Barrage"],"picked":"Gash+1","floor":21},{"not_picked":["Consume","Compile Driver+1"],"picked":"BootSequence","floor":22},{"not_picked":["Beam Cell","Barrage","Go for the Eyes"],"picked":"SKIP","floor":22},{"not_picked":["Turbo","Double Energy"],"picked":"Conserve Battery","floor":23},{"not_picked":["Doom and Gloom+1","Genetic Algorithm+1","Sunder"],"picked":"SKIP","floor":25},{"not_picked":["Ball Lightning","Sweeping Beam","Electrodynamics"],"picked":"SKIP","floor":25}],"player_experience":283748,"relics_obtained":[{"floor":6,"key":"WingedGreaves"},{"floor":8,"key":"Torii"},{"floor":9,"key":"Prayer Wheel"},{"floor":12,"key":"Calipers"},{"floor":23,"key":"Darkstone Periapt"},{"floor":26,"key":"Bag of Preparation"}],"event_choices":[{"damage_healed":0,"gold_gain":275,"player_choice":"Desecrate","damage_taken":0,"max_hp_gain":0,"max_hp_loss":0,"event_name":"Golden Shrine","floor":4,"gold_loss":0,"cards_obtained":["Regret"]},{"damage_healed":0,"gold_gain":75,"player_choice":"Gather Gold","damage_taken":11,"max_hp_gain":0,"max_hp_loss":0,"event_name":"World of Goop","floor":13,"gold_loss":0},{"damage_healed":0,"gold_gain":0,"player_choice":"Bought 1 Potion","damage_taken":0,"max_hp_gain":0,"max_hp_loss":0,"event_name":"The Woman in Blue","floor":19,"gold_loss":0}],"is_beta":false,"boss_relics":[{"not_picked":["Pandora\u0027s Box","Runic Dome"],"picked":"Astrolabe"}],"items_purged_floors":[5],"is_endless":false,"potions_floor_spawned":[1,12,14,16,21,23],"killed_by":"Gremlin Leader","ascension_level":8}