{"gold_per_floor":[12,112,127,142,158,185,185,216,239,277,307,319,343,369,381,492,504,526,146,164,164,184,184,33,33,33,67,67,67,83,110,110,206,206,225,225,244,256,273,273,284,284,308,308,308,135,148,163,163,163],"floor_reached":50,"playtime":2135,"items_purged":["Strike_R","Strike_R"],"score":657,"play_id":"1d5f6a00-4054-4dba-b457-5834d6214d85","local_time":"20190203212053","is_ascension_mode":true,"campfire_choices":[{"data":"Bash","floor":7.0,"key":"SMITH"},{"data":"Iron Wave","floor":12.0,"key":"SMITH"},{"data":"Shrug It Off","floor":15.0,"key":"SMITH"},{"data":"Inflame","floor":23.0,"key":"SMITH"},{"data":"Limit Break","floor":29.0,"key":"SMITH"},{"floor":32,"key":"REST"},{"floor":40,"key":"REST"},{"data":"Heavy Blade","floor":45,"key":"SMITH"},{"floor":49,"key":"REST"}],"neow_cost":"NO_GOLD","seed_source_timestamp":186354391357400,"circlet_count":0,"master_deck":["Defend_R+1","Defend_R","Defend_R","Bash+1","Shockwave+1","Shrug It Off+1","Thunderclap","Iron Wave+1","Pommel Strike","Limit Break+1","Burning Pact","Heavy Blade+1","Double Tap","Inflame+1","Armaments+1","Seeing Red+1","Iron Wave+1","Heavy Blade","Exhume+1","Hemokinesis+1","Whirlwind+1","Burning Pact+1","Metallicize+1","Shrug It Off+1","Anger","Dropkick+1","Dark Shackles+1","Limit Break+1","Flex+1","Shrug It Off+1","Pummel+1"],"special_seed":0,"relics":["Burning Blood","Ginger","War Paint","PreservedInsect","MawBank","Dream Catcher","Velvet Choker","Toxic Egg 2","Bag of Marbles","Anchor","Pear","Singing Bowl","Red Mask","Astrolabe","Potion Belt"],"potions_floor_usage":[41,47,47,50],"damage_taken":[{"damage":11.0,"enemies":"Small Slimes","floor":1.0,"turns":6.0},{"damage":4.0,"enemies":"Cultist","floor":3.0,"turns":4.0},{"damage":4.0,"enemies":"2 Louse","floor":4.0,"turns":3.0},{"damage":4.0,"enemies":"Exordium Wildlife","floor":5.0,"turns":5.0},{"damage":20.0,"enemies":"Gremlin Nob","floor":6.0,"turns":4.0},{"damage":25.0,"enemies":"Lagavulin","floor":8.0,"turns":8.0},{"damage":13.0,"enemies":"Gremlin Nob","floor":10.0,"turns":3.0},{"damage":2.0,"enemies":"Exordium Thugs","floor":11.0,"turns":4.0},{"damage":4.0,"enemies":"Blue Slaver","floor":13.0,"turns":4.0},{"damage":14.0,"enemies":"Large Slime","floor":14.0,"turns":6.0},{"damage":27.0,"enemies":"The Guardian","floor":16.0,"turns":14.0},{"damage":9.0,"enemies":"Shell Parasite","floor":18.0,"turns":5.0},{"damage":22.0,"enemies":"Spheric Guardian","floor":20.0,"turns":4.0},{"damage":7.0,"enemies":"Cultist and Chosen","floor":22.0,"turns":4.0},{"damage":21.0,"enemies":"Gremlin Leader","floor":27.0,"turns":4.0},{"damage":12.0,"enemies":"3 Cultists","floor":30.0,"turns":7.0},{"damage":15,"enemies":"Masked Bandits","floor":31,"turns":3},{"damage":52,"enemies":"Automaton","floor":33,"turns":8},{"damage":2,"enemies":"Orb Walker","floor":35,"turns":2},{"damage":24,"enemies":"3 Shapes","floor":37,"turns":3},{"damage":31,"enemies":"Writhing Mass","floor":38,"turns":6},{"damage":13,"enemies":"Sphere and 2 Shapes","floor":39,"turns":5},{"damage":3,"enemies":"Transient","floor":41,"turns":5},{"damage":29,"enemies":"Writhing Mass","floor":47,"turns":4},{"damage":25,"enemies":"Sphere and 2 Shapes","floor":48,"turns":7},{"damage":56,"enemies":"Time Eater","floor":50,"turns":7}],"seed_played":"7855584375331519251","potions_obtained":[{"floor":4.0,"key":"Explosive Potion"},{"floor":5.0,"key":"Energy Potion"},{"floor":6.0,"key":"LiquidBronze"},{"floor":13.0,"key":"Energy Potion"},{"floor":16.0,"key":"Explosive Potion"},{"floor":20.0,"key":"GamblersBrew"},{"floor":27.0,"key":"LiquidBronze"},{"floor":33,"key":"EssenceOfSteel"},{"floor":35,"key":"FearPotion"},{"floor":38,"key":"AttackPotion"},{"floor":39,"key":"SkillPotion"},{"floor":41,"key":"Block Potion"}],"is_trial":false,"path_per_floor":["M","?","M","M","M","E","R","E","T","E","M","R","M","M","R","B",null,"M","$","M","?","M","R","$","?","T","E","$","R","M","?","R","B",null,"M","?","M","M","M","R","M","?","T","?","R","$","M","M","R","B"],"character_chosen":"IRONCLAD","items_purchased":["Inflame","Toxic Egg 2","Anchor","Flex+1","Shrug It Off+1"],"campfire_rested":3,"item_purchase_floors":[19,19,24,46,46],"current_hp_per_floor":[67,67,69,71,73,59,59,40,40,33,37,37,39,31,31,10,63,60,60,44,44,43,43,43,43,53,38,38,38,34,27,55,9,73,77,77,59,34,29,59,62,62,62,62,62,62,41,24,54,0],"gold":163,"neow_bonus":"ONE_RARE_RELIC","is_prod":false,"is_daily":false,"chose_seed":false,"campfire_upgraded":6,"win_rate":0,"timestamp":1549254053,"path_taken":["M","?","M","M","M","E","R","E","T","E","M","R","M","M","R","BOSS","M","?","?","?","M","R","$","?","T","E","$","R","?","?","R","BOSS","M","?","?","M","M","R","M","?","T","?","R","$","M","?","R","BOSS"],"build_version":"2019-01-23","purchased_purges":2,"victory":false,"max_hp_per_floor":[80,80,80,80,80,80,80,80,80,80,80,80,80,80,80,80,80,80,80,80,80,80,80,80,80,90,90,90,90,92,94,94,94,94,94,94,94,94,96,98,98,98,98,98,98,98,100,102,102,102],"card_choices":[{"not_picked":["Sword Boomerang","Cleave"],"picked":"Shockwave","floor":1.0},{"not_picked":["Havoc","Clothesline"],"picked":"Shrug It Off","floor":3.0},{"not_picked":["Rupture","Clash"],"picked":"Thunderclap","floor":4.0},{"not_picked":["Headbutt","Heavy Blade"],"picked":"Iron Wave","floor":5.0},{"not_picked":["Seeing Red","Warcry"],"picked":"Pommel Strike","floor":6.0},{"not_picked":["Clothesline","Sentinel"],"picked":"Limit Break","floor":8.0},{"not_picked":["Perfected Strike","Rampage","Body Slam"],"picked":"SKIP","floor":10.0},{"not_picked":["Clash","Headbutt"],"picked":"Burning Pact","floor":11.0},{"not_picked":["Pommel Strike","Body Slam","Thunderclap"],"picked":"SKIP","floor":13.0},{"not_picked":["Iron Wave","Reckless Charge"],"picked":"Heavy Blade","floor":14.0},{"not_picked":["Impervious","Barricade"],"picked":"Double Tap","floor":16.0},{"not_picked":["Thunderclap","Wild Strike","Body Slam+1"],"picked":"SKIP","floor":18.0},{"not_picked":["Clothesline","Wild Strike"],"picked":"Armaments+1","floor":20.0},{"not_picked":["Clothesline","Blood for Blood"],"picked":"Seeing Red+1","floor":22.0},{"not_picked":["Headbutt","Pommel Strike"],"picked":"Iron Wave+1","floor":27.0},{"not_picked":["Power Through+1","Uppercut","Metallicize"],"picked":"Singing Bowl","floor":30.0},{"not_picked":["Havoc+1","Burning Pact+1","Perfected Strike"],"picked":"Singing Bowl","floor":31},{"not_picked":["Perfected Strike+1","Hemokinesis"],"picked":"Heavy Blade","floor":32},{"not_picked":["Double Tap+1","Impervious+1"],"picked":"Exhume+1","floor":33},{"not_picked":["Fire Breathing","Heavy Blade"],"picked":"Metallicize+1","floor":35},{"not_picked":["Pommel Strike","Havoc+1"],"picked":"Shrug It Off+1","floor":37},{"not_picked":["Clothesline+1","Uppercut+1"],"picked":"Anger","floor":38},{"not_picked":["Anger+1","Wild Strike+1","Second Wind+1"],"picked":"Singing Bowl","floor":39},{"not_picked":["Wild Strike","Reckless Charge","Second Wind+1"],"picked":"Singing Bowl","floor":40},{"not_picked":["Sentinel+1","Iron Wave+1"],"picked":"Dropkick+1","floor":41},{"not_picked":["Panache","Discovery+1"],"picked":"Dark Shackles+1","floor":42},{"not_picked":["Headbutt","Seeing Red+1","Sentinel+1"],"picked":"Singing Bowl","floor":47},{"not_picked":["Body Slam+1","Cleave+1","Thunderclap"],"picked":"Singing Bowl","floor":48},{"not_picked":["Second Wind+1","Sever Soul"],"picked":"Pummel+1","floor":49}],"player_experience":293602,"relics_obtained":[{"floor":6.0,"key":"War Paint"},{"floor":8.0,"key":"PreservedInsect"},{"floor":9.0,"key":"MawBank"},{"floor":10.0,"key":"Dream Catcher"},{"floor":26.0,"key":"Pear"},{"floor":27.0,"key":"Singing Bowl"},{"floor":31,"key":"Red Mask"},{"floor":43,"key":"Potion Belt"}],"event_choices":[{"damage_healed":0.0,"max_hp_gain":0.0,"max_hp_loss":0.0,"gold_gain":100.0,"event_name":"Wheel of Change","player_choice":"Gold","floor":2.0,"gold_loss":0.0,"damage_taken":0.0},{"damage_healed":0.0,"max_hp_gain":0.0,"max_hp_loss":0.0,"gold_gain":0.0,"event_name":"The Mausoleum","player_choice":"Opened","floor":21.0,"gold_loss":0.0,"damage_taken":0.0,"relics_obtained":["Bag of Marbles"]},{"cards_removed":["Strike_R"],"damage_healed":0.0,"max_hp_gain":0.0,"max_hp_loss":0.0,"gold_gain":0.0,"event_name":"Purifier","player_choice":"Purged","floor":25.0,"gold_loss":0.0,"damage_taken":0.0},{"damage_healed":0,"gold_gain":0,"player_choice":"Fought Bandits","damage_taken":0,"max_hp_gain":0,"max_hp_loss":0,"event_name":"Masked Bandits","floor":31,"gold_loss":0},{"damage_healed":0,"gold_gain":0,"player_choice":"Ignored","damage_taken":0,"max_hp_gain":0,"max_hp_loss":0,"event_name":"SecretPortal","floor":36,"gold_loss":0},{"damage_healed":0,"gold_gain":0,"player_choice":"Memory 1","damage_taken":0,"max_hp_gain":0,"max_hp_loss":0,"event_name":"SensoryStone","floor":42,"gold_loss":0},{"damage_healed":0,"gold_gain":0,"player_choice":"Copied","damage_taken":0,"max_hp_gain":0,"max_hp_loss":0,"event_name":"Duplicator","floor":44,"gold_loss":0,"cards_obtained":["Limit Break"]}],"is_beta":false,"boss_relics":[{"not_picked":["Snecko Eye","Runic Cube"],"picked":"Velvet Choker"},{"not_picked":["Tiny House","Busted Crown"],"picked":"Astrolabe"}],"items_purged_floors":[19,46],"is_endless":false,"potions_floor_spawned":[4,5,6,13,16,20,27,33,35,38,39,41],"killed_by":"Time Eater","ascension_level":6}