{"gold_per_floor":[116,128,203,217,317,346,346,375,375,405,421,421,421,437,437,540,540,550,465,415,431,458,492,492,525,525,525,535,54,86,86,86,188,188,201,201,201,301,62,62,94,94,118,44,44,44,64,64,64,64,64,64,3,37,37],"floor_reached":55,"playtime":3938,"items_purged":["Strike_G","Writhe"],"score":839,"play_id":"c1526015-4648-4386-b1ff-f346e8d6172b","local_time":"20190111151113","is_ascension_mode":true,"campfire_choices":[{"floor":7,"key":"REST"},{"floor":13,"key":"REST"},{"floor":15,"key":"REST"},{"data":"Noxious Fumes","floor":24,"key":"SMITH"},{"floor":27,"key":"REST"},{"floor":32,"key":"REST"},{"floor":40,"key":"RECALL"},{"data":"Venomology","floor":42,"key":"SMITH"},{"data":"Bouncing Flask","floor":45,"key":"SMITH"},{"data":"Backflip","floor":49,"key":"SMITH"},{"data":"Bane","floor":52,"key":"SMITH"}],"neow_cost":"NONE","seed_source_timestamp":151882209793885,"circlet_count":0,"master_deck":["Survivor","Neutralize","Bouncing Flask+1","Bane+1","Noxious Fumes+1","Dodge and Roll+1","Dodge and Roll+1","Venomology+1","Dagger Spray+1","A Thousand Cuts+1","Finisher+1","Poisoned Stab","Dash+1","Prepared+1","Night Terror","Caltrops","PiercingWail","Backflip+1","Dagger Spray+1","Poisoned Stab+1","Terror+1"],"relics":["Ring of the Snake","Bag of Marbles","Matryoshka","Dead Branch","Bronze Scales","Du-Vu Doll","Astrolabe","Dream Catcher","Lantern","Juzu Bracelet","Pantograph","Potion Belt","Molten Egg 2","Membership Card","PreservedInsect","Sundial","Snake Skull","Anchor","Pandora\u0027s Box","Mango","StoneCalendar","War Paint","Pen Nib","Strawberry","Vajra"],"potions_floor_usage":[12,16,16,16,18,21,21,23,23,25,28,28,30,33,33,33,33,33,35,35,35,38,41,41,41,50,50,50,50,50,54,54,54,54,55],"damage_taken":[{"damage":7,"enemies":"Jaw Worm","floor":1,"turns":5},{"damage":0,"enemies":"Small Slimes","floor":2,"turns":3},{"damage":0,"enemies":"Cultist","floor":4,"turns":2},{"damage":49,"enemies":"Gremlin Nob","floor":6,"turns":5},{"damage":8,"enemies":"Lagavulin","floor":8,"turns":7},{"damage":1,"enemies":"3 Sentries","floor":10,"turns":7},{"damage":0,"enemies":"Large Slime","floor":11,"turns":5},{"damage":0,"enemies":"Gremlin Gang","floor":12,"turns":1},{"damage":5,"enemies":"Exordium Thugs","floor":14,"turns":6},{"damage":15,"enemies":"Slime Boss","floor":16,"turns":9},{"damage":16,"enemies":"Spheric Guardian","floor":18,"turns":4},{"damage":0,"enemies":"Chosen","floor":21,"turns":4},{"damage":14,"enemies":"Gremlin Leader","floor":23,"turns":6},{"damage":32,"enemies":"Book of Stabbing","floor":25,"turns":5},{"damage":11,"enemies":"Snecko","floor":28,"turns":3},{"damage":5,"enemies":"Gremlin Leader","floor":30,"turns":5},{"damage":21,"enemies":"Collector","floor":33,"turns":7},{"damage":4,"enemies":"Orb Walker","floor":35,"turns":3},{"damage":2,"enemies":"Mind Bloom Boss Battle","floor":38,"turns":5},{"damage":44,"enemies":"Nemesis","floor":41,"turns":5},{"damage":3,"enemies":"3 Shapes","floor":47,"turns":3},{"damage":38,"enemies":"Donu and Deca","floor":50,"turns":7},{"damage":25,"enemies":"Shield and Spear","floor":54,"turns":4},{"damage":99,"enemies":"The Heart","floor":55,"turns":5}],"seed_played":"9134613785488305726","potions_obtained":[{"floor":1,"key":"GamblersBrew"},{"floor":8,"key":"SmokeBomb"},{"floor":10,"key":"Weak Potion"},{"floor":14,"key":"SteroidPotion"},{"floor":16,"key":"Fire Potion"},{"floor":21,"key":"Weak Potion"},{"floor":25,"key":"PowerPotion"},{"floor":28,"key":"SteroidPotion"},{"floor":30,"key":"PowerPotion"},{"floor":38,"key":"Energy Potion"},{"floor":41,"key":"FearPotion"},{"floor":47,"key":"PowerPotion"}],"is_trial":false,"path_per_floor":["M","M","?","M","?","E","R","E","T","E","M","M","R","M","R","B",null,"M","?","?","M","T","E","R","E","T","R","M","$","E","?","R","B",null,"M","?","?","?","$","R","E","R","T","$","R","?","M","?","R","B",null,"R","$","E","B"],"character_chosen":"THE_SILENT","items_purchased":["Membership Card","PreservedInsect","Sundial","GhostInAJar","GhostInAJar","StoneCalendar","Strawberry","GhostInAJar","AttackPotion"],"campfire_rested":5,"item_purchase_floors":[29,29,29,29,39,39,44,53,53],"current_hp_per_floor":[63,63,52,52,52,3,24,16,16,15,15,15,36,31,52,37,70,54,54,54,54,54,40,40,8,8,29,18,18,13,13,34,38,70,66,66,66,82,82,82,38,38,38,45,45,45,42,80,80,51,80,80,80,55,0],"gold":37,"neow_bonus":"RANDOM_COMMON_RELIC","is_prod":false,"is_daily":false,"chose_seed":false,"campfire_upgraded":5,"win_rate":0,"timestamp":1547241073,"path_taken":["M","M","?","M","?","E","R","E","T","E","M","M","R","M","R","BOSS","M","?","?","?","?","E","R","E","T","R","M","$","E","?","R","BOSS","M","?","?","?","$","R","E","R","T","?","R","?","M","?","R","BOSS","R","$","E","BOSS"],"build_version":"2019-01-10","purchased_purges":2,"victory":false,"max_hp_per_floor":[70,70,70,70,70,70,70,70,70,70,70,70,70,70,70,70,70,70,70,70,70,70,70,70,70,70,70,70,70,70,70,70,70,70,70,70,70,84,84,84,84,84,84,91,91,91,91,80,80,80,80,80,80,80,80],"card_choices":[{"not_picked":["Dodge and Roll","Poisoned Stab"],"picked":"Bouncing Flask","floor":1},{"not_picked":["Accuracy","Endless Agony"],"picked":"Bane","floor":2},{"not_picked":["Escape Plan","Blade Dance"],"picked":"Noxious Fumes","floor":4},{"not_picked":["Slice","Expertise","Sucker Punch"],"picked":"SKIP","floor":6},{"not_picked":["Backstab","Quick Slash"],"picked":"Dodge and Roll","floor":8},{"not_picked":["Well Laid Plans","Bane","Cloak And Dagger"],"picked":"SKIP","floor":10},{"not_picked":["Slice","Poisoned Stab"],"picked":"Dodge and Roll","floor":11},{"not_picked":["Expertise","Outmaneuver","Flying Knee"],"picked":"SKIP","floor":14},{"not_picked":["Night Terror","Phantasmal Killer"],"picked":"Venomology","floor":16},{"not_picked":["Tactician","Bane"],"picked":"Poisoned Stab","floor":18},{"not_picked":["Expertise+1","Deadly Poison+1","Predator+1"],"picked":"SKIP","floor":21},{"not_picked":["Outmaneuver","Unload","Deflect+1"],"picked":"SKIP","floor":23},{"not_picked":["Phantasmal Killer","PiercingWail","Terror+1"],"picked":"SKIP","floor":25},{"not_picked":["Poisoned Stab+1","Dagger Throw+1"],"picked":"Dash+1","floor":27},{"not_picked":["Well Laid Plans","Underhanded Strike+1"],"picked":"Prepared+1","floor":28},{"not_picked":["Well Laid Plans","Unload+1","Cloak And Dagger+1"],"picked":"SKIP","floor":30},{"not_picked":["Cloak And Dagger","PiercingWail","Expertise"],"picked":"SKIP","floor":35},{"not_picked":["Prepared+1","Deflect","Dagger Throw+1"],"picked":"SKIP","floor":41},{"not_picked":["Bouncing Flask+1","Slice+1"],"picked":"Poisoned Stab+1","floor":47},{"not_picked":["Deflect+1","Crippling Poison+1"],"picked":"Terror+1","floor":54}],"player_experience":222962,"relics_obtained":[{"floor":6,"key":"Matryoshka"},{"floor":8,"key":"Dead Branch"},{"floor":9,"key":"Bronze Scales"},{"floor":10,"key":"Du-Vu Doll"},{"floor":22,"key":"Lantern"},{"floor":22,"key":"Juzu Bracelet"},{"floor":23,"key":"Pantograph"},{"floor":25,"key":"Potion Belt"},{"floor":26,"key":"Molten Egg 2"},{"floor":30,"key":"Snake Skull"},{"floor":38,"key":"Mango"},{"floor":41,"key":"War Paint"},{"floor":43,"key":"Pen Nib"},{"floor":54,"key":"Vajra"}],"event_choices":[{"damage_healed":0,"gold_gain":75,"player_choice":"Gather Gold","damage_taken":11,"max_hp_gain":0,"max_hp_loss":0,"event_name":"World of Goop","floor":3,"gold_loss":0},{"damage_healed":0,"gold_gain":100,"player_choice":"Pray","damage_taken":0,"max_hp_gain":0,"max_hp_loss":0,"event_name":"Golden Shrine","floor":5,"gold_loss":0},{"damage_healed":0,"gold_gain":0,"player_choice":"Obtained Relic","damage_taken":0,"relics_obtained":["Dream Catcher"],"max_hp_gain":0,"max_hp_loss":0,"event_name":"Addict","floor":19,"gold_loss":85},{"damage_healed":0,"gold_gain":0,"player_choice":"Bet on Murderer","damage_taken":0,"max_hp_gain":0,"max_hp_loss":0,"event_name":"The Joust","floor":20,"gold_loss":50},{"damage_healed":0,"gold_gain":0,"player_choice":"Opened","damage_taken":0,"relics_obtained":["Anchor"],"max_hp_gain":0,"max_hp_loss":0,"event_name":"The Mausoleum","floor":31,"gold_loss":0,"cards_obtained":["Writhe"]},{"damage_healed":0,"gold_gain":0,"player_choice":"Ignored","damage_taken":0,"max_hp_gain":0,"max_hp_loss":0,"event_name":"Tomb of Lord Red Mask","floor":36,"gold_loss":0},{"cards_removed":["Phantasmal Killer"],"damage_healed":0,"gold_gain":0,"player_choice":"Removed Skill","damage_taken":0,"max_hp_gain":0,"max_hp_loss":0,"event_name":"Falling","floor":37,"gold_loss":0},{"damage_healed":0,"gold_gain":0,"player_choice":"Fight","damage_taken":0,"max_hp_gain":0,"max_hp_loss":0,"event_name":"MindBloom","floor":38,"gold_loss":0},{"damage_healed":0,"gold_gain":0,"player_choice":"Memory 1","damage_taken":0,"max_hp_gain":0,"max_hp_loss":0,"event_name":"SensoryStone","floor":46,"gold_loss":0},{"damage_healed":80,"gold_gain":0,"player_choice":"Heal","damage_taken":0,"max_hp_gain":0,"max_hp_loss":11,"event_name":"The Moai Head","floor":48,"gold_loss":0}],"is_beta":false,"boss_relics":[{"not_picked":["Fusion Hammer","Orrery"],"picked":"Astrolabe"},{"not_picked":["Philosopher\u0027s Stone","Runic Pyramid"],"picked":"Pandora\u0027s Box"}],"items_purged_floors":[29,39],"is_endless":false,"potions_floor_spawned":[1,8,10,12,14,16,21,25,28,30,38,41,47],"killed_by":"The Heart","ascension_level":2}