{"gold_per_floor":[109,30,48,48,48,48,79,93,175,202,214,243,223,244,244,339,339,354,374,338,338,143,169,169,197,197,207,207,234,234,262,262,364,364,381,481,500,511,525,554,570,603,630,630,250,270,280,312,312,312,312,312,23,55,55],"floor_reached":56,"playtime":7896,"items_purged":[],"score":1727,"play_id":"d2502be2-ba9c-4700-b8f6-7dec143ed71e","local_time":"20190210225356","is_ascension_mode":true,"campfire_choices":[{"data":"Consume","floor":6,"key":"SMITH"},{"data":"Buffer","floor":15,"key":"SMITH"},{"data":"Creative AI","floor":24,"key":"SMITH"},{"data":"Capacitor","floor":28,"key":"SMITH"},{"data":"Echo Form","floor":30,"key":"SMITH"},{"data":"Loop","floor":32,"key":"SMITH"},{"data":"Defragment","floor":44,"key":"SMITH"},{"floor":49,"key":"RECALL"},{"data":"Defragment","floor":52,"key":"SMITH"}],"neow_cost":"TEN_PERCENT_HP_LOSS","seed_source_timestamp":248975200358086,"circlet_count":0,"master_deck":["Strike_B+1","Defend_B","Defend_B+1","Defend_B","Defend_B+1","Zap","Dualcast+1","Good Instincts","Trip","Cold Snap+1","Capacitor+1","Consume+1","Undo","Conserve Battery+1","Buffer+1","Electrodynamics","White Noise+1","Creative AI+1","Double Energy+1","Coolheaded+1","Loop+1","BootSequence+1","Doom and Gloom+1","Chaos+1","Echo Form+1","All For One","Creative AI","Skim+1","Turbo+1","Glacier+1","Aggregate+1","Steam Power+1","Capacitor+1","Defragment+1","Chaos+1","Defragment+1","Core Surge","Double Energy+1"],"relics":["Cracked Core","Strawberry","Sundial","Toxic Egg 2","Juzu Bracelet","Odd Mushroom","Runic Pyramid","Runic Capacitor","Centennial Puzzle","PreservedInsect","Whetstone","Meat on the Bone","Nuclear Battery","Gambling Chip","Lantern","Blood Vial","Bag of Preparation","War Paint","Orichalcum","Potion Belt","Pocketwatch","Shuriken"],"potions_floor_usage":[7,14,14,25],"damage_taken":[{"damage":2,"enemies":"Small Slimes","floor":1,"turns":3},{"damage":0,"enemies":"Cultist","floor":3,"turns":3},{"damage":20,"enemies":"Gremlin Nob","floor":7,"turns":5},{"damage":1,"enemies":"2 Louse","floor":8,"turns":3},{"damage":0,"enemies":"Lagavulin","floor":10,"turns":7},{"damage":3,"enemies":"2 Fungi Beasts","floor":11,"turns":3},{"damage":17,"enemies":"3 Sentries","floor":12,"turns":12},{"damage":8,"enemies":"The Mushroom Lair","floor":14,"turns":3},{"damage":0,"enemies":"Hexaghost","floor":16,"turns":10},{"damage":5,"enemies":"3 Byrds","floor":18,"turns":2},{"damage":12,"enemies":"Spheric Guardian","floor":19,"turns":6},{"damage":0,"enemies":"Gremlin Leader","floor":23,"turns":7},{"damage":0,"enemies":"Book of Stabbing","floor":25,"turns":9},{"damage":0,"enemies":"Snecko","floor":27,"turns":5},{"damage":36,"enemies":"Gremlin Leader","floor":29,"turns":6},{"damage":0,"enemies":"Book of Stabbing","floor":31,"turns":6},{"damage":0,"enemies":"Automaton","floor":33,"turns":9},{"damage":2,"enemies":"3 Darklings","floor":35,"turns":5},{"damage":0,"enemies":"Mind Bloom Boss Battle","floor":36,"turns":6},{"damage":25,"enemies":"3 Shapes","floor":37,"turns":4},{"damage":0,"enemies":"Writhing Mass","floor":38,"turns":10},{"damage":14,"enemies":"4 Shapes","floor":39,"turns":4},{"damage":2,"enemies":"Reptomancer","floor":40,"turns":6},{"damage":0,"enemies":"3 Darklings","floor":41,"turns":5},{"damage":0,"enemies":"Giant Head","floor":42,"turns":5},{"damage":0,"enemies":"Maw","floor":46,"turns":6},{"damage":0,"enemies":"Spire Growth","floor":47,"turns":5},{"damage":0,"enemies":"Reptomancer","floor":48,"turns":5},{"damage":0,"enemies":"Donu and Deca","floor":50,"turns":7},{"damage":10,"enemies":"Shield and Spear","floor":54,"turns":6},{"damage":37,"enemies":"The Heart","floor":55,"turns":10}],"seed_played":"-6417950826606198610","potions_obtained":[{"floor":1,"key":"Strength Potion"},{"floor":3,"key":"FocusPotion"},{"floor":10,"key":"Regen Potion"},{"floor":13,"key":"SneckoOil"},{"floor":14,"key":"Fire Potion"},{"floor":16,"key":"SteroidPotion"},{"floor":23,"key":"PowerPotion"},{"floor":25,"key":"FocusPotion"},{"floor":31,"key":"FocusPotion"},{"floor":33,"key":"Regen Potion"},{"floor":46,"key":"Ancient Potion"}],"is_trial":false,"path_per_floor":["?","?","?","?","?","?"],"character_chosen":"DEFECT","items_purchased":["Capacitor","Loop","Runic Capacitor","Defragment","War Paint","Orichalcum","Pocketwatch"],"campfire_rested":0,"item_purchase_floors":[2,20,22,45,45,45,53],"current_hp_per_floor":[66,66,66,52,45,45,32,31,31,31,28,11,11,12,12,12,75,70,58,58,58,58,58,58,58,58,58,58,22,22,22,22,34,75,73,73,48,48,46,44,44,44,44,44,44,46,48,50,50,52,75,75,75,65,42],"gold":55,"neow_bonus":"RANDOM_COLORLESS_2","is_prod":false,"is_daily":false,"chose_seed":false,"campfire_upgraded":8,"win_rate":0,"timestamp":1549835636,"path_taken":["M","$","M","?","?","R","E","M","T","E","M","E","?","?","R","BOSS","M","M","$","?","$","E","R","E","T","M","R","E","R","E","R","BOSS","M","?","M","M","M","E","M","E","T","R","$","M","M","E","R","BOSS","R","$","E","BOSS"],"build_version":"2019-01-23","purchased_purges":0,"victory":true,"max_hp_per_floor":[68,68,68,68,68,68,75,75,75,75,75,75,75,75,75,75,75,75,75,75,75,75,75,75,75,75,75,75,75,75,75,75,75,75,75,75,75,75,75,75,75,75,75,75,75,75,75,75,75,75,75,75,75,75,75],"card_choices":[{"not_picked":["Rebound","Lockon"],"picked":"Cold Snap","floor":1},{"not_picked":["Reprogram","Heatsinks"],"picked":"Consume","floor":3},{"not_picked":["Barrage","Beam Cell","Sweeping Beam"],"picked":"SKIP","floor":7},{"not_picked":["Barrage","Redo"],"picked":"Undo","floor":8},{"not_picked":["FTL","Hologram"],"picked":"Conserve Battery","floor":10},{"not_picked":["Sweeping Beam","Turbo+1"],"picked":"Buffer","floor":11},{"not_picked":["Static Discharge","Tempest+1"],"picked":"Electrodynamics","floor":12},{"not_picked":["Coolheaded+1","Stack+1"],"picked":"White Noise+1","floor":14},{"not_picked":["Fission+1","Hyperbeam"],"picked":"Creative AI","floor":16},{"not_picked":["Compile Driver","Auto Shields+1"],"picked":"Double Energy+1","floor":18},{"not_picked":["Cold Snap","Ball Lightning+1"],"picked":"Coolheaded+1","floor":19},{"not_picked":["Gash","Aggregate+1"],"picked":"Chaos+1","floor":23},{"not_picked":["Stack+1","Self Repair"],"picked":"Echo Form","floor":25},{"not_picked":["Streamline","Genetic Algorithm+1","Stack+1"],"picked":"SKIP","floor":27},{"not_picked":["Melter+1","Cold Snap+1"],"picked":"All For One","floor":29},{"not_picked":["Stack+1","Steam+1","Beam Cell+1"],"picked":"SKIP","floor":31},{"not_picked":["Machine Learning","Thunder Strike"],"picked":"Creative AI","floor":33},{"not_picked":["Go for the Eyes","Self Repair"],"picked":"Skim+1","floor":35},{"not_picked":["Cold Snap","Leap+1"],"picked":"Turbo+1","floor":36},{"not_picked":["Ball Lightning","Static Discharge"],"picked":"Glacier+1","floor":37},{"not_picked":["Barrage","Streamline"],"picked":"Aggregate+1","floor":38},{"not_picked":["Glacier+1","Melter+1"],"picked":"Steam Power+1","floor":39},{"not_picked":["Scrape+1","Force Field+1"],"picked":"Capacitor+1","floor":40},{"not_picked":["Barrage+1","Self Repair+1"],"picked":"Defragment","floor":41},{"not_picked":["Rebound","Gash"],"picked":"Chaos+1","floor":42},{"not_picked":["Lockon+1","Rebound"],"picked":"Core Surge","floor":46},{"not_picked":["Barrage","Beam Cell+1","FTL"],"picked":"SKIP","floor":47},{"not_picked":["Skim+1","Stack+1"],"picked":"Double Energy+1","floor":48},{"not_picked":["Doom and Gloom","Steam+1","Beam Cell+1"],"picked":"SKIP","floor":54}],"player_experience":85758,"relics_obtained":[{"floor":7,"key":"Strawberry"},{"floor":9,"key":"Sundial"},{"floor":10,"key":"Toxic Egg 2"},{"floor":12,"key":"Juzu Bracelet"},{"floor":14,"key":"Odd Mushroom"},{"floor":23,"key":"Centennial Puzzle"},{"floor":25,"key":"PreservedInsect"},{"floor":29,"key":"Whetstone"},{"floor":31,"key":"Meat on the Bone"},{"floor":36,"key":"Gambling Chip"},{"floor":40,"key":"Lantern"},{"floor":42,"key":"Blood Vial"},{"floor":43,"key":"Bag of Preparation"},{"floor":48,"key":"Potion Belt"},{"floor":54,"key":"Shuriken"}],"event_choices":[{"damage_healed":0,"gold_gain":0,"player_choice":"Entered Light","damage_taken":14,"max_hp_gain":0,"max_hp_loss":0,"event_name":"Shining Light","floor":4,"gold_loss":0,"cards_upgraded":["Dualcast","Cold Snap"]},{"cards_removed":["Strike_B"],"damage_healed":0,"gold_gain":0,"player_choice":"Card Removal","damage_taken":7,"max_hp_gain":0,"max_hp_loss":0,"event_name":"Golden Wing","floor":5,"gold_loss":0},{"damage_healed":0,"gold_gain":0,"player_choice":"Bought 1 Potion","damage_taken":0,"max_hp_gain":0,"max_hp_loss":0,"event_name":"The Woman in Blue","floor":13,"gold_loss":0},{"damage_healed":0,"gold_gain":0,"player_choice":"Fought Mushrooms","damage_taken":0,"max_hp_gain":0,"max_hp_loss":0,"event_name":"Mushrooms","floor":14,"gold_loss":0},{"damage_healed":0,"gold_gain":0,"cards_transformed":["Strike_B","Strike_B"],"player_choice":"Became Test Subject","damage_taken":0,"max_hp_gain":0,"max_hp_loss":0,"event_name":"Drug Dealer","floor":21,"gold_loss":0,"cards_obtained":["BootSequence","Doom and Gloom"]},{"damage_healed":0,"gold_gain":0,"player_choice":"Fight","damage_taken":0,"max_hp_gain":0,"max_hp_loss":0,"event_name":"MindBloom","floor":36,"gold_loss":0}],"is_beta":false,"boss_relics":[{"not_picked":["Velvet Choker","Runic Dome"],"picked":"Runic Pyramid"},{"not_picked":["Coffee Dripper","Tiny House"],"picked":"Nuclear Battery"}],"items_purged_floors":[],"is_endless":false,"potions_floor_spawned":[1,3,10,14,16,23,25,31,33,35,36,39,46],"ascension_level":1}