{"gold_per_floor":[363,438,438,130,155,196,219,174,198,233,233,247,272,272,272,272],"floor_reached":16,"playtime":841,"items_purged":[],"score":170,"play_id":"2517326e-2e1e-465e-9c66-5df1bdb887fc","local_time":"20181206183542","is_ascension_mode":true,"campfire_choices":[{"floor":11,"key":"REST"},{"floor":15,"key":"REST"}],"neow_cost":"TEN_PERCENT_HP_LOSS","seed_source_timestamp":502186822042058,"circlet_count":0,"master_deck":["AscendersBane","Strike_R","Strike_R","Strike_R","Strike_R","Strike_R","Defend_R","Defend_R","Defend_R","Defend_R","Bash","Perfected Strike","Thunderclap","Shrug It Off","Compile Driver","Perfected Strike","Shrug It Off","Predator","Panacea"],"relics":["Burning Blood","Golden Idol","PrismaticShard","Art of War","Odd Mushroom"],"potions_floor_usage":[10,13],"damage_taken":[{"damage":4,"enemies":"Jaw Worm","floor":1,"turns":4},{"damage":10,"enemies":"Small Slimes","floor":5,"turns":3},{"damage":36,"enemies":"Gremlin Nob","floor":6,"turns":5},{"damage":0,"enemies":"Cultist","floor":7,"turns":3},{"damage":24,"enemies":"The Mushroom Lair","floor":10,"turns":3},{"damage":21,"enemies":"Exordium Thugs","floor":12,"turns":4},{"damage":3,"enemies":"2 Fungi Beasts","floor":13,"turns":3},{"damage":37,"enemies":"Slime Boss","floor":16,"turns":7}],"seed_played":"-1881320996357383397","potions_obtained":[{"floor":7,"key":"Strength Potion"},{"floor":12,"key":"EssenceOfSteel"},{"floor":13,"key":"Ancient Potion"}],"is_trial":false,"path_per_floor":["M","?","?","$","M","E","M","$","T","?","R","M","M","$","R","B"],"character_chosen":"IRONCLAD","items_purchased":["PrismaticShard","Thunderclap","Shrug It Off","Shrug It Off"],"campfire_rested":2,"item_purchase_floors":[4,4,4,8],"current_hp_per_floor":[68,57,57,57,53,23,29,29,29,11,29,14,17,17,35,0],"gold":272,"neow_bonus":"TWO_FIFTY_GOLD","is_prod":false,"is_daily":false,"chose_seed":false,"campfire_upgraded":0,"win_rate":0,"timestamp":1544121342,"path_taken":["M","?","?","$","M","E","M","$","T","?","R","M","M","$","R","BOSS"],"build_version":"2018-11-15","purchased_purges":0,"victory":false,"max_hp_per_floor":[68,68,63,63,63,63,63,63,63,63,63,63,63,63,63,63],"card_choices":[{"not_picked":["Clash","Fire Breathing"],"picked":"Perfected Strike","floor":1},{"not_picked":["Pummel","Redo"],"picked":"Compile Driver","floor":5},{"not_picked":["Choke","Rupture","Catalyst"],"picked":"SKIP","floor":6},{"not_picked":["Power Through","True Grit"],"picked":"Perfected Strike","floor":7},{"not_picked":["Sucker Punch","Steam Power"],"picked":"Predator","floor":10},{"not_picked":["Sword Boomerang","Choke","Streamline"],"picked":"SKIP","floor":12},{"not_picked":["True Grit","Compile Driver"],"picked":"Panacea","floor":13}],"player_experience":988156,"relics_obtained":[{"floor":6,"key":"Art of War"},{"floor":10,"key":"Odd Mushroom"}],"event_choices":[{"damage_healed":0,"gold_gain":75,"player_choice":"Gather Gold","damage_taken":11,"max_hp_gain":0,"max_hp_loss":0,"event_name":"World of Goop","floor":2,"gold_loss":0},{"damage_healed":0,"gold_gain":0,"player_choice":"Lose Max HP","damage_taken":0,"relics_obtained":["Golden Idol"],"max_hp_gain":0,"max_hp_loss":5,"event_name":"Golden Idol","floor":3,"gold_loss":0},{"damage_healed":0,"gold_gain":0,"player_choice":"Fought Mushrooms","damage_taken":0,"max_hp_gain":0,"max_hp_loss":0,"event_name":"Mushrooms","floor":10,"gold_loss":0}],"is_beta":false,"boss_relics":[],"items_purged_floors":[],"is_endless":false,"potions_floor_spawned":[7,12,13],"killed_by":"Slime Boss","ascension_level":14}