{"gold_per_floor":[109,184,131,131,131,171,171,187,187,203,58,71,95,113,113,239,239,282,302,320,341,356,356,389,404,431,466,466,466,486,501,501,620,620,636,660,167,182,200,238,84,108,108,123,141,266,289,314,314,314],"floor_reached":51,"playtime":3523,"items_purged":[],"score":881,"play_id":"0cee01d7-e352-4c85-b231-b30461c64e12","local_time":"20181129213030","daily_mods":["SealedDeck","Hoarder","Vintage"],"is_ascension_mode":false,"campfire_choices":[{"floor":7,"key":"REST"},{"data":"Thunderclap","floor":15,"key":"SMITH"},{"floor":23,"key":"REST"},{"data":"Thunderclap","floor":32,"key":"SMITH"},{"floor":49,"key":"REST"}],"neow_cost":"","seed_source_timestamp":507246584575316,"circlet_count":0,"master_deck":["Sentinel","Sentinel","Sentinel","Iron Wave","Iron Wave","Iron Wave+1","Heavy Blade","Heavy Blade","Heavy Blade","Thunderclap+1","Thunderclap+1","Thunderclap","Thunderclap","Thunderclap","Thunderclap+1","Metallicize","Metallicize","Metallicize","Uppercut+1","Uppercut","Uppercut+1","Flame Barrier","Flame Barrier","Flame Barrier","Cleave","Cleave","Cleave","Spot Weakness","Spot Weakness","Spot Weakness","Shrug It Off","Shrug It Off","Shrug It Off","Demon Form","Demon Form","Demon Form","Double Tap","Double Tap","Double Tap","Sadistic Nature","Sadistic Nature","Sadistic Nature","Shrug It Off+1","Shrug It Off+1","Shrug It Off+1"],"relics":["Burning Blood","Blue Candle","Golden Idol","Shuriken","Happy Flower","Torii","Boot","Orichalcum","Bronze Scales","Juzu Bracelet","Kunai","Black Star","Tiny Chest","Bag of Marbles","Oddly Smooth Stone","Vajra","Art of War","Bag of Preparation","Strawberry","Regal Pillow","Red Skull","Mummified Hand","Self Forming Clay","Dream Catcher","The Courier","Sundial","Bottled Tornado","Brimstone","Pear","Bottled Lightning","Omamori","Pen Nib","MawBank","ClockworkSouvenir","Whetstone","Bottled Flame","Blood Vial","Matryoshka","Turnip","Pocketwatch","Gremlin Horn"],"potions_floor_usage":[13,14,16,21,22,25,27,33,38,44,50,50,50],"damage_taken":[{"damage":8,"enemies":"Small Slimes","floor":1,"turns":3},{"damage":19,"enemies":"Gremlin Nob","floor":6,"turns":4},{"damage":1,"enemies":"2 Louse","floor":8,"turns":2},{"damage":0,"enemies":"Cultist","floor":10,"turns":2},{"damage":1,"enemies":"Looter","floor":12,"turns":4},{"damage":1,"enemies":"Red Slaver","floor":13,"turns":3},{"damage":1,"enemies":"3 Louse","floor":14,"turns":2},{"damage":16,"enemies":"The Guardian","floor":16,"turns":8},{"damage":0,"enemies":"Shell Parasite","floor":18,"turns":5},{"damage":0,"enemies":"3 Byrds","floor":19,"turns":3},{"damage":23,"enemies":"Sentry and Sphere","floor":20,"turns":5},{"damage":7,"enemies":"Centurion and Healer","floor":21,"turns":5},{"damage":16,"enemies":"Snake Plant","floor":22,"turns":4},{"damage":13,"enemies":"Gremlin Leader","floor":24,"turns":4},{"damage":0,"enemies":"Snecko","floor":25,"turns":2},{"damage":10,"enemies":"Slavers","floor":27,"turns":3},{"damage":10,"enemies":"Shelled Parasite and Fungi","floor":30,"turns":3},{"damage":9,"enemies":"Snake Plant","floor":31,"turns":3},{"damage":45,"enemies":"Champ","floor":33,"turns":8},{"damage":17,"enemies":"3 Darklings","floor":35,"turns":2},{"damage":0,"enemies":"Orb Walker","floor":36,"turns":3},{"damage":1,"enemies":"Sphere and 2 Shapes","floor":38,"turns":3},{"damage":0,"enemies":"Transient","floor":39,"turns":5},{"damage":22,"enemies":"Giant Head","floor":40,"turns":6},{"damage":32,"enemies":"4 Shapes","floor":42,"turns":2},{"damage":19,"enemies":"Writhing Mass","floor":44,"turns":5},{"damage":0,"enemies":"Transient","floor":45,"turns":5},{"damage":0,"enemies":"Mind Bloom Boss Battle","floor":46,"turns":5},{"damage":12,"enemies":"4 Shapes","floor":47,"turns":2},{"damage":1,"enemies":"Sphere and 2 Shapes","floor":48,"turns":3},{"damage":48,"enemies":"Time Eater","floor":50,"turns":7}],"seed_played":"-1950100904837412323","potions_obtained":[{"floor":6,"key":"SpeedPotion"},{"floor":8,"key":"Swift Potion"},{"floor":12,"key":"PowerPotion"},{"floor":13,"key":"BloodPotion"},{"floor":20,"key":"SpeedPotion"},{"floor":24,"key":"Explosive Potion"},{"floor":25,"key":"SkillPotion"},{"floor":27,"key":"Dexterity Potion"},{"floor":36,"key":"Swift Potion"},{"floor":38,"key":"Poison Potion"},{"floor":40,"key":"Ancient Potion"},{"floor":44,"key":"Fire Potion"},{"floor":46,"key":"SpeedPotion"},{"floor":48,"key":"Explosive Potion"}],"is_trial":true,"path_per_floor":["M","?","$","?","?","E","R","M","T","M","$","M","M","M","R","B",null,"M","M","M","M","M","R","E","M","T","E","?","$","M","M","R","B",null,"M","M","$","M","M","E","$","M","T","M","M","?","M","M","R","B",null],"character_chosen":"IRONCLAD","items_purchased":["Shrug It Off","Orichalcum","Sadistic Nature","Brimstone","Pear","ClockworkSouvenir"],"campfire_rested":3,"item_purchase_floors":[3,11,37,37,37,41],"current_hp_per_floor":[78,67,67,51,51,38,60,65,65,71,71,74,74,74,74,71,74,74,74,57,56,46,68,68,74,74,70,81,81,77,74,74,35,81,70,76,86,91,91,75,75,49,49,36,44,52,48,55,91,49],"gold":314,"neow_bonus":"","is_prod":false,"is_daily":false,"chose_seed":false,"campfire_upgraded":2,"win_rate":0,"timestamp":1543527030,"path_taken":["M","?","$","?","?","E","R","M","T","M","$","M","M","M","R","BOSS","M","M","M","M","M","R","E","M","T","E","?","$","M","M","R","BOSS","M","M","$","M","M","E","$","M","T","M","M","?","M","M","R","BOSS"],"build_version":"2018-11-15","purchased_purges":0,"victory":true,"max_hp_per_floor":[80,80,80,80,74,74,74,74,74,74,74,74,74,74,74,74,74,74,74,74,74,74,74,81,81,81,81,81,81,81,81,81,81,81,81,81,91,91,91,91,91,91,91,91,91,91,91,91,91,91],"card_choices":[{"not_picked":["Twin Strike","Wild Strike"],"picked":"Demon Form","floor":6},{"not_picked":["Dark Embrace","Reaper"],"picked":"Double Tap","floor":16},{"not_picked":["Body Slam+1","Feed","Perfected Strike+1"],"picked":"SKIP","floor":24},{"not_picked":["Spot Weakness","Warcry","Burning Pact"],"picked":"SKIP","floor":27},{"not_picked":["Headbutt","Pommel Strike"],"picked":"Shrug It Off+1","floor":40}],"player_experience":919020,"relics_obtained":[{"floor":1,"key":"Blue Candle"},{"floor":6,"key":"Shuriken"},{"floor":8,"key":"Happy Flower"},{"floor":9,"key":"Torii"},{"floor":10,"key":"Boot"},{"floor":12,"key":"Bronze Scales"},{"floor":13,"key":"Juzu Bracelet"},{"floor":14,"key":"Kunai"},{"floor":18,"key":"Tiny Chest"},{"floor":19,"key":"Bag of Marbles"},{"floor":20,"key":"Oddly Smooth Stone"},{"floor":21,"key":"Vajra"},{"floor":22,"key":"Art of War"},{"floor":24,"key":"Bag of Preparation"},{"floor":24,"key":"Strawberry"},{"floor":25,"key":"Regal Pillow"},{"floor":26,"key":"Red Skull"},{"floor":27,"key":"Mummified Hand"},{"floor":27,"key":"Self Forming Clay"},{"floor":30,"key":"Dream Catcher"},{"floor":31,"key":"The Courier"},{"floor":35,"key":"Sundial"},{"floor":36,"key":"Bottled Tornado"},{"floor":38,"key":"Bottled Lightning"},{"floor":39,"key":"Omamori"},{"floor":40,"key":"Pen Nib"},{"floor":40,"key":"MawBank"},{"floor":42,"key":"Whetstone"},{"floor":43,"key":"Bottled Flame"},{"floor":44,"key":"Blood Vial"},{"floor":45,"key":"Matryoshka"},{"floor":46,"key":"Turnip"},{"floor":47,"key":"Pocketwatch"},{"floor":48,"key":"Gremlin Horn"}],"event_choices":[{"damage_healed":0,"gold_gain":75,"player_choice":"Gather Gold","damage_taken":11,"max_hp_gain":0,"max_hp_loss":0,"event_name":"World of Goop","floor":2,"gold_loss":0},{"damage_healed":0,"gold_gain":0,"player_choice":"Entered Light","damage_taken":16,"max_hp_gain":0,"max_hp_loss":0,"event_name":"Shining Light","floor":4,"gold_loss":0,"cards_upgraded":["Uppercut","Thunderclap"]},{"damage_healed":0,"gold_gain":0,"player_choice":"Lose Max HP","damage_taken":0,"relics_obtained":["Golden Idol"],"max_hp_gain":0,"max_hp_loss":6,"event_name":"Golden Idol","floor":5,"gold_loss":0},{"damage_healed":27,"gold_gain":0,"player_choice":"Heal","damage_taken":0,"max_hp_gain":0,"max_hp_loss":0,"event_name":"The Library","floor":28,"gold_loss":0},{"damage_healed":0,"gold_gain":0,"player_choice":"Fight","damage_taken":0,"max_hp_gain":0,"max_hp_loss":0,"event_name":"MindBloom","floor":46,"gold_loss":0}],"is_beta":false,"boss_relics":[{"not_picked":["Orrery","Empty Cage"],"picked":"Black Star"},{"not_picked":["Runic Dome","Velvet Choker","Runic Pyramid"]}],"items_purged_floors":[],"is_endless":false,"potions_floor_spawned":[6,8,12,13,20,24,25,27,36,38,40,44,46,48],"ascension_level":0}