{"gold_per_floor":[111,111,126,126,126,126,139,139,214,228,238,69,69,89,89,186,186,204,204,204,50,70,131,131],"floor_reached":24,"playtime":934,"items_purged":["Strike_B","Decay"],"score":206,"play_id":"bd9c11b6-2191-4869-b829-9cedf89391e5","local_time":"20181102191619","is_ascension_mode":false,"campfire_choices":[{"data":"Zap","floor":6,"key":"SMITH"},{"floor":8,"key":"RECALL"},{"data":"Scrape","floor":15,"key":"SMITH"}],"neow_cost":"NONE","seed_source_timestamp":263173619858744,"circlet_count":0,"master_deck":["Strike_B","Strike_B","Strike_B","Defend_B","Defend_B","Defend_B","Zap+1","Dualcast+1","Scrape+1","FTL+1","Trip","Go for the Eyes+1","Gash+1"],"relics":["Cracked Core","Du-Vu Doll","Happy Flower","Molten Egg 2","Black Star","Tiny Chest","Oddly Smooth Stone"],"potions_floor_usage":[23],"damage_taken":[{"damage":11,"enemies":"Jaw Worm","floor":1,"turns":2},{"damage":1,"enemies":"Cultist","floor":3,"turns":3},{"damage":3,"enemies":"2 Louse","floor":7,"turns":2},{"damage":2,"enemies":"Blue Slaver","floor":10,"turns":2},{"damage":11,"enemies":"Exordium Wildlife","floor":11,"turns":2},{"damage":0,"enemies":"3 Louse","floor":14,"turns":2},{"damage":6,"enemies":"Slime Boss","floor":16,"turns":8},{"damage":2,"enemies":"Shell Parasite","floor":18,"turns":4},{"damage":22,"enemies":"Spheric Guardian","floor":22,"turns":4},{"damage":43,"enemies":"Gremlin Leader","floor":23,"turns":6},{"damage":12,"enemies":"Centurion and Healer","floor":24,"turns":2}],"seed_played":"-1966293952663717909","potions_obtained":[{"floor":7,"key":"Ancient Potion"},{"floor":11,"key":"PowerPotion"}],"is_trial":false,"path_per_floor":["M","?","M","?","T","R","M","R","T","M","M","$","?","M","R","B",null,"M","?","?","$","M","E","M"],"character_chosen":"DEFECT","items_purchased":["Trip","Gash+1"],"campfire_rested":0,"item_purchase_floors":[12,21],"current_hp_per_floor":[64,64,63,51,51,51,48,48,48,46,35,35,35,35,35,29,75,73,73,73,73,51,8,0],"gold":131,"neow_bonus":"REMOVE_CARD","is_prod":false,"is_daily":false,"chose_seed":false,"campfire_upgraded":2,"win_rate":0,"timestamp":1541200579,"path_taken":["M","?","?","?","?","R","M","R","T","M","M","?","?","?","R","BOSS","M","?","?","$","M","E","M"],"build_version":"2018-11-01v2","purchased_purges":2,"victory":false,"max_hp_per_floor":[75,75,75,75,75,75,75,75,75,75,75,75,75,75,75,75,75,75,75,75,75,75,75,75],"card_choices":[{"not_picked":["Leap","Sweeping Beam","Lockon"],"picked":"SKIP","floor":1},{"not_picked":["Undo","Reprogram"],"picked":"Scrape","floor":3},{"not_picked":["Conserve Battery","Steam Power","Storm"],"picked":"SKIP","floor":7},{"not_picked":["Cold Snap+1","Ball Lightning+1"],"picked":"FTL+1","floor":10},{"not_picked":["Conserve Battery","Streamline+1","Cold Snap+1"],"picked":"SKIP","floor":11},{"not_picked":["Steam","Aggregate"],"picked":"Go for the Eyes+1","floor":14},{"not_picked":["Tempest","Melter+1","Glacier"],"picked":"SKIP","floor":18},{"not_picked":["Skim","Streamline+1","Gash+1"],"picked":"SKIP","floor":22},{"not_picked":["Tempest","Genetic Algorithm","Hologram"],"picked":"SKIP","floor":23}],"player_experience":542164,"relics_obtained":[{"floor":5,"key":"Happy Flower"},{"floor":9,"key":"Molten Egg 2"},{"floor":23,"key":"Tiny Chest"},{"floor":23,"key":"Oddly Smooth Stone"}],"event_choices":[{"damage_healed":0,"gold_gain":0,"player_choice":"Upgraded","damage_taken":0,"max_hp_gain":0,"max_hp_loss":0,"event_name":"Upgrade Shrine","floor":2,"gold_loss":0,"cards_upgraded":["Dualcast"]},{"damage_healed":0,"gold_gain":0,"player_choice":"Success","damage_taken":12,"relics_obtained":["Du-Vu Doll"],"max_hp_gain":0,"max_hp_loss":0,"event_name":"Scrap Ooze","floor":4,"gold_loss":0},{"damage_healed":0,"gold_gain":0,"player_choice":"Cursed","damage_taken":0,"max_hp_gain":0,"max_hp_loss":0,"event_name":"Wheel of Change","floor":13,"gold_loss":0,"cards_obtained":["Decay"]},{"damage_healed":0,"gold_gain":0,"player_choice":"Ignored","damage_taken":0,"max_hp_gain":0,"max_hp_loss":0,"event_name":"The Mausoleum","floor":19,"gold_loss":0},{"damage_healed":0,"gold_gain":0,"player_choice":"Ignored","damage_taken":0,"max_hp_gain":0,"max_hp_loss":0,"event_name":"Duplicator","floor":20,"gold_loss":0}],"is_beta":true,"boss_relics":[{"not_picked":["Calling Bell","Philosopher\u0027s Stone"],"picked":"Black Star"}],"items_purged_floors":[12,21],"is_endless":false,"potions_floor_spawned":[7,11],"killed_by":"Centurion and Healer","ascension_level":0}