{"gold_per_floor":[210,223,55,65,82,82,82,82,82,82,93,110,142,152,152,249,249,260,278,53,64,82,82,99,162,188,213,213,18,18,18,18,122,122,136,211,230,242,119,154,154,169,169,45,45,58,69,103,103,103],"floor_reached":51,"playtime":2057,"items_purged":["Strike_B","Strike_B","Strike_B","Strike_B","Defend_B"],"score":826,"play_id":"029f9090-6424-4eac-a65a-58b8c055d0f2","local_time":"20190210214711","is_ascension_mode":false,"campfire_choices":[{"data":"Storm","floor":6,"key":"SMITH"},{"data":"Hello World","floor":8,"key":"SMITH"},{"data":"Loop","floor":10,"key":"SMITH"},{"data":"Creative AI","floor":15,"key":"SMITH"},{"data":"Storm","floor":23,"key":"SMITH"},{"floor":28,"key":"REST"},{"floor":30,"key":"REST"},{"data":"Self Repair","floor":32,"key":"SMITH"},{"data":"Loop","floor":41,"key":"SMITH"},{"floor":49,"key":"REST"}],"neow_cost":"NONE","seed_source_timestamp":14522108415646,"circlet_count":0,"master_deck":["Defend_B","Defend_B","Defend_B","Zap+1","Dualcast","Storm+1","Ball Lightning","Hello World+1","Leap","Coolheaded","Loop+1","Creative AI+1","Coolheaded","Ball Lightning","Core Surge","Steam Power","Hello World+1","Storm+1","Stack","Recycle+1","Self Repair+1","Steam+1","Conserve Battery","Writhe","Meteor Strike","Ball Lightning+1","Compile Driver","Steam Power+1","Loop+1","Hello World+1","Skim+1","Loop","Ball Lightning","Capacitor","Hello World+1"],"relics":["Cracked Core","Cables","Darkstone Periapt","Sozu","Tiny Chest","Smiling Mask","Mummified Hand","PreservedInsect","Pocketwatch","Inserter","Regal Pillow","Bottled Flame","Kunai","Happy Flower"],"potions_floor_usage":[11,16,25,50],"damage_taken":[{"damage":0,"enemies":"Cultist","floor":1,"turns":3},{"damage":1,"enemies":"Jaw Worm","floor":2,"turns":6},{"damage":7,"enemies":"2 Louse","floor":4,"turns":3},{"damage":0,"enemies":"2 Fungi Beasts","floor":5,"turns":4},{"damage":7,"enemies":"Gremlin Gang","floor":11,"turns":3},{"damage":8,"enemies":"Red Slaver","floor":12,"turns":3},{"damage":16,"enemies":"Lagavulin","floor":13,"turns":5},{"damage":11,"enemies":"Exordium Thugs","floor":14,"turns":4},{"damage":5,"enemies":"Hexaghost","floor":16,"turns":8},{"damage":0,"enemies":"Spheric Guardian","floor":18,"turns":3},{"damage":5,"enemies":"3 Byrds","floor":19,"turns":3},{"damage":13,"enemies":"Snake Plant","floor":21,"turns":5},{"damage":20,"enemies":"Centurion and Healer","floor":22,"turns":5},{"damage":5,"enemies":"Sentry and Sphere","floor":24,"turns":4},{"damage":12,"enemies":"Book of Stabbing","floor":25,"turns":4},{"damage":32,"enemies":"Gremlin Leader","floor":27,"turns":7},{"damage":17,"enemies":"Champ","floor":33,"turns":7},{"damage":15,"enemies":"Orb Walker","floor":35,"turns":2},{"damage":7,"enemies":"3 Shapes","floor":37,"turns":3},{"damage":0,"enemies":"Transient","floor":38,"turns":5},{"damage":13,"enemies":"Giant Head","floor":40,"turns":6},{"damage":26,"enemies":"Jaw Worm Horde","floor":42,"turns":3},{"damage":21,"enemies":"Writhing Mass","floor":46,"turns":3},{"damage":0,"enemies":"Sphere and 2 Shapes","floor":47,"turns":3},{"damage":30,"enemies":"Reptomancer","floor":48,"turns":4},{"damage":23,"enemies":"Donu and Deca","floor":50,"turns":6}],"seed_played":"-7562645809943600231","potions_obtained":[{"floor":1,"key":"Block Potion"},{"floor":5,"key":"Regen Potion"},{"floor":13,"key":"Strength Potion"},{"floor":14,"key":"SkillPotion"}],"is_trial":false,"path_per_floor":["M","M","$","M","M","R","?","R","T","R","M","M","E","M","R","B",null,"M","M","$","M","M","R","M","E","T","E","R","$","R","?","R","B",null,"M","?","M","M","$","E","R","M","T","$","T","M","M","E","R","B",null],"character_chosen":"DEFECT","items_purchased":["Hello World","Leap","Storm","Stack","PreservedInsect","Loop","Loop"],"campfire_rested":3,"item_purchase_floors":[3,3,20,20,29,39,44],"current_hp_per_floor":[75,74,74,67,67,67,67,67,67,67,60,52,36,25,25,20,75,75,70,70,57,37,37,32,39,39,14,36,36,58,64,64,57,81,76,68,71,81,81,78,78,62,62,62,62,41,51,21,60,47],"gold":103,"neow_bonus":"HUNDRED_GOLD","is_prod":false,"is_daily":false,"chose_seed":false,"campfire_upgraded":7,"win_rate":0,"timestamp":1549856831,"path_taken":["M","M","$","?","M","R","?","R","T","R","M","M","E","M","R","BOSS","M","M","$","M","M","R","M","E","T","E","R","$","R","?","R","BOSS","M","?","?","?","$","E","R","M","T","?","?","M","M","E","R","BOSS"],"build_version":"2019-01-23","purchased_purges":5,"victory":true,"max_hp_per_floor":[75,75,75,75,75,75,75,75,75,75,75,75,75,75,75,75,75,75,75,75,75,75,75,75,75,75,75,75,75,75,81,81,81,81,81,81,81,81,81,81,81,81,81,81,81,81,81,81,81,81],"card_choices":[{"not_picked":["Coolheaded","Compile Driver"],"picked":"Storm","floor":1},{"not_picked":["FTL","Coolheaded"],"picked":"Ball Lightning","floor":2},{"not_picked":["FTL","Go for the Eyes"],"picked":"Coolheaded","floor":4},{"not_picked":["Leap","Reinforced Body"],"picked":"Loop","floor":5},{"not_picked":["Redo","Scrape","Genetic Algorithm"],"picked":"SKIP","floor":11},{"not_picked":["Ball Lightning","Sweeping Beam"],"picked":"Creative AI","floor":12},{"not_picked":["Compile Driver","Scrape"],"picked":"Coolheaded","floor":13},{"not_picked":["Gash","Redo"],"picked":"Ball Lightning","floor":14},{"not_picked":["Multi-Cast","All For One"],"picked":"Core Surge","floor":16},{"not_picked":["Sweeping Beam+1","Gash"],"picked":"Steam Power","floor":18},{"not_picked":["Steam+1","Coolheaded"],"picked":"Hello World+1","floor":19},{"not_picked":["Hologram","Rip and Tear","Gash+1"],"picked":"SKIP","floor":21},{"not_picked":["Rebound","Coolheaded"],"picked":"Recycle+1","floor":22},{"not_picked":["Steam Power+1","Reprogram"],"picked":"Self Repair","floor":24},{"not_picked":["Cold Snap","Darkness+1"],"picked":"Steam+1","floor":25},{"not_picked":["Steam Power","Aggregate"],"picked":"Conserve Battery","floor":27},{"not_picked":["Amplify","Multi-Cast"],"picked":"Meteor Strike","floor":33},{"not_picked":["Turbo","Go for the Eyes"],"picked":"Ball Lightning+1","floor":35},{"not_picked":["Beam Cell+1","BootSequence"],"picked":"Compile Driver","floor":37},{"not_picked":["Steam","Conserve Battery+1"],"picked":"Steam Power+1","floor":38},{"not_picked":["Coolheaded","Steam"],"picked":"Hello World+1","floor":40},{"not_picked":["Beam Cell","Thunder Strike"],"picked":"Skim+1","floor":42},{"not_picked":["Compile Driver","Stack"],"picked":"Ball Lightning","floor":46},{"not_picked":["Stack","Loop"],"picked":"Capacitor","floor":47},{"not_picked":["Gash+1","Ball Lightning"],"picked":"Hello World+1","floor":48}],"player_experience":775982,"relics_obtained":[{"floor":9,"key":"Cables"},{"floor":13,"key":"Darkstone Periapt"},{"floor":25,"key":"Tiny Chest"},{"floor":26,"key":"Smiling Mask"},{"floor":27,"key":"Mummified Hand"},{"floor":40,"key":"Regal Pillow"},{"floor":43,"key":"Bottled Flame"},{"floor":45,"key":"Kunai"},{"floor":48,"key":"Happy Flower"}],"event_choices":[{"damage_healed":0,"gold_gain":0,"player_choice":"Grow","damage_taken":0,"max_hp_gain":0,"max_hp_loss":0,"event_name":"Living Wall","floor":7,"gold_loss":0,"cards_upgraded":["Zap"]},{"damage_healed":0,"gold_gain":0,"player_choice":"Opened","damage_taken":0,"relics_obtained":["Pocketwatch"],"max_hp_gain":0,"max_hp_loss":0,"event_name":"The Mausoleum","floor":31,"gold_loss":0,"cards_obtained":["Writhe"]},{"damage_healed":0,"gold_gain":75,"player_choice":"Touch","damage_taken":8,"max_hp_gain":0,"max_hp_loss":0,"event_name":"FaceTrader","floor":36,"gold_loss":0}],"is_beta":false,"boss_relics":[{"not_picked":["Empty Cage","Eternal Feather"],"picked":"Sozu"},{"not_picked":["FrozenCore","Runic Dome"],"picked":"Inserter"}],"items_purged_floors":[3,20,29,39,44],"is_endless":false,"potions_floor_spawned":[1,5,13,14,18,21,24,27,35,40,47,48],"ascension_level":0}