{"gold_per_floor":[119,137,154,172,172,207,207,223,298,309,75,75,106,106,106,206,206,221,143,162,162,162,174,200,212,277,289,571,61,72,72,72,168,168,183,236,252,252,252,252,352,99,99,111,145,245,245,259,259,259],"floor_reached":51,"playtime":2544,"items_purged":["Pain","Writhe"],"score":869,"play_id":"537a3a35-9d6e-4b66-adf2-b208934106e2","local_time":"20190205195934","is_ascension_mode":true,"campfire_choices":[{"data":"1","floor":7.0,"key":"LIFT"},{"floor":12.0,"key":"REST"},{"data":"2","floor":15.0,"key":"LIFT"},{"data":"3","floor":23.0,"key":"LIFT"},{"floor":25.0,"key":"DIG"},{"floor":27.0,"key":"DIG"},{"floor":32.0,"key":"DIG"},{"floor":40,"key":"DIG"},{"floor":49,"key":"DIG"}],"neow_cost":"NONE","seed_source_timestamp":353922669399700,"circlet_count":0,"master_deck":["Survivor","Neutralize","Dagger Throw","Flying Knee","Reflex+1","Dagger Throw","Terror","Dagger Throw","Dash","Tools of the Trade","Adrenaline","Skewer","Heel Hook","Slice","Leg Sweep","After Image","Cloak And Dagger","Outmaneuver","Sucker Punch","Bane","Tactician+1","Noxious Fumes","PiercingWail","Eviscerate","Secret Weapon+1","Tools of the Trade","Underhanded Strike+1","Riddle With Holes+1","Footwork","Leg Sweep+1","Well Laid Plans"],"special_seed":0,"relics":["Ring of the Snake","WarpedTongs","Girya","Shuriken","Shovel","Pandora\u0027s Box","MawBank","Orichalcum","PreservedInsect","Toxic Egg 2","Pantograph","War Paint","Velvet Choker","Turnip","Boot","Calipers","Kunai","The Courier","StoneCalendar","Lantern"],"potions_floor_usage":[47,50],"damage_taken":[{"damage":2.0,"enemies":"Jaw Worm","floor":1.0,"turns":5.0},{"damage":0.0,"enemies":"Cultist","floor":2.0,"turns":3.0},{"damage":3.0,"enemies":"2 Louse","floor":3.0,"turns":3.0},{"damage":1.0,"enemies":"2 Fungi Beasts","floor":4.0,"turns":4.0},{"damage":32.0,"enemies":"Gremlin Nob","floor":6.0,"turns":5.0},{"damage":7.0,"enemies":"Red Slaver","floor":8.0,"turns":5.0},{"damage":12.0,"enemies":"Large Slime","floor":10.0,"turns":5.0},{"damage":21.0,"enemies":"Lagavulin","floor":13.0,"turns":5.0},{"damage":20.0,"enemies":"The Guardian","floor":16.0,"turns":11.0},{"damage":5.0,"enemies":"2 Thieves","floor":18.0,"turns":2.0},{"damage":0.0,"enemies":"Spheric Guardian","floor":20.0,"turns":3.0},{"damage":12.0,"enemies":"Chosen and Byrds","floor":24.0,"turns":4.0},{"damage":0.0,"enemies":"Snecko","floor":30.0,"turns":2.0},{"damage":0.0,"enemies":"Centurion and Healer","floor":31.0,"turns":1.0},{"damage":55.0,"enemies":"Collector","floor":33.0,"turns":7.0},{"damage":7.0,"enemies":"3 Shapes","floor":35.0,"turns":4.0},{"damage":26,"enemies":"2 Orb Walkers","floor":36,"turns":5},{"damage":22,"enemies":"3 Darklings","floor":37,"turns":3},{"damage":0,"enemies":"Mind Bloom Boss Battle","floor":41,"turns":4},{"damage":7,"enemies":"Maw","floor":44,"turns":5},{"damage":0,"enemies":"Reptomancer","floor":45,"turns":2},{"damage":0,"enemies":"Spire Growth","floor":47,"turns":2},{"damage":24,"enemies":"Jaw Worm Horde","floor":48,"turns":5},{"damage":33,"enemies":"Time Eater","floor":50,"turns":7}],"seed_played":"-3954840249624488544","potions_obtained":[{"floor":1.0,"key":"EssenceOfSteel"},{"floor":6.0,"key":"Explosive Potion"},{"floor":8.0,"key":"Strength Potion"},{"floor":18.0,"key":"SmokeBomb"},{"floor":24.0,"key":"Ancient Potion"},{"floor":37,"key":"Poison Potion"},{"floor":41,"key":"SmokeBomb"},{"floor":48,"key":"PowerPotion"}],"is_trial":false,"path_per_floor":["M","M","M","M","?","E","R","M","T","M","$","R","E","?","R","B",null,"M","$","M","?","?","R","M","R","T","R","?","$","M","M","R","B",null,"M","?","M","?","?","R","?","$","T","M","E","?","M","M","R","B",null],"character_chosen":"THE_SILENT","items_purchased":["Tools of the Trade","Noxious Fumes","Pantograph","Secret Weapon+1","Kunai"],"campfire_rested":1,"item_purchase_floors":[11,19,29,29,42],"current_hp_per_floor":[75,75,72,71,71,39,39,32,32,20,20,43,22,22,22,2,77,72,72,72,72,72,72,60,60,60,60,32,32,32,32,32,2,77,70,44,22,67,67,67,67,67,67,60,60,60,60,36,36,28],"gold":259,"neow_bonus":"TEN_PERCENT_HP_BONUS","is_prod":false,"is_daily":false,"chose_seed":false,"campfire_upgraded":0,"win_rate":0,"timestamp":1549421974,"path_taken":["M","M","M","M","?","E","R","?","T","M","$","R","E","?","R","BOSS","M","$","M","?","?","R","M","R","T","R","?","$","?","M","R","BOSS","M","?","M","?","?","R","?","$","T","M","E","?","M","M","R","BOSS"],"build_version":"2019-01-23","purchased_purges":2,"victory":true,"max_hp_per_floor":[77,77,77,77,77,77,77,77,77,77,77,77,77,77,77,77,77,77,77,77,77,77,77,77,77,77,77,77,77,77,77,77,77,77,77,77,77,67,67,67,67,67,67,67,67,67,67,67,67,67],"card_choices":[{"not_picked":["Distraction","Bane"],"picked":"Dagger Throw","floor":1.0},{"not_picked":["Masterful Stab","Cloak And Dagger"],"picked":"Flying Knee","floor":2.0},{"not_picked":["Dagger Throw","Calculated Gamble"],"picked":"Reflex","floor":3.0},{"not_picked":["PiercingWail","Acrobatics"],"picked":"Dagger Throw","floor":4.0},{"not_picked":["Flying Knee","Caltrops"],"picked":"Terror","floor":6.0},{"not_picked":["Flying Knee","Eviscerate"],"picked":"Dagger Throw","floor":8.0},{"not_picked":["Flechettes","Dagger Spray"],"picked":"Dash","floor":10.0},{"not_picked":["Dagger Spray","Slice","Reflex"],"picked":"SKIP","floor":13.0},{"not_picked":["A Thousand Cuts","Night Terror"],"picked":"Adrenaline","floor":16.0},{"not_picked":["Setup","Cloak And Dagger"],"picked":"Tactician","floor":18.0},{"not_picked":["Dagger Throw","Underhanded Strike"],"picked":"PiercingWail","floor":20.0},{"not_picked":["Deflect","Finisher"],"picked":"Eviscerate","floor":24.0},{"not_picked":["Dagger Spray+1","Caltrops","Dash"],"picked":"SKIP","floor":30.0},{"not_picked":["After Image","Die Die Die"],"picked":"Tools of the Trade","floor":33.0},{"not_picked":["Deadly Poison+1","Blade Dance+1"],"picked":"Underhanded Strike+1","floor":35},{"not_picked":["Dagger Throw+1","Cloak And Dagger+1"],"picked":"Riddle With Holes+1","floor":36},{"not_picked":["Backstab","Prepared+1"],"picked":"Footwork","floor":37},{"not_picked":["Underhanded Strike","Slice+1"],"picked":"Leg Sweep+1","floor":44},{"not_picked":["Slice+1","Dash"],"picked":"Well Laid Plans","floor":45},{"not_picked":["Bane","Outmaneuver+1","Prepared+1"],"picked":"SKIP","floor":48},{"not_picked":["Bane","Outmaneuver+1","Prepared+1"],"picked":"SKIP","floor":48}],"player_experience":298277,"relics_obtained":[{"floor":6.0,"key":"Girya"},{"floor":9.0,"key":"Shuriken"},{"floor":13.0,"key":"Shovel"},{"floor":25.0,"key":"Orichalcum"},{"floor":26.0,"key":"PreservedInsect"},{"floor":27.0,"key":"Toxic Egg 2"},{"floor":32.0,"key":"War Paint"},{"floor":36,"key":"Turnip"},{"floor":40,"key":"Boot"},{"floor":41,"key":"Calipers"},{"floor":43,"key":"The Courier"},{"floor":45,"key":"StoneCalendar"},{"floor":49,"key":"Lantern"}],"event_choices":[{"damage_healed":0.0,"max_hp_gain":0.0,"max_hp_loss":0.0,"gold_gain":0.0,"event_name":"Accursed Blacksmith","player_choice":"Rummage","floor":5.0,"gold_loss":0.0,"damage_taken":0.0,"relics_obtained":["WarpedTongs"],"cards_obtained":["Pain"]},{"damage_healed":0.0,"max_hp_gain":0.0,"max_hp_loss":0.0,"gold_gain":0.0,"event_name":"Shining Light","player_choice":"Ignored","floor":14.0,"gold_loss":0.0,"damage_taken":0.0},{"damage_healed":0.0,"max_hp_gain":0.0,"max_hp_loss":0.0,"gold_gain":0.0,"event_name":"Ghosts","player_choice":"Ignored","floor":21.0,"gold_loss":0.0,"damage_taken":0.0},{"damage_healed":0.0,"max_hp_gain":0.0,"max_hp_loss":0.0,"gold_gain":0.0,"event_name":"The Mausoleum","player_choice":"Opened","floor":22.0,"gold_loss":0.0,"damage_taken":0.0,"relics_obtained":["MawBank"],"cards_obtained":["Writhe"]},{"damage_healed":0.0,"max_hp_gain":0.0,"max_hp_loss":0.0,"gold_gain":270.0,"event_name":"Knowing Skull","player_choice":"GOLD GOLD GOLD ","floor":28.0,"potions_obtained":[],"gold_loss":0.0,"damage_taken":28.0,"cards_obtained":[]},{"damage_healed":0,"gold_gain":0,"player_choice":"Fight","damage_taken":0,"max_hp_gain":0,"max_hp_loss":0,"event_name":"Mysterious Sphere","floor":36,"gold_loss":0},{"damage_healed":67,"gold_gain":0,"player_choice":"Heal","damage_taken":0,"max_hp_gain":0,"max_hp_loss":10,"event_name":"The Moai Head","floor":38,"gold_loss":0},{"cards_removed":["Choke"],"damage_healed":0,"gold_gain":0,"player_choice":"Removed Attack","damage_taken":0,"max_hp_gain":0,"max_hp_loss":0,"event_name":"Falling","floor":39,"gold_loss":0},{"damage_healed":0,"gold_gain":0,"player_choice":"Fight","damage_taken":0,"max_hp_gain":0,"max_hp_loss":0,"event_name":"MindBloom","floor":41,"gold_loss":0},{"damage_healed":0,"gold_gain":100,"player_choice":"Pray","damage_taken":0,"max_hp_gain":0,"max_hp_loss":0,"event_name":"Golden Shrine","floor":46,"gold_loss":0}],"is_beta":false,"boss_relics":[{"not_picked":["Astrolabe","Orrery"],"picked":"Pandora\u0027s Box"},{"not_picked":["Black Star","Empty Cage"],"picked":"Velvet Choker"}],"items_purged_floors":[11,29],"is_endless":false,"potions_floor_spawned":[1,6,8,13,18,24,31,37,41,45,48],"ascension_level":4}