{"gold_per_floor":[118,135,100,120,132,132,148,148,148,165,175,175,195,229,229,327,327,327,327,327,53,53,53,53,53,53,53,53,53,53,53,53,53,53,53,53,15,15,15,15,15,15,15,15,15,15,15,15,15,15],"floor_reached":51,"playtime":4189,"items_purged":[],"score":1053,"play_id":"9f67d899-a698-4f77-b3f0-23341d27baf2","local_time":"20181016145709","is_ascension_mode":true,"campfire_choices":[{"data":"Crippling Poison","floor":6,"key":"SMITH"},{"floor":8,"key":"REST"},{"floor":12,"key":"REST"},{"data":"Catalyst","floor":15,"key":"SMITH"},{"data":"Crippling Poison","floor":24,"key":"SMITH"},{"data":"Burst","floor":27,"key":"SMITH"},{"data":"Malaise","floor":30,"key":"SMITH"},{"floor":32,"key":"REST"},{"data":"After Image","floor":41,"key":"SMITH"},{"data":"After Image","floor":44,"key":"SMITH"},{"data":"Distraction","floor":47,"key":"SMITH"},{"floor":49,"key":"REST"}],"neow_cost":"PERCENT_DAMAGE","seed_source_timestamp":532097358433673,"circlet_count":0,"master_deck":["Defend_G+1","Defend_G+1","Defend_G+1","Defend_G+1","Defend_G+1","Strike_G+1","Strike_G+1","Strike_G+1","Survivor","Neutralize","AscendersBane","Malaise+1","Catalyst+1","Deflect","Crippling Poison+1","Crippling Poison+1","Deadly Poison","Corpse Explosion","Flying Knee","Dagger Spray","Distraction","Adrenaline","Sucker Punch+1","Distraction+1","Burst+1","Escape Plan","Deadly Poison","Prepared+1","After Image+1","Crippling Poison","Acrobatics+1","Backflip+1","After Image+1","PiercingWail+1"],"relics":["Ring of the Snake","The Courier","Bottled Flame","Ectoplasm","Singing Bowl","Shuriken","Potion Belt","Cursed Key","Du-Vu Doll"],"potions_floor_usage":[5,11,35,46,46,50,50,50,50,50,50,50,50],"damage_taken":[{"damage":4,"enemies":"Small Slimes","floor":1,"turns":6},{"damage":1,"enemies":"Jaw Worm","floor":2,"turns":6},{"damage":1,"enemies":"Cultist","floor":4,"turns":6},{"damage":17,"enemies":"Exordium Thugs","floor":5,"turns":7},{"damage":13,"enemies":"Gremlin Gang","floor":7,"turns":2},{"damage":2,"enemies":"Exordium Wildlife","floor":10,"turns":3},{"damage":10,"enemies":"Large Slime","floor":11,"turns":8},{"damage":0,"enemies":"Blue Slaver","floor":13,"turns":4},{"damage":17,"enemies":"3 Sentries","floor":14,"turns":4},{"damage":0,"enemies":"Hexaghost","floor":16,"turns":10},{"damage":0,"enemies":"Spheric Guardian","floor":18,"turns":2},{"damage":3,"enemies":"Chosen","floor":20,"turns":3},{"damage":14,"enemies":"Gremlin Leader","floor":23,"turns":6},{"damage":6,"enemies":"Snake Plant","floor":25,"turns":4},{"damage":0,"enemies":"Centurion and Healer","floor":28,"turns":2},{"damage":1,"enemies":"Cultist and Chosen","floor":29,"turns":2},{"damage":0,"enemies":"Shelled Parasite and Fungi","floor":31,"turns":4},{"damage":17,"enemies":"Collector","floor":33,"turns":5},{"damage":5,"enemies":"3 Darklings","floor":35,"turns":4},{"damage":0,"enemies":"Mind Bloom Boss Battle","floor":36,"turns":5},{"damage":0,"enemies":"Orb Walker","floor":39,"turns":2},{"damage":9,"enemies":"Spire Growth","floor":40,"turns":6},{"damage":0,"enemies":"3 Darklings","floor":42,"turns":3},{"damage":0,"enemies":"Maw","floor":45,"turns":4},{"damage":0,"enemies":"Transient","floor":46,"turns":2},{"damage":0,"enemies":"3 Darklings","floor":48,"turns":4},{"damage":9,"enemies":"Donu and Deca","floor":50,"turns":6}],"seed_played":"1766881636610287373","potions_obtained":[{"floor":4,"key":"SpeedPotion"},{"floor":7,"key":"Block Potion"},{"floor":13,"key":"SpeedPotion"},{"floor":14,"key":"Explosive Potion"},{"floor":23,"key":"Fire Potion"},{"floor":25,"key":"GamblersBrew"},{"floor":28,"key":"GhostInAJar"},{"floor":33,"key":"Ancient Potion"},{"floor":39,"key":"EntropicBrew"},{"floor":42,"key":"SmokeBomb"}],"is_trial":false,"path_per_floor":["M","M","?","M","M","R","M","R","T","M","M","R","M","E","R","B",null,"M","?","M","$","?","E","R","M","T","R","M","M","R","M","R","B",null,"M","?","$","?","M","M","R","M","T","R","M","M","R","M","R","B"],"character_chosen":"THE_SILENT","items_purchased":["Escape Plan","Deadly Poison","Singing Bowl","Energy Potion"],"campfire_rested":4,"item_purchase_floors":[21,21,21,37],"current_hp_per_floor":[41,40,57,56,39,39,26,47,47,45,35,56,56,39,39,39,62,62,62,59,59,59,47,47,43,43,43,45,44,44,46,69,52,72,69,69,69,69,69,60,60,60,60,60,60,60,60,62,82,73],"gold":15,"neow_bonus":"THREE_RARE_CARDS","is_prod":false,"is_daily":false,"chose_seed":false,"campfire_upgraded":8,"win_rate":0,"timestamp":1539716229,"path_taken":["M","M","?","M","M","R","M","R","T","M","M","R","M","E","R","BOSS","M","?","?","$","?","E","R","M","T","R","?","M","R","?","R","BOSS","M","?","?","?","M","M","R","M","T","R","?","M","R","M","R","BOSS"],"build_version":"2018-10-11","purchased_purges":0,"victory":true,"max_hp_per_floor":[70,70,70,70,70,70,70,70,70,70,70,70,70,70,70,70,70,70,70,70,70,70,72,72,74,74,74,76,76,76,78,78,78,78,80,80,80,80,80,80,80,80,80,80,80,80,80,82,82,82],"card_choices":[{"not_picked":["After Image","Storm of Steel"],"picked":"Malaise","floor":0},{"not_picked":["Acrobatics","Accuracy"],"picked":"Catalyst","floor":1},{"not_picked":["Dodge and Roll","Prepared"],"picked":"Deflect","floor":2},{"not_picked":["Tactician","PiercingWail"],"picked":"Crippling Poison","floor":4},{"not_picked":["Sucker Punch","Prepared"],"picked":"Crippling Poison","floor":5},{"not_picked":["Caltrops","Bouncing Flask"],"picked":"Deadly Poison","floor":7},{"not_picked":["Dagger Spray","Prepared"],"picked":"Corpse Explosion","floor":10},{"not_picked":["Outmaneuver","Deflect"],"picked":"Flying Knee","floor":11},{"not_picked":["Expertise","Dodge and Roll"],"picked":"Dagger Spray","floor":13},{"not_picked":["Predator","Poisoned Stab"],"picked":"Distraction","floor":14},{"not_picked":["Envenom","Malaise"],"picked":"Adrenaline","floor":16},{"not_picked":["Bane","Slice+1"],"picked":"Sucker Punch+1","floor":18},{"not_picked":["Underhanded Strike","Blade Dance"],"picked":"Burst","floor":20},{"not_picked":["Finisher+1","Terror","Calculated Gamble+1"],"picked":"Singing Bowl","floor":23},{"not_picked":["Cloak And Dagger","Dodge and Roll","Poisoned Stab"],"picked":"Singing Bowl","floor":25},{"not_picked":["Dagger Spray","Sucker Punch","Quick Slash"],"picked":"Singing Bowl","floor":28},{"not_picked":["Tactician","Acrobatics"],"picked":"Prepared+1","floor":29},{"not_picked":["Calculated Gamble","Endless Agony","Poisoned Stab"],"picked":"Singing Bowl","floor":31},{"not_picked":["A Thousand Cuts","Grand Finale"],"picked":"After Image","floor":33},{"not_picked":["Dodge and Roll","Prepared","Tactician"],"picked":"Singing Bowl","floor":35},{"not_picked":["Blade Dance","Acrobatics"],"picked":"Crippling Poison","floor":36},{"not_picked":["Underhanded Strike","Cloak And Dagger"],"picked":"Acrobatics+1","floor":39},{"not_picked":["Eviscerate","Tactician"],"picked":"Backflip+1","floor":40},{"not_picked":["Concentrate+1","Blur"],"picked":"After Image","floor":42},{"not_picked":["Deflect+1","Prepared+1"],"picked":"PiercingWail+1","floor":45},{"not_picked":["Backstab+1","Dagger Spray+1","Deflect+1"],"picked":"Singing Bowl","floor":48}],"player_experience":3058259,"relics_obtained":[{"floor":9,"key":"The Courier"},{"floor":14,"key":"Bottled Flame"},{"floor":23,"key":"Shuriken"},{"floor":26,"key":"Potion Belt"},{"floor":36,"key":"Du-Vu Doll"}],"event_choices":[{"event_name":"The Cleric","player_choice":"Healed","floor":3,"damage_taken":0},{"event_name":"Transmorgrifier","player_choice":"Transform","floor":19,"damage_taken":0},{"event_name":"Back to Basics","player_choice":"Simplicity","floor":22,"damage_taken":0},{"event_name":"MindBloom","player_choice":"Fight","floor":36,"damage_taken":0},{"event_name":"Purifier","player_choice":"One Purge","floor":38,"damage_taken":0}],"is_beta":false,"boss_relics":[{"not_picked":["HoveringKite","Ring of the Serpent"],"picked":"Ectoplasm"},{"not_picked":["Eternal Feather","Fusion Hammer"],"picked":"Cursed Key"}],"items_purged_floors":[],"is_endless":false,"potions_floor_spawned":[4,7,13,14,23,25,28,33,39,40,42,46],"ascension_level":10}