{"gold_per_floor":[113,113,63,109,129,129,162,162,188,200,200,210,210,220,220,324,324,343,268,282,292,292,292,327,327,327,343,363,363,380,407,407,512,512,532,532,532,335,354,382,382,414,437,466,466,491,491,541,541,541],"floor_reached":51,"playtime":2713,"items_purged":["Strike_R"],"score":1026,"play_id":"12a8cd64-91b0-4204-b443-845fd4589b48","local_time":"20190108205022","is_ascension_mode":true,"campfire_choices":[{"data":"Body Slam","floor":6.0,"key":"SMITH"},{"floor":8.0,"key":"REST"},{"data":"Bash","floor":11.0,"key":"SMITH"},{"data":"Body Slam","floor":15.0,"key":"SMITH"},{"data":"Flame Barrier","floor":23.0,"key":"SMITH"},{"data":"Demon Form","floor":25.0,"key":"SMITH"},{"data":"Impervious","floor":29.0,"key":"SMITH"},{"floor":32.0,"key":"REST"},{"data":"Double Tap","floor":41.0,"key":"SMITH"},{"data":"Offering","floor":45,"key":"SMITH"},{"data":"Warcry","floor":47,"key":"SMITH"},{"floor":49,"key":"REST"}],"neow_cost":"NONE","seed_source_timestamp":248628107796118,"circlet_count":0,"master_deck":["Strike_R+1","Strike_R+1","Defend_R","Defend_R","Defend_R","Defend_R","Bash+1","Warcry+1","Body Slam+1","Demon Form+1","Body Slam+1","Impervious+1","Offering+1","Flame Barrier+1","Armaments+1","Shrug It Off","Double Tap+1","Ghostly Armor+1","Shrug It Off","Exhume","Dual Wield+1","Heavy Blade+1"],"special_seed":0,"relics":["Burning Blood","Anchor","Bronze Scales","Art of War","Orichalcum","Snecko Eye","NlothsMask","Red Skull","Matryoshka","Sozu","Lantern","Nunchaku","PreservedInsect","Bag of Preparation","Pantograph","Pear","Potion Belt","Singing Bowl","Question Card","StoneCalendar"],"potions_floor_usage":[48,50],"damage_taken":[{"damage":18.0,"enemies":"Jaw Worm","floor":1.0,"turns":7.0},{"damage":0.0,"enemies":"2 Louse","floor":5.0,"turns":2.0},{"damage":42.0,"enemies":"Lagavulin","floor":7.0,"turns":6.0},{"damage":0.0,"enemies":"Cultist","floor":10.0,"turns":2.0},{"damage":3.0,"enemies":"3 Louse","floor":12.0,"turns":3.0},{"damage":7.0,"enemies":"Lots of Slimes","floor":14.0,"turns":3.0},{"damage":23.0,"enemies":"Slime Boss","floor":16.0,"turns":10.0},{"damage":0.0,"enemies":"Shell Parasite","floor":18.0,"turns":2.0},{"damage":0.0,"enemies":"3 Byrds","floor":20.0,"turns":3.0},{"damage":0.0,"enemies":"Snake Plant","floor":21.0,"turns":3.0},{"damage":49.0,"enemies":"Gremlin Leader","floor":24.0,"turns":4.0},{"damage":6.0,"enemies":"Cultist and Chosen","floor":27.0,"turns":3.0},{"damage":6.0,"enemies":"Snecko","floor":28.0,"turns":2.0},{"damage":6.0,"enemies":"Centurion and Healer","floor":30.0,"turns":3.0},{"damage":20.0,"enemies":"Book of Stabbing","floor":31.0,"turns":4.0},{"damage":41.0,"enemies":"Champ","floor":33.0,"turns":9.0},{"damage":0.0,"enemies":"Orb Walker","floor":35.0,"turns":1.0},{"damage":0.0,"enemies":"3 Darklings","floor":39.0,"turns":5.0},{"damage":6.0,"enemies":"Reptomancer","floor":40.0,"turns":2.0},{"damage":4.0,"enemies":"Nemesis","floor":42.0,"turns":5.0},{"damage":32,"enemies":"Reptomancer","floor":44,"turns":5},{"damage":15,"enemies":"Giant Head","floor":46,"turns":6},{"damage":37,"enemies":"2 Orb Walkers","floor":48,"turns":5},{"damage":56,"enemies":"Donu and Deca","floor":50,"turns":8}],"seed_played":"-3173120977952543724","potions_obtained":[{"floor":7.0,"key":"SpeedPotion"},{"floor":10.0,"key":"Strength Potion"},{"floor":12.0,"key":"Dexterity Potion"},{"floor":20.0,"key":"SkillPotion"},{"floor":24.0,"key":"Weak Potion"},{"floor":33.0,"key":"SkillPotion"}],"is_trial":false,"path_per_floor":["M","?","?","T","M","R","E","R","T","M","R","M","?","M","R","B",null,"M","$","M","M","?","R","E","R","T","M","M","R","M","E","R","B",null,"M","T","?","$","M","E","R","E","T","E","R","E","R","?","R","B",null],"character_chosen":"IRONCLAD","items_purchased":["Shrug It Off","PreservedInsect"],"campfire_rested":3,"item_purchase_floors":[38,38],"current_hp_per_floor":[68,52,52,52,58,58,22,46,46,52,52,55,55,54,54,37,69,75,75,80,80,80,80,37,37,37,37,37,37,37,23,47,12,63,69,69,69,69,75,75,75,76,86,60,60,51,51,22,48,23],"gold":541,"neow_bonus":"REMOVE_CARD","is_prod":false,"is_daily":false,"chose_seed":false,"campfire_upgraded":9,"win_rate":0,"timestamp":1547002222,"path_taken":["M","?","?","?","M","R","E","R","T","?","R","M","?","M","R","BOSS","M","$","?","M","?","R","E","R","T","M","M","R","M","E","R","BOSS","M","?","?","$","M","E","R","E","T","E","R","E","R","?","R","BOSS"],"build_version":"2019-01-03v4","purchased_purges":1,"victory":true,"max_hp_per_floor":[80,80,80,80,80,80,80,80,80,80,80,80,80,80,80,80,80,80,80,80,80,80,80,80,80,80,80,80,80,80,80,80,80,80,80,80,76,76,76,76,76,76,86,86,86,86,86,88,88,88],"card_choices":[{"not_picked":["Combust","Dropkick"],"picked":"Warcry","floor":1.0},{"not_picked":["Entrench","Twin Strike"],"picked":"Body Slam","floor":5.0},{"not_picked":["Entrench","Sword Boomerang"],"picked":"Demon Form","floor":7.0},{"not_picked":["Wild Strike","Dropkick","Intimidate"],"picked":"SKIP","floor":10.0},{"not_picked":["True Grit","Burning Pact"],"picked":"Body Slam","floor":12.0},{"not_picked":["Wild Strike","Havoc"],"picked":"Impervious","floor":14.0},{"not_picked":["Bludgeon","Impervious"],"picked":"Offering","floor":16.0},{"not_picked":["Heavy Blade","Infernal Blade+1"],"picked":"Flame Barrier","floor":18.0},{"not_picked":["Dropkick+1","Wild Strike","Perfected Strike"],"picked":"SKIP","floor":20.0},{"not_picked":["Wild Strike","True Grit","Burning Pact+1"],"picked":"SKIP","floor":21.0},{"not_picked":["Sever Soul","Second Wind","Clash"],"picked":"SKIP","floor":24.0},{"not_picked":["Rupture","Sentinel"],"picked":"Armaments+1","floor":27.0},{"not_picked":["Corruption","Bludgeon"],"picked":"Shrug It Off","floor":28.0},{"not_picked":["Armaments+1","Pommel Strike","Warcry"],"picked":"SKIP","floor":30.0},{"not_picked":["Seeing Red+1","Intimidate+1","Power Through"],"picked":"SKIP","floor":31.0},{"not_picked":["Impervious","Fiend Fire"],"picked":"Double Tap","floor":33.0},{"not_picked":["Clothesline","Warcry"],"picked":"Ghostly Armor+1","floor":35.0},{"not_picked":["Twin Strike","Clothesline","True Grit"],"picked":"SKIP","floor":39.0},{"not_picked":["Sever Soul+1","Power Through","Ghostly Armor"],"picked":"SKIP","floor":40.0},{"not_picked":["True Grit","Uppercut"],"picked":"Exhume","floor":42},{"not_picked":["Havoc","Twin Strike+1"],"picked":"Dual Wield+1","floor":44},{"not_picked":["Corruption","Havoc"],"picked":"Heavy Blade+1","floor":46},{"not_picked":["Second Wind+1","Blood for Blood+1","Armaments+1","Anger+1"],"picked":"Singing Bowl","floor":48}],"player_experience":132693,"relics_obtained":[{"floor":4.0,"key":"Anchor"},{"floor":7.0,"key":"Bronze Scales"},{"floor":9.0,"key":"Art of War"},{"floor":24.0,"key":"Red Skull"},{"floor":31.0,"key":"Matryoshka"},{"floor":36.0,"key":"Lantern"},{"floor":36.0,"key":"Nunchaku"},{"floor":40.0,"key":"Bag of Preparation"},{"floor":42,"key":"Pantograph"},{"floor":43,"key":"Pear"},{"floor":43,"key":"Potion Belt"},{"floor":44,"key":"Singing Bowl"},{"floor":46,"key":"Question Card"},{"floor":48,"key":"StoneCalendar"}],"event_choices":[{"damage_healed":0.0,"max_hp_gain":0.0,"max_hp_loss":0.0,"gold_gain":0.0,"event_name":"Shining Light","player_choice":"Entered Light","floor":2.0,"gold_loss":0.0,"damage_taken":16.0,"cards_upgraded":["Strike_R","Strike_R"]},{"cards_removed":["Strike_R"],"damage_healed":0.0,"max_hp_gain":0.0,"max_hp_loss":0.0,"gold_gain":0.0,"event_name":"The Cleric","player_choice":"Card Removal","floor":3.0,"gold_loss":50.0,"damage_taken":0.0},{"damage_healed":0.0,"max_hp_gain":0.0,"max_hp_loss":0.0,"gold_gain":0.0,"event_name":"WeMeetAgain","player_choice":"Gave Potion","floor":13.0,"gold_loss":0.0,"damage_taken":0.0,"relics_obtained":["Orichalcum"]},{"damage_healed":0.0,"max_hp_gain":0.0,"max_hp_loss":0.0,"gold_gain":0.0,"event_name":"FaceTrader","player_choice":"Trade","floor":22.0,"gold_loss":0.0,"damage_taken":0.0,"relics_obtained":["NlothsMask"]},{"damage_healed":0.0,"max_hp_gain":0.0,"max_hp_loss":4.0,"gold_gain":0.0,"event_name":"Winding Halls","player_choice":"Max HP","floor":37.0,"gold_loss":0.0,"damage_taken":0.0},{"damage_healed":0,"gold_gain":0,"player_choice":"Fight","damage_taken":0,"max_hp_gain":0,"max_hp_loss":0,"event_name":"Mysterious Sphere","floor":48,"gold_loss":0}],"is_beta":false,"boss_relics":[{"not_picked":["Black Blood","Lizard Tail"],"picked":"Snecko Eye"},{"not_picked":["Cursed Key","Coffee Dripper"],"picked":"Sozu"}],"items_purged_floors":[19],"is_endless":false,"potions_floor_spawned":[7,10,12,20,24,30,33,35,40,44,48],"ascension_level":5}