{"gold_per_floor":[115,135,154,165,165,165,198,198,198,63,73,4,20,49,49,151,151,168,180,191,202,103,103,135,153,177,203,55,55,69,80,80,184,184,199,209,226,35,35,35,45,56,56,56,74,74,94,105,105,105],"floor_reached":51,"playtime":4898,"items_purged":["Strike_B","Strike_B"],"score":1061,"play_id":"e6e4827a-6daf-4472-beff-5d5836ea5c9f","local_time":"20190104231541","is_ascension_mode":true,"campfire_choices":[{"floor":6,"key":"REST"},{"floor":8,"key":"REST"},{"floor":15,"key":"REST"},{"data":"Glacier","floor":23,"key":"SMITH"},{"data":"Sunder","floor":29,"key":"SMITH"},{"data":"Tempest","floor":32,"key":"SMITH"},{"data":"Biased Cognition","floor":40,"key":"SMITH"},{"data":"Undo","floor":46,"key":"SMITH"},{"floor":49,"key":"REST"}],"neow_cost":"NONE","seed_source_timestamp":1381299042631391,"circlet_count":0,"master_deck":["AscendersBane","Defend_B","Defend_B","Defend_B","Zap","Dualcast","Undo+1","Melter","Echo Form","Self Repair","Sunder+1","Redo","Glacier+1","Echo Form","Ball Lightning","Tempest+1","Loop+1","Biased Cognition+1","Cold Snap+1","Capacitor+1"],"relics":["Busted Crown","Bag of Marbles","Kunai","Thread and Needle","Snecko Eye","Ancient Tea Set","Omamori","Prayer Wheel","Empty Cage","ClockworkSouvenir","Cables","Bottled Tornado"],"potions_floor_usage":[4,7,11,18,24,24,31,31,42,50,50],"damage_taken":[{"damage":1,"enemies":"Jaw Worm","floor":1,"turns":4},{"damage":0,"enemies":"Cultist","floor":2,"turns":4},{"damage":6,"enemies":"2 Louse","floor":3,"turns":2},{"damage":22,"enemies":"Gremlin Gang","floor":4,"turns":4},{"damage":51,"enemies":"Gremlin Nob","floor":7,"turns":6},{"damage":3,"enemies":"Red Slaver","floor":11,"turns":3},{"damage":8,"enemies":"Large Slime","floor":13,"turns":4},{"damage":23,"enemies":"3 Sentries","floor":14,"turns":10},{"damage":15,"enemies":"Hexaghost","floor":16,"turns":15},{"damage":18,"enemies":"2 Thieves","floor":18,"turns":4},{"damage":0,"enemies":"Chosen","floor":19,"turns":5},{"damage":1,"enemies":"Snake Plant","floor":20,"turns":5},{"damage":13,"enemies":"Centurion and Healer","floor":21,"turns":4},{"damage":16,"enemies":"Slavers","floor":24,"turns":5},{"damage":0,"enemies":"Snecko","floor":25,"turns":4},{"damage":11,"enemies":"Gremlin Leader","floor":27,"turns":7},{"damage":5,"enemies":"Snake Plant","floor":30,"turns":2},{"damage":20,"enemies":"Centurion and Healer","floor":31,"turns":5},{"damage":0,"enemies":"Collector","floor":33,"turns":10},{"damage":0,"enemies":"Orb Walker","floor":35,"turns":4},{"damage":22,"enemies":"3 Darklings","floor":36,"turns":4},{"damage":9,"enemies":"Spire Growth","floor":37,"turns":5},{"damage":14,"enemies":"Jaw Worm Horde","floor":41,"turns":4},{"damage":3,"enemies":"Transient","floor":42,"turns":5},{"damage":11,"enemies":"4 Shapes","floor":45,"turns":4},{"damage":0,"enemies":"Writhing Mass","floor":47,"turns":4},{"damage":27,"enemies":"Jaw Worm Horde","floor":48,"turns":3},{"damage":37,"enemies":"Awakened One","floor":50,"turns":12}],"seed_played":"4631426996046219009","potions_obtained":[{"floor":1,"key":"SteroidPotion"},{"floor":2,"key":"Explosive Potion"},{"floor":4,"key":"Ancient Potion"},{"floor":7,"key":"Explosive Potion"},{"floor":16,"key":"Regen Potion"},{"floor":18,"key":"FocusPotion"},{"floor":19,"key":"Regen Potion"},{"floor":20,"key":"SkillPotion"},{"floor":30,"key":"Fruit Juice"},{"floor":33,"key":"FairyPotion"},{"floor":36,"key":"EssenceOfSteel"},{"floor":47,"key":"FearPotion"}],"is_trial":false,"path_per_floor":["M","M","M","M","?","R","E","R","T","$","M","$","M","E","R","B",null,"M","M","M","M","$","R","E","M","T","E","$","R","M","M","R","B",null,"M","M","M","$","?","R","M","M","T","$","M","R","M","M","R","B",null],"character_chosen":"DEFECT","items_purchased":["Self Repair","Sunder","Glacier","Ball Lightning","Energy Potion","ClockworkSouvenir"],"campfire_rested":4,"item_purchase_floors":[10,10,12,22,28,38],"current_hp_per_floor":[67,67,61,39,39,61,10,32,32,32,36,36,35,19,41,33,65,73,75,75,75,75,75,66,75,75,75,75,75,75,74,74,80,80,80,65,70,70,70,70,70,80,80,80,80,80,80,53,77,55],"gold":105,"neow_bonus":"BOSS_RELIC","is_prod":false,"is_daily":false,"chose_seed":false,"campfire_upgraded":5,"win_rate":0,"timestamp":1546643741,"path_taken":["M","M","M","M","?","R","E","R","T","$","M","$","M","E","R","BOSS","M","M","?","M","$","R","E","M","T","E","?","R","M","M","R","BOSS","M","M","M","$","?","R","M","?","T","?","M","R","M","M","R","BOSS"],"build_version":"2019-01-03v4","purchased_purges":2,"victory":true,"max_hp_per_floor":[75,75,75,75,75,75,75,75,75,75,75,75,75,75,75,75,75,75,75,75,75,75,75,75,75,75,75,75,75,75,80,80,80,80,80,80,80,80,80,80,80,80,80,80,80,80,80,80,80,80],"card_choices":[{"not_picked":[],"picked":"Undo","floor":1},{"not_picked":[],"picked":"Melter","floor":2},{"not_picked":["Conserve Battery"],"picked":"SKIP","floor":3},{"not_picked":["Beam Cell"],"picked":"SKIP","floor":4},{"not_picked":[],"picked":"Echo Form","floor":7},{"not_picked":[],"picked":"Redo","floor":11},{"not_picked":["Stack"],"picked":"SKIP","floor":13},{"not_picked":["Rebound"],"picked":"SKIP","floor":14},{"not_picked":[],"picked":"Echo Form","floor":16},{"not_picked":["Genetic Algorithm"],"picked":"SKIP","floor":18},{"not_picked":["Chaos"],"picked":"SKIP","floor":19},{"not_picked":["Conserve Battery"],"picked":"SKIP","floor":20},{"not_picked":["Rebound+1"],"picked":"SKIP","floor":21},{"not_picked":["Gash"],"picked":"SKIP","floor":24},{"not_picked":[],"picked":"Tempest","floor":25},{"not_picked":["Sweeping Beam"],"picked":"SKIP","floor":27},{"not_picked":[],"picked":"Loop+1","floor":30},{"not_picked":["Compile Driver"],"picked":"SKIP","floor":30},{"not_picked":["Conserve Battery"],"picked":"SKIP","floor":31},{"not_picked":["Reprogram"],"picked":"SKIP","floor":31},{"not_picked":[],"picked":"Biased Cognition","floor":33},{"not_picked":["Compile Driver"],"picked":"SKIP","floor":35},{"not_picked":["Compile Driver"],"picked":"SKIP","floor":35},{"not_picked":[],"picked":"Cold Snap+1","floor":36},{"not_picked":["Gash"],"picked":"SKIP","floor":36},{"not_picked":["Conserve Battery+1"],"picked":"SKIP","floor":37},{"not_picked":["Stack+1"],"picked":"SKIP","floor":37},{"not_picked":[],"picked":"Capacitor+1","floor":41},{"not_picked":["Static Discharge"],"picked":"SKIP","floor":41},{"not_picked":["Scrape"],"picked":"SKIP","floor":42},{"not_picked":["Biased Cognition"],"picked":"SKIP","floor":42},{"not_picked":["Go for the Eyes"],"picked":"SKIP","floor":45},{"not_picked":["Barrage+1"],"picked":"SKIP","floor":45},{"not_picked":["Static Discharge"],"picked":"SKIP","floor":47},{"not_picked":["Skim"],"picked":"SKIP","floor":47},{"not_picked":["Barrage"],"picked":"SKIP","floor":48},{"not_picked":["Barrage+1"],"picked":"SKIP","floor":48}],"player_experience":1130037,"relics_obtained":[{"floor":7,"key":"Bag of Marbles"},{"floor":9,"key":"Kunai"},{"floor":14,"key":"Thread and Needle"},{"floor":24,"key":"Ancient Tea Set"},{"floor":26,"key":"Omamori"},{"floor":27,"key":"Prayer Wheel"},{"floor":43,"key":"Bottled Tornado"}],"event_choices":[{"damage_healed":0,"gold_gain":0,"cards_transformed":["Strike_B"],"player_choice":"Transformed","damage_taken":0,"max_hp_gain":0,"max_hp_loss":0,"event_name":"Transmorgrifier","floor":5,"gold_loss":0,"cards_obtained":["Coolheaded"]},{"cards_removed":["Coolheaded"],"damage_healed":0,"gold_gain":0,"player_choice":"Gave Card","damage_taken":0,"relics_obtained":["Cables"],"max_hp_gain":0,"max_hp_loss":0,"event_name":"WeMeetAgain","floor":39,"gold_loss":0}],"is_beta":false,"boss_relics":[{"not_picked":["Philosopher\u0027s Stone","Orrery"],"picked":"Snecko Eye"},{"not_picked":["Calling Bell","Tiny House"],"picked":"Empty Cage"}],"items_purged_floors":[22,28],"is_endless":false,"potions_floor_spawned":[1,2,4,7,16,18,19,20,30,33,36,47,48],"ascension_level":10}