{"gold_per_floor":[119,119,139,159,2,32,32,58,58,68,94,114,41,53,53,157,157,174,174,174,187,200,200,215,250,250,250,175,186,186,199,199,199],"floor_reached":33,"playtime":1517,"items_purged":["Strike_G"],"score":393,"play_id":"fb03cccc-5e62-4aa0-b3f6-1d482142478e","local_time":"20190124224540","is_ascension_mode":true,"campfire_choices":[{"data":"Catalyst","floor":7,"key":"SMITH"},{"floor":15,"key":"REST"},{"floor":23,"key":"REST"},{"floor":27,"key":"REST"},{"floor":30,"key":"REST"},{"floor":32,"key":"REST"}],"neow_cost":"NONE","seed_source_timestamp":425186284079100,"circlet_count":0,"master_deck":["Defend_G","Defend_G","Defend_G","Defend_G","Strike_G","Survivor","Neutralize","Blur","Crippling Poison","Catalyst+1","Footwork","Deadly Poison","Caltrops","Backflip+1","Noxious Fumes","Deadly Poison+1","Noxious Fumes","After Image","PiercingWail+1","Unload+1","PiercingWail+1","Catalyst+1","Deadly Poison+1","Deflect+1","Catalyst+1","Caltrops"],"relics":["Ring of the Snake","Orichalcum","Toxic Egg 2","Oddly Smooth Stone","Pen Nib","Astrolabe","Bronze Scales"],"potions_floor_usage":[8,10,14,14,22,31],"damage_taken":[{"damage":2,"enemies":"Jaw Worm","floor":1,"turns":4},{"damage":2,"enemies":"Cultist","floor":3,"turns":5},{"damage":1,"enemies":"Small Slimes","floor":4,"turns":4},{"damage":5,"enemies":"Lagavulin","floor":6,"turns":6},{"damage":14,"enemies":"3 Sentries","floor":8,"turns":15},{"damage":7,"enemies":"Exordium Wildlife","floor":10,"turns":7},{"damage":7,"enemies":"Lagavulin","floor":11,"turns":7},{"damage":19,"enemies":"Lots of Slimes","floor":12,"turns":3},{"damage":2,"enemies":"Looter","floor":14,"turns":3},{"damage":22,"enemies":"Slime Boss","floor":16,"turns":10},{"damage":19,"enemies":"3 Byrds","floor":18,"turns":3},{"damage":17,"enemies":"2 Thieves","floor":21,"turns":4},{"damage":20,"enemies":"Snake Plant","floor":22,"turns":6},{"damage":20,"enemies":"Cultist and Chosen","floor":24,"turns":7},{"damage":21,"enemies":"Book of Stabbing","floor":25,"turns":6},{"damage":17,"enemies":"3 Cultists","floor":29,"turns":5},{"damage":4,"enemies":"Centurion and Healer","floor":31,"turns":4},{"damage":55,"enemies":"Automaton","floor":33,"turns":6}],"seed_played":"-7231261997205358184","potions_obtained":[{"floor":6,"key":"EssenceOfSteel"},{"floor":8,"key":"Regen Potion"},{"floor":10,"key":"Ancient Potion"},{"floor":11,"key":"Weak Potion"},{"floor":12,"key":"Poison Potion"},{"floor":22,"key":"SpeedPotion"},{"floor":25,"key":"SpeedPotion"},{"floor":29,"key":"AttackPotion"}],"is_trial":false,"path_per_floor":["M","?","M","M","$","E","R","E","T","M","E","M","$","M","R","B",null,"M","?","?","M","M","R","M","E","T","R","?","M","R","M","R","B"],"character_chosen":"THE_SILENT","items_purchased":["Footwork","Deadly Poison","Noxious Fumes"],"campfire_rested":5,"item_purchase_floors":[5,5,13],"current_hp_per_floor":[68,68,66,65,65,60,60,46,46,54,47,28,28,26,47,25,59,40,63,63,46,26,47,27,6,6,27,27,10,31,27,48,0],"gold":199,"neow_bonus":"THREE_CARDS","is_prod":false,"is_daily":false,"chose_seed":false,"campfire_upgraded":1,"win_rate":0,"timestamp":1548366340,"path_taken":["M","?","M","?","$","E","R","E","T","M","E","M","?","M","R","BOSS","M","?","?","M","?","R","M","E","T","R","?","M","R","M","R","BOSS"],"build_version":"2019-01-23","purchased_purges":1,"victory":false,"max_hp_per_floor":[70,70,70,70,70,70,70,70,70,70,70,70,70,70,70,70,70,70,70,70,70,70,70,70,70,70,70,70,70,70,70,70,70],"card_choices":[{"not_picked":["Quick Slash","Cloak And Dagger"],"picked":"Blur","floor":0},{"not_picked":["Dodge and Roll","Dagger Spray"],"picked":"Crippling Poison","floor":1},{"not_picked":["Concentrate","Backflip"],"picked":"Catalyst","floor":3},{"not_picked":["Tactician","Outmaneuver","Reflex"],"picked":"SKIP","floor":4},{"not_picked":["Blade Dance","Dagger Spray","Reflex"],"picked":"SKIP","floor":6},{"not_picked":["Eviscerate","Reflex"],"picked":"Caltrops","floor":8},{"not_picked":["Flechettes","Acrobatics+1"],"picked":"Backflip+1","floor":10},{"not_picked":["Calculated Gamble+1","After Image"],"picked":"Noxious Fumes","floor":11},{"not_picked":["Blade Dance+1","Flying Knee"],"picked":"Deadly Poison+1","floor":12},{"not_picked":["Outmaneuver+1","Sucker Punch","Masterful Stab"],"picked":"SKIP","floor":14},{"not_picked":["Tools of the Trade","Bullet Time+1"],"picked":"After Image","floor":16},{"not_picked":["Poisoned Stab","PiercingWail+1","Choke"],"picked":"SKIP","floor":18},{"not_picked":["Underhanded Strike","Dash","Accuracy"],"picked":"SKIP","floor":21},{"not_picked":["Terror+1","Dagger Throw+1"],"picked":"Deadly Poison+1","floor":22},{"not_picked":["Bane","Slice"],"picked":"Deflect+1","floor":24},{"not_picked":["Heel Hook","Sucker Punch+1","Quick Slash+1"],"picked":"SKIP","floor":25},{"not_picked":["Outmaneuver+1","Distraction+1"],"picked":"Catalyst+1","floor":29},{"not_picked":["Outmaneuver+1","Deflect+1"],"picked":"Caltrops","floor":31}],"player_experience":849288,"relics_obtained":[{"floor":6,"key":"Orichalcum"},{"floor":8,"key":"Toxic Egg 2"},{"floor":9,"key":"Oddly Smooth Stone"},{"floor":11,"key":"Pen Nib"},{"floor":25,"key":"Bronze Scales"}],"event_choices":[{"damage_healed":0,"gold_gain":0,"player_choice":"Bought 0 Potions","damage_taken":0,"max_hp_gain":0,"max_hp_loss":0,"event_name":"The Woman in Blue","floor":2,"gold_loss":0},{"damage_healed":23,"gold_gain":0,"player_choice":"Heal","damage_taken":0,"max_hp_gain":0,"max_hp_loss":0,"event_name":"The Library","floor":19,"gold_loss":0},{"damage_healed":0,"gold_gain":0,"player_choice":"Copied","damage_taken":0,"max_hp_gain":0,"max_hp_loss":0,"event_name":"Duplicator","floor":20,"gold_loss":0,"cards_obtained":["Catalyst"]},{"cards_removed":["Strike_G"],"damage_healed":0,"gold_gain":0,"player_choice":"Gave Gold","damage_taken":0,"max_hp_gain":0,"max_hp_loss":0,"event_name":"Beggar","floor":28,"gold_loss":75}],"is_beta":false,"boss_relics":[{"not_picked":["HoveringKite","Pandora\u0027s Box"],"picked":"Astrolabe"}],"items_purged_floors":[5],"is_endless":false,"potions_floor_spawned":[6,8,10,11,12,22,25,29],"killed_by":"Automaton","ascension_level":5}