{"gold_per_floor":[116,116,127,127,138,170,245,245,270,75,75,96,140,153,153,284,284,297,297,297,212,9,9,9,27,27,47,47,60,60],"floor_reached":30,"playtime":1489,"items_purged":["Strike_G","Strike_G"],"score":394,"play_id":"0e8d1c37-afbb-4d58-b682-7a216c00d9a3","local_time":"20190113235943","is_ascension_mode":true,"campfire_choices":[{"floor":8,"key":"REST"},{"floor":15,"key":"REST"},{"floor":23,"key":"REST"}],"neow_cost":"NONE","seed_source_timestamp":392874408964987,"circlet_count":0,"master_deck":["AscendersBane","Defend_G","Defend_G","Defend_G","Defend_G","Defend_G","Strike_G","Strike_G","Strike_G+1","Survivor","Neutralize","Noxious Fumes","Neutralize","Underhanded Strike","Underhanded Strike","Deadly Poison","Dagger Spray+1","Dash","Cloak And Dagger","Backflip","Catalyst","Deflect","Backflip","Wraith Form v2","Predator","Poisoned Stab","Dodge and Roll","Prepared","Sucker Punch+1","Leg Sweep","Caltrops","Dagger Spray","Bullet Time","Masterful Stab+1","Noxious Fumes+1"],"relics":["Ring of the Snake","NeowsBlessing","Dream Catcher","Gremlin Horn","Whetstone","Golden Idol","Du-Vu Doll","Orrery","Enchiridion","Anchor","Mummified Hand"],"potions_floor_usage":[6,14,25],"damage_taken":[{"damage":0,"enemies":"Small Slimes","floor":1,"turns":1},{"damage":0,"enemies":"Cultist","floor":3,"turns":1},{"damage":0,"enemies":"2 Louse","floor":5,"turns":1},{"damage":25,"enemies":"Gremlin Nob","floor":6,"turns":5},{"damage":5,"enemies":"2 Fungi Beasts","floor":12,"turns":3},{"damage":6,"enemies":"3 Sentries","floor":13,"turns":7},{"damage":0,"enemies":"Blue Slaver","floor":14,"turns":3},{"damage":21,"enemies":"The Guardian","floor":16,"turns":13},{"damage":25,"enemies":"2 Thieves","floor":18,"turns":4},{"damage":1,"enemies":"Shell Parasite","floor":25,"turns":3},{"damage":6,"enemies":"Centurion and Healer","floor":27,"turns":5},{"damage":7,"enemies":"Snecko","floor":29,"turns":4},{"damage":21,"enemies":"Sentry and Sphere","floor":30,"turns":3}],"seed_played":"6039043886961747979","potions_obtained":[{"floor":1,"key":"AttackPotion"},{"floor":5,"key":"Ancient Potion"},{"floor":13,"key":"SpeedPotion"},{"floor":14,"key":"Energy Potion"},{"floor":29,"key":"SmokeBomb"}],"is_trial":false,"path_per_floor":["M","?","M","?","M","E","?","R","T","$","?","M","E","M","R","B",null,"M","?","?","?","$","R","$","M","T","M","?","M","M"],"character_chosen":"THE_SILENT","items_purchased":["Dash","Cloak And Dagger","Caltrops","Dagger Spray"],"campfire_rested":3,"item_purchase_floors":[10,10,22,22],"current_hp_per_floor":[63,63,63,60,60,35,24,45,45,45,45,40,34,34,53,32,57,32,32,16,16,16,35,35,34,34,28,28,21,0],"gold":60,"neow_bonus":"THREE_ENEMY_KILL","is_prod":false,"is_daily":false,"chose_seed":false,"campfire_upgraded":0,"win_rate":0,"timestamp":1547423983,"path_taken":["M","?","?","?","M","E","?","R","T","$","?","M","E","M","R","BOSS","M","?","?","?","$","R","$","M","T","M","?","M","M"],"build_version":"2019-01-10","purchased_purges":2,"victory":false,"max_hp_per_floor":[70,70,70,70,70,70,70,70,70,70,65,65,65,65,65,65,65,65,65,65,65,65,65,65,65,65,65,65,65,65],"card_choices":[{"not_picked":["Leg Sweep","Skewer"],"picked":"Noxious Fumes","floor":1},{"not_picked":["Expertise","Dagger Throw"],"picked":"Underhanded Strike","floor":3},{"not_picked":["Outmaneuver","Prepared"],"picked":"Underhanded Strike","floor":5},{"not_picked":["Infinite Blades","Reflex"],"picked":"Deadly Poison","floor":6},{"not_picked":["Crippling Poison","Blade Dance"],"picked":"Dagger Spray","floor":8},{"not_picked":["Quick Slash","Outmaneuver"],"picked":"Backflip","floor":12},{"not_picked":["A Thousand Cuts","Sucker Punch"],"picked":"Catalyst","floor":13},{"not_picked":["Outmaneuver","Underhanded Strike"],"picked":"Deflect","floor":14},{"not_picked":["Flechettes","Escape Plan"],"picked":"Backflip","floor":15},{"not_picked":["Night Terror","Glass Knife"],"picked":"Wraith Form v2","floor":16},{"not_picked":["Dagger Spray","Heel Hook"],"picked":"Predator","floor":17},{"not_picked":["Backflip","Predator"],"picked":"Poisoned Stab","floor":17},{"not_picked":["Deflect","Well Laid Plans"],"picked":"Dodge and Roll","floor":17},{"not_picked":["A Thousand Cuts","Flying Knee"],"picked":"Prepared","floor":17},{"not_picked":["Prepared","Outmaneuver+1"],"picked":"Sucker Punch+1","floor":18},{"not_picked":["Cloak And Dagger","Endless Agony"],"picked":"Bullet Time","floor":23},{"not_picked":["Deflect","Blade Dance"],"picked":"Masterful Stab+1","floor":25},{"not_picked":["Distraction+1","Well Laid Plans","Infinite Blades+1"],"picked":"SKIP","floor":27},{"not_picked":["Dagger Spray","Dodge and Roll+1"],"picked":"Noxious Fumes+1","floor":29}],"player_experience":1176938,"relics_obtained":[{"floor":6,"key":"Gremlin Horn"},{"floor":9,"key":"Whetstone"},{"floor":13,"key":"Du-Vu Doll"},{"floor":20,"key":"Enchiridion"},{"floor":26,"key":"Mummified Hand"}],"event_choices":[{"damage_healed":0,"gold_gain":0,"player_choice":"1 cards matched","damage_taken":0,"max_hp_gain":0,"max_hp_loss":0,"event_name":"Match and Keep!","floor":2,"gold_loss":0,"cards_obtained":["Neutralize"]},{"damage_healed":0,"gold_gain":0,"player_choice":"Success","damage_taken":3,"relics_obtained":["Dream Catcher"],"max_hp_gain":0,"max_hp_loss":0,"event_name":"Scrap Ooze","floor":4,"gold_loss":0},{"damage_healed":0,"gold_gain":75,"player_choice":"Gather Gold","damage_taken":11,"max_hp_gain":0,"max_hp_loss":0,"event_name":"World of Goop","floor":7,"gold_loss":0},{"damage_healed":0,"gold_gain":0,"player_choice":"Lose Max HP","damage_taken":0,"relics_obtained":["Golden Idol"],"max_hp_gain":0,"max_hp_loss":5,"event_name":"Golden Idol","floor":11,"gold_loss":0},{"damage_healed":0,"gold_gain":0,"player_choice":"Read","damage_taken":0,"max_hp_gain":0,"max_hp_loss":0,"event_name":"The Library","floor":19,"gold_loss":0,"cards_obtained":["Leg Sweep"]},{"damage_healed":0,"gold_gain":0,"player_choice":"Obtained Book","damage_taken":16,"max_hp_gain":0,"max_hp_loss":0,"event_name":"Cursed Tome","floor":20,"gold_loss":0},{"damage_healed":0,"gold_gain":0,"player_choice":"Obtained Relic","damage_taken":0,"relics_obtained":["Anchor"],"max_hp_gain":0,"max_hp_loss":0,"event_name":"Addict","floor":21,"gold_loss":85},{"damage_healed":0,"gold_gain":0,"player_choice":"Ignored","damage_taken":0,"max_hp_gain":0,"max_hp_loss":0,"event_name":"Beggar","floor":28,"gold_loss":0}],"is_beta":false,"boss_relics":[{"not_picked":["Sozu","Runic Dome"],"picked":"Orrery"}],"items_purged_floors":[10,22],"is_endless":false,"potions_floor_spawned":[1,5,13,14,18,29],"killed_by":"Sentry and Sphere","ascension_level":11}