{"gold_per_floor":[10,27,27,27,45,75,90,165,165,165,340,370,389,408,408,408],"floor_reached":16,"playtime":2874,"items_purged":[],"score":112,"play_id":"b7af0027-672e-44f7-b85f-6e76dae95f55","local_time":"20190207181529","is_ascension_mode":false,"campfire_choices":[{"floor":10,"key":"REST"},{"floor":15,"key":"REST"}],"neow_cost":"NO_GOLD","seed_source_timestamp":844718257998293,"circlet_count":0,"master_deck":["Strike_B","Strike_B","Strike_B","Defend_B","Defend_B","Defend_B","Zap","Dualcast","Consume","Conserve Battery","Cold Snap","Static Discharge","Doubt","Core Surge","Coolheaded"],"relics":["Cracked Core","Dodecahedron","Bottled Tornado"],"potions_floor_usage":[6,6,12,13,16],"damage_taken":[{"damage":0,"enemies":"Small Slimes","floor":1,"turns":2},{"damage":1,"enemies":"Cultist","floor":2,"turns":3},{"damage":6,"enemies":"2 Louse","floor":5,"turns":3},{"damage":5,"enemies":"Gremlin Nob","floor":6,"turns":4},{"damage":7,"enemies":"Blue Slaver","floor":7,"turns":5},{"damage":32,"enemies":"3 Sentries","floor":12,"turns":5},{"damage":7,"enemies":"Exordium Wildlife","floor":13,"turns":4},{"damage":11,"enemies":"Red Slaver","floor":14,"turns":3},{"damage":50,"enemies":"The Guardian","floor":16,"turns":16}],"seed_played":"2463775742566344975","potions_obtained":[{"floor":1,"key":"PowerPotion"},{"floor":2,"key":"Regen Potion"},{"floor":3,"key":"Fire Potion"},{"floor":7,"key":"PowerPotion"},{"floor":13,"key":"FearPotion"}],"is_trial":false,"path_per_floor":["M","M","?","$","M","E","M","?","T","R","?","E","M","M","R","B"],"character_chosen":"DEFECT","items_purchased":[],"campfire_rested":2,"item_purchase_floors":[],"current_hp_per_floor":[75,74,74,74,68,63,56,45,45,67,67,35,37,26,48,0],"gold":408,"neow_bonus":"REMOVE_TWO","is_prod":false,"is_daily":false,"chose_seed":false,"campfire_upgraded":0,"win_rate":0,"timestamp":1549570529,"path_taken":["M","M","?","?","M","E","M","?","T","R","?","E","M","?","R","BOSS"],"build_version":"2019-01-23","purchased_purges":0,"victory":false,"max_hp_per_floor":[75,75,75,75,75,75,75,75,75,75,75,75,75,75,75,75],"card_choices":[{"not_picked":["Go for the Eyes","Hologram"],"picked":"Consume","floor":1},{"not_picked":["Stack","Double Energy"],"picked":"Conserve Battery","floor":2},{"not_picked":["Steam Power","Scrape"],"picked":"Cold Snap","floor":5},{"not_picked":["Gash","Compile Driver","Double Energy"],"picked":"SKIP","floor":6},{"not_picked":["Auto Shields","Leap"],"picked":"Static Discharge","floor":7},{"not_picked":["Lockon","Beam Cell"],"picked":"Core Surge","floor":12},{"not_picked":["Sweeping Beam","Fusion","Double Energy"],"picked":"SKIP","floor":13},{"not_picked":["Static Discharge","Ball Lightning"],"picked":"Coolheaded","floor":14}],"player_experience":369225,"relics_obtained":[{"floor":6,"key":"Dodecahedron"},{"floor":12,"key":"Bottled Tornado"}],"event_choices":[{"damage_healed":0,"gold_gain":0,"player_choice":"Got Potions","damage_taken":0,"max_hp_gain":0,"max_hp_loss":0,"event_name":"Lab","floor":3,"gold_loss":0},{"damage_healed":0,"gold_gain":75,"player_choice":"Gather Gold","damage_taken":11,"max_hp_gain":0,"max_hp_loss":0,"event_name":"World of Goop","floor":8,"gold_loss":0},{"damage_healed":0,"gold_gain":175,"player_choice":"AGREE","damage_taken":0,"max_hp_gain":0,"max_hp_loss":0,"event_name":"Liars Game","floor":11,"gold_loss":0,"cards_obtained":["Doubt"]}],"is_beta":false,"boss_relics":[],"items_purged_floors":[],"is_endless":false,"potions_floor_spawned":[1,2,5,7,13],"killed_by":"The Guardian","ascension_level":0}