{"gold_per_floor":[119,119,134,149,166,196,196,216,216,63,74,92,111,128,128,229,229,245,14,32,32,47,47,47,47,70,70,80,111,31,50,50,149,149,163,0,16,28,40,40,54,72,72,89,120,133,133,152,152,152],"floor_reached":51,"playtime":4538,"items_purged":["Pain"],"score":711,"play_id":"4091d4c3-e2a2-4c10-89ea-3ac929bfd558","local_time":"20180827010004","is_ascension_mode":false,"campfire_choices":[{"data":"Armaments","floor":7,"key":"SMITH"},{"floor":15,"key":"REST"},{"data":"Chrysalis","floor":23,"key":"SMITH"},{"data":"Warcry","floor":25,"key":"SMITH"},{"floor":32,"key":"REST"},{"data":"Brutality","floor":40,"key":"SMITH"},{"data":"Dark Embrace","floor":47,"key":"SMITH"},{"data":"Burning Pact","floor":49,"key":"SMITH"}],"neow_cost":"NONE","seed_source_timestamp":957792559043958,"circlet_count":0,"master_deck":["Defend_R","Defend_R","Defend_R","Defend_R","Bash","Whirlwind","Havoc","Dropkick","Armaments+1","Dark Embrace+1","True Grit","Feel No Pain","True Grit","Metallicize","Clothesline","Thunderclap","Reaper","Evolve","Chrysalis+1","Armaments+1","Infernal Blade+1","Bite","Bite","Bite","Bite","Bite","Warcry+1","Parasite","Intimidate","Thunderclap","Feel No Pain","Havoc","Brutality+1","Rupture+1","Headbutt+1","Burning Pact+1","Combust","Warcry+1","Clumsy","Shockwave+1"],"relics":["Cursed Key","Vajra","Centennial Puzzle","Sozu","Anchor","Happy Flower","Coffee Dripper","Red Mask","Kunai","Molten Egg 2"],"potions_floor_usage":[12,12,16,16],"damage_taken":[{"damage":0,"enemies":"2 Louse","floor":1,"turns":3},{"damage":1,"enemies":"Jaw Worm","floor":3,"turns":3},{"damage":5,"enemies":"Small Slimes","floor":4,"turns":3},{"damage":8,"enemies":"Exordium Wildlife","floor":5,"turns":2},{"damage":13,"enemies":"3 Sentries","floor":6,"turns":6},{"damage":10,"enemies":"Looter","floor":8,"turns":3},{"damage":0,"enemies":"2 Fungi Beasts","floor":11,"turns":2},{"damage":0,"enemies":"Gremlin Gang","floor":12,"turns":3},{"damage":5,"enemies":"Blue Slaver","floor":13,"turns":4},{"damage":7,"enemies":"Large Slime","floor":14,"turns":5},{"damage":6,"enemies":"Slime Boss","floor":16,"turns":8},{"damage":7,"enemies":"Spheric Guardian","floor":18,"turns":5},{"damage":12,"enemies":"2 Thieves","floor":20,"turns":4},{"damage":23,"enemies":"Snake Plant","floor":22,"turns":5},{"damage":18,"enemies":"Sentry and Sphere","floor":28,"turns":8},{"damage":19,"enemies":"Book of Stabbing","floor":29,"turns":6},{"damage":11,"enemies":"Centurion and Healer","floor":31,"turns":5},{"damage":30,"enemies":"Automaton","floor":33,"turns":10},{"damage":28,"enemies":"3 Darklings","floor":35,"turns":6},{"damage":4,"enemies":"Orb Walker","floor":37,"turns":4},{"damage":18,"enemies":"Maw","floor":38,"turns":7},{"damage":25,"enemies":"Sphere and 2 Shapes","floor":39,"turns":5},{"damage":16,"enemies":"3 Darklings","floor":41,"turns":3},{"damage":12,"enemies":"Maw","floor":42,"turns":6},{"damage":7,"enemies":"Sphere and 2 Shapes","floor":44,"turns":5},{"damage":25,"enemies":"Nemesis","floor":45,"turns":9},{"damage":40,"enemies":"Spire Growth","floor":46,"turns":5},{"damage":27,"enemies":"4 Shapes","floor":48,"turns":8},{"damage":32,"enemies":"Donu and Deca","floor":50,"turns":8}],"seed_played":"1293800095670692344","potions_obtained":[{"floor":4,"key":"Fire Potion"},{"floor":5,"key":"FearPotion"},{"floor":8,"key":"Block Potion"},{"floor":13,"key":"Block Potion"}],"is_trial":false,"path_per_floor":["M","?","M","M","M","E","R","M","T","$","M","M","M","M","R","B",null,"M","$","M","?","M","R","?","R","T","?","M","E","$","M","R","B",null,"M","?","M","M","M","R","M","M","T","M","E","M","R","M","R","B"],"character_chosen":"IRONCLAD","items_purchased":["Feel No Pain","Chrysalis","Armaments","Feel No Pain"],"campfire_rested":2,"item_purchase_floors":[10,19,19,30],"current_hp_per_floor":[80,73,72,67,59,46,46,36,36,36,36,36,31,24,48,42,80,73,73,66,56,42,42,42,42,42,33,34,34,34,36,54,54,61,44,44,53,54,55,55,46,61,61,64,56,34,34,47,47,57],"gold":152,"neow_bonus":"BOSS_RELIC","is_prod":false,"is_daily":false,"chose_seed":false,"campfire_upgraded":6,"win_rate":0,"timestamp":1535346004,"path_taken":["M","?","M","M","M","E","R","M","T","$","M","M","M","M","R","BOSS","M","$","M","?","M","R","?","R","T","?","M","E","?","M","R","BOSS","M","?","M","M","?","R","?","M","T","M","E","M","R","M","R","BOSS"],"build_version":"2018-08-23v2","purchased_purges":1,"victory":true,"max_hp_per_floor":[80,80,80,80,80,80,80,80,80,80,80,80,80,80,80,80,80,80,80,80,56,56,56,56,56,56,61,61,61,61,61,61,61,61,61,61,61,61,61,61,61,61,61,64,64,64,64,64,64,64],"card_choices":[{"not_picked":["Headbutt","Shockwave"],"picked":"Whirlwind","floor":1},{"not_picked":["True Grit","Intimidate"],"picked":"Havoc","floor":3},{"not_picked":["Flex","Whirlwind"],"picked":"Dropkick","floor":4},{"not_picked":["Seeing Red","Twin Strike"],"picked":"Armaments","floor":5},{"not_picked":["Headbutt","Entrench"],"picked":"Dark Embrace","floor":6},{"not_picked":["Flame Barrier","Pummel"],"picked":"True Grit","floor":8},{"not_picked":["Blood for Blood","Twin Strike"],"picked":"True Grit","floor":11},{"not_picked":["True Grit","Body Slam"],"picked":"Metallicize","floor":12},{"not_picked":["Fire Breathing","Heavy Blade"],"picked":"Clothesline","floor":13},{"not_picked":["Juggernaut","Clothesline"],"picked":"Thunderclap","floor":14},{"not_picked":["Double Tap","Demon Form"],"picked":"Reaper","floor":16},{"not_picked":["Shockwave","Headbutt"],"picked":"Evolve","floor":18},{"not_picked":["Pummel","Corruption+1"],"picked":"Infernal Blade+1","floor":20},{"not_picked":["Twin Strike","Corruption"],"picked":"Warcry","floor":22},{"not_picked":["Corruption","Shrug It Off+1"],"picked":"Intimidate","floor":28},{"not_picked":["Body Slam","Combust"],"picked":"Thunderclap","floor":29},{"not_picked":["Shrug It Off","Twin Strike"],"picked":"Havoc","floor":31},{"not_picked":["Impervious","Demon Form"],"picked":"Brutality","floor":33},{"not_picked":["Clash+1","Clothesline"],"picked":"Rupture+1","floor":35},{"not_picked":["Pommel Strike+1","Flex+1"],"picked":"Headbutt+1","floor":37},{"not_picked":["True Grit","Searing Blow+1","Anger+1"],"picked":"SKIP","floor":38},{"not_picked":["Body Slam+1","Heavy Blade+1"],"picked":"Burning Pact","floor":39},{"not_picked":["True Grit+1","Seeing Red"],"picked":"Combust","floor":41},{"not_picked":["Wild Strike+1","True Grit"],"picked":"Warcry+1","floor":42},{"not_picked":["Shrug It Off","Havoc","Heavy Blade+1"],"picked":"SKIP","floor":44},{"not_picked":["Wild Strike+1","Twin Strike+1","Power Through"],"picked":"SKIP","floor":45},{"not_picked":["Sever Soul+1","Double Tap","Bloodletting+1"],"picked":"SKIP","floor":46},{"not_picked":["Corruption","Battle Trance"],"picked":"Shockwave+1","floor":48}],"player_experience":132084,"relics_obtained":[{"floor":6,"key":"Vajra"},{"floor":9,"key":"Centennial Puzzle"},{"floor":26,"key":"Anchor"},{"floor":29,"key":"Happy Flower"},{"floor":43,"key":"Kunai"},{"floor":45,"key":"Molten Egg 2"}],"event_choices":[{"event_name":"Golden Wing","player_choice":"Card Removal","floor":2,"damage_taken":0},{"event_name":"Vampires","player_choice":"Became a vampire","floor":21,"damage_taken":0},{"event_name":"Upgrade Shrine","player_choice":"Upgraded","floor":24,"damage_taken":0},{"event_name":"Forgotten Altar","player_choice":"Shed Blood","floor":27,"damage_taken":0},{"event_name":"Tomb of Lord Red Mask","player_choice":"Paid","floor":36,"damage_taken":0}],"is_beta":false,"boss_relics":[{"not_picked":["Empty Cage","Runic Cube"],"picked":"Sozu"},{"not_picked":["Mark of Pain","Tiny House"],"picked":"Coffee Dripper"}],"items_purged_floors":[10],"is_endless":false,"potions_floor_spawned":[4,5,8,13,20,29,31,39,42,44,45,46],"ascension_level":0}