{"gold_per_floor":[162,24,41,41,41,67,67,98,98,115,115],"floor_reached":11,"playtime":531,"items_purged":[],"score":130,"play_id":"50c6dc1a-87f8-459b-84eb-d76ba7e98537","local_time":"20190115104128","is_ascension_mode":true,"campfire_choices":[{"floor":7,"key":"REST"}],"neow_cost":"NONE","seed_source_timestamp":518742785000636,"circlet_count":0,"master_deck":["AscendersBane","Strike_B","Strike_B","Strike_B","Strike_B","Defend_B","Defend_B+1","Defend_B","Defend_B","Zap","Dualcast","Doom and Gloom","Hologram+1","All For One+1","Static Discharge+1","Steam","Ball Lightning"],"relics":["Tiny House","Frozen Egg 2","Oddly Smooth Stone","Kunai"],"potions_floor_usage":[8,8],"damage_taken":[{"damage":1,"enemies":"Cultist","floor":1,"turns":4},{"damage":0,"enemies":"Small Slimes","floor":3,"turns":3},{"damage":34,"enemies":"3 Sentries","floor":6,"turns":7},{"damage":18,"enemies":"Gremlin Nob","floor":8,"turns":3},{"damage":2,"enemies":"2 Louse","floor":10,"turns":2},{"damage":34,"enemies":"Lagavulin","floor":11,"turns":5}],"seed_played":"-1627133333547482975","potions_obtained":[{"floor":0,"key":"GamblersBrew"},{"floor":6,"key":"FearPotion"}],"is_trial":false,"path_per_floor":["M","$","M","$","?","E","R","E","T","M","E"],"character_chosen":"DEFECT","items_purchased":["All For One"],"campfire_rested":1,"item_purchase_floors":[2],"current_hp_per_floor":[72,72,72,72,56,22,46,28,28,26,0],"gold":115,"neow_bonus":"BOSS_RELIC","is_prod":false,"is_daily":false,"chose_seed":false,"campfire_upgraded":0,"win_rate":0,"timestamp":1547548888,"path_taken":["M","?","M","$","?","E","R","E","T","M","E"],"build_version":"2019-01-10","purchased_purges":0,"victory":false,"max_hp_per_floor":[80,80,80,80,80,80,80,80,80,80,80],"card_choices":[{"not_picked":["Turbo","Sweeping Beam"],"picked":"Doom and Gloom","floor":0},{"not_picked":["Stack","Chill"],"picked":"Hologram","floor":1},{"not_picked":["Leap","Blizzard","Storm"],"picked":"SKIP","floor":3},{"not_picked":["Rebound","Chill"],"picked":"Static Discharge","floor":6},{"not_picked":["Hyperbeam","Auto Shields"],"picked":"Steam","floor":8},{"not_picked":["Leap","Rebound"],"picked":"Ball Lightning","floor":10}],"player_experience":1181243,"relics_obtained":[{"floor":6,"key":"Frozen Egg 2"},{"floor":8,"key":"Oddly Smooth Stone"},{"floor":9,"key":"Kunai"}],"event_choices":[{"damage_healed":0,"gold_gain":0,"player_choice":"Entered Light","damage_taken":16,"max_hp_gain":0,"max_hp_loss":0,"event_name":"Shining Light","floor":5,"gold_loss":0,"cards_upgraded":["Hologram","All For One"]}],"is_beta":false,"boss_relics":[],"items_purged_floors":[],"is_endless":false,"potions_floor_spawned":[6],"killed_by":"Lagavulin","ascension_level":12}