{"gold_per_floor":[114,289,306,306,324,349,23,37,37,37,57,57,115,128,128,231,231,246,12,12,12,12,43,43,43,67,79,114,114,0,11,11,111,111,127,146,26,40,40,40,51,65,65,83,83,83,99,99,99,99],"floor_reached":50,"playtime":7576,"items_purged":["Doubt"],"score":507,"play_id":"e0b7e164-ed29-43f7-bbfe-8b1bdecd52fd","local_time":"20190131153026","is_ascension_mode":false,"campfire_choices":[{"floor":15,"key":"REST"},{"floor":29,"key":"REST"},{"floor":32,"key":"REST"},{"floor":40,"key":"REST"},{"floor":46,"key":"REST"},{"floor":49,"key":"REST"}],"neow_cost":"NONE","seed_source_timestamp":0,"circlet_count":0,"master_deck":["Defend_G","Defend_G","Defend_G","Defend_G","Defend_G","Strike_G","Strike_G","Strike_G","Strike_G","Strike_G","Survivor","Neutralize","Caltrops","Backstab","Finisher","Blade Dance","Riddle With Holes","Finisher","PiercingWail","Finisher","Noxious Fumes","Bullet Time","Backflip","Unload","Poisoned Stab+1","Wraith Form v2","Deadly Poison","Distraction+1","Blade Dance+1","Skewer","Good Instincts","Acrobatics+1","PiercingWail+1","Dagger Spray","Masterful Stab+1","Poisoned Stab","Parasite","Die Die Die"],"special_seed":0,"relics":["Ring of the Snake","Matryoshka","Oddly Smooth Stone","Juzu Bracelet","Mummified Hand","Dodecahedron","Lizard Tail","Pen Nib","Vajra","Nloth\u0027s Gift","Happy Flower","Bronze Scales","Regal Pillow","Runic Pyramid","Strawberry"],"potions_floor_usage":[18,18,28,33,38,38,50],"damage_taken":[{"damage":0.0,"enemies":"Small Slimes","floor":1.0,"turns":6.0},{"damage":7.0,"enemies":"Jaw Worm","floor":3.0,"turns":9.0},{"damage":0.0,"enemies":"Cultist","floor":5.0,"turns":4.0},{"damage":38.0,"enemies":"Gremlin Nob","floor":6.0,"turns":5.0},{"damage":0.0,"enemies":"Blue Slaver","floor":8.0,"turns":2.0},{"damage":10.0,"enemies":"3 Louse","floor":11.0,"turns":4.0},{"damage":15,"enemies":"3 Sentries","floor":13,"turns":6},{"damage":3,"enemies":"Exordium Wildlife","floor":14,"turns":3},{"damage":30,"enemies":"Hexaghost","floor":16,"turns":10},{"damage":5,"enemies":"Shell Parasite","floor":18,"turns":7},{"damage":75,"enemies":"Book of Stabbing","floor":23,"turns":8},{"damage":0,"enemies":"Spheric Guardian","floor":27,"turns":1},{"damage":13,"enemies":"Gremlin Leader","floor":28,"turns":3},{"damage":25,"enemies":"Shelled Parasite and Fungi","floor":31,"turns":5},{"damage":38,"enemies":"Champ","floor":33,"turns":12},{"damage":21,"enemies":"3 Shapes","floor":35,"turns":5},{"damage":20,"enemies":"3 Darklings","floor":36,"turns":7},{"damage":31,"enemies":"Writhing Mass","floor":38,"turns":4},{"damage":13,"enemies":"Maw","floor":41,"turns":9},{"damage":0,"enemies":"Transient","floor":42,"turns":5},{"damage":14,"enemies":"3 Darklings","floor":44,"turns":4},{"damage":42,"enemies":"Writhing Mass","floor":47,"turns":5},{"damage":63,"enemies":"Awakened One","floor":50,"turns":7}],"seed_played":"-6890147713328847709","potions_obtained":[{"floor":1.0,"key":"Block Potion"},{"floor":4.0,"key":"Regen Potion"},{"floor":4.0,"key":"EntropicBrew"},{"floor":16,"key":"Ancient Potion"},{"floor":23,"key":"Block Potion"},{"floor":28,"key":"Dexterity Potion"},{"floor":33,"key":"SteroidPotion"},{"floor":36,"key":"SteroidPotion"},{"floor":47,"key":"PowerPotion"}],"is_trial":false,"path_per_floor":["M","?","M","?","M","E","$","M","T","?","M","?","?","M","R","B",null,"M","$","?","$","?","E","?","?","T","M","E","R","?","M","R","B",null,"M","M","$","M","?","R","M","M","T","M","?","R","M","?","R","B"],"character_chosen":"THE_SILENT","items_purchased":["Dream Catcher","Oddly Smooth Stone","Flechettes","Envenom","Skewer","Good Instincts"],"campfire_rested":6,"item_purchase_floors":[7,7,7,19,37,37],"current_hp_per_floor":[77,77,70,70,70,32,32,32,32,51,41,41,26,23,45,15,74,69,69,69,69,69,33,33,74,74,74,61,74,74,49,74,36,74,53,33,33,2,2,39,26,26,33,19,19,58,16,16,54,0],"gold":99,"neow_bonus":"TEN_PERCENT_HP_BONUS","is_prod":false,"is_daily":false,"chose_seed":false,"campfire_upgraded":0,"win_rate":0.0,"timestamp":1548945026,"path_taken":["M","?","M","?","M","E","$","M","T","?","M","?","?","M","R","BOSS","M","$","?","?","?","E","?","?","T","M","E","R","?","M","R","BOSS","M","M","$","M","?","R","M","M","T","M","?","R","M","?","R","BOSS"],"build_version":"2019-01-23","purchased_purges":1,"victory":false,"max_hp_per_floor":[77,77,77,77,77,77,77,77,77,77,77,74,74,74,74,74,74,74,74,74,74,74,74,74,74,74,74,74,74,74,74,74,74,74,74,74,74,74,74,74,74,74,81,81,81,81,81,77,77,77],"card_choices":[{"not_picked":["Dash","Blade Dance"],"picked":"Caltrops","floor":1.0},{"not_picked":["PiercingWail","Underhanded Strike"],"picked":"Backstab","floor":3.0},{"not_picked":["Predator","Flechettes"],"picked":"Finisher","floor":5.0},{"not_picked":["Heel Hook","Backflip"],"picked":"Blade Dance","floor":6.0},{"not_picked":["Prepared","Dagger Throw"],"picked":"Riddle With Holes","floor":8.0},{"not_picked":["Dodge and Roll","Underhanded Strike"],"picked":"Finisher","floor":11.0},{"not_picked":["Prepared","Deflect"],"picked":"PiercingWail","floor":13},{"not_picked":["Dodge and Roll","Bane"],"picked":"Finisher","floor":14},{"not_picked":["Slice","Flechettes"],"picked":"Noxious Fumes","floor":15},{"not_picked":["Burst","Adrenaline"],"picked":"Bullet Time","floor":16},{"not_picked":["Quick Slash","Heel Hook"],"picked":"Backflip","floor":18},{"not_picked":["Backflip","Reflex"],"picked":"Unload","floor":23},{"not_picked":["Backflip","Acrobatics"],"picked":"Poisoned Stab+1","floor":27},{"not_picked":["Acrobatics","Blur"],"picked":"Wraith Form v2","floor":28},{"not_picked":["Dodge and Roll","Backflip"],"picked":"Deadly Poison","floor":31},{"not_picked":["Malaise","Venomology"],"picked":"A Thousand Cuts","floor":33},{"not_picked":["Backflip+1","Underhanded Strike+1"],"picked":"Distraction+1","floor":35},{"not_picked":["Flechettes","Prepared+1"],"picked":"Blade Dance+1","floor":36},{"not_picked":["Distraction","Malaise"],"picked":"Acrobatics+1","floor":38},{"not_picked":["Dodge and Roll","Noxious Fumes"],"picked":"PiercingWail+1","floor":41},{"not_picked":["Predator+1","Outmaneuver"],"picked":"Dagger Spray","floor":42},{"not_picked":["Poisoned Stab+1","Prepared"],"picked":"Masterful Stab+1","floor":44},{"not_picked":["Dagger Spray","Choke+1"],"picked":"Die Die Die","floor":47}],"player_experience":14707,"relics_obtained":[{"floor":6.0,"key":"Matryoshka"},{"floor":9.0,"key":"Juzu Bracelet"},{"floor":9.0,"key":"Mummified Hand"},{"floor":13,"key":"Dodecahedron"},{"floor":23,"key":"Vajra"},{"floor":26,"key":"Happy Flower"},{"floor":26,"key":"Bronze Scales"},{"floor":28,"key":"Regal Pillow"},{"floor":43,"key":"Strawberry"}],"event_choices":[{"damage_healed":0.0,"max_hp_gain":0.0,"max_hp_loss":0.0,"gold_gain":175.0,"event_name":"Liars Game","player_choice":"AGREE","floor":2.0,"gold_loss":0.0,"damage_taken":0.0,"cards_obtained":["Doubt"]},{"damage_healed":0.0,"max_hp_gain":0.0,"max_hp_loss":0.0,"gold_gain":0.0,"event_name":"Lab","player_choice":"Got Potions","floor":4.0,"gold_loss":0.0,"damage_taken":0.0},{"damage_healed":19.0,"max_hp_gain":0.0,"max_hp_loss":0.0,"gold_gain":0.0,"event_name":"Mushrooms","player_choice":"Healed and dodged fight","floor":10.0,"gold_loss":0.0,"damage_taken":0.0,"cards_obtained":["Parasite"]},{"cards_removed":["Parasite"],"damage_healed":0.0,"max_hp_gain":0.0,"max_hp_loss":0.0,"gold_gain":0.0,"event_name":"Living Wall","player_choice":"Forget","floor":12.0,"gold_loss":0.0,"damage_taken":0.0},{"damage_healed":0,"gold_gain":0,"player_choice":"Searched \u00272\u0027 times","damage_taken":0,"max_hp_gain":0,"max_hp_loss":0,"event_name":"Dead Adventurer","floor":13,"gold_loss":0},{"damage_healed":0,"gold_gain":0,"player_choice":"Gave Potion","damage_taken":0,"relics_obtained":["Pen Nib"],"max_hp_gain":0,"max_hp_loss":0,"event_name":"WeMeetAgain","floor":20,"gold_loss":0},{"damage_healed":0,"gold_gain":0,"player_choice":"Ignored","damage_taken":0,"max_hp_gain":0,"max_hp_loss":0,"event_name":"Vampires","floor":22,"gold_loss":0},{"damage_healed":0,"gold_gain":0,"player_choice":"Traded Relic","damage_taken":0,"relics_obtained":["Nloth\u0027s Gift"],"max_hp_gain":0,"max_hp_loss":0,"event_name":"N\u0027loth","floor":24,"relics_lost":["Dream Catcher"],"gold_loss":0},{"cards_removed":["Flechettes"],"damage_healed":41,"gold_gain":0,"player_choice":"Offered Uncommon","damage_taken":0,"max_hp_gain":0,"max_hp_loss":0,"event_name":"Bonfire Elementals","floor":25,"gold_loss":0},{"damage_healed":0,"gold_gain":0,"player_choice":"Paid Fearfully","damage_taken":0,"max_hp_gain":0,"max_hp_loss":0,"event_name":"Masked Bandits","floor":30,"gold_loss":114},{"cards_removed":["A Thousand Cuts"],"damage_healed":0,"gold_gain":0,"player_choice":"Removed Power","damage_taken":0,"max_hp_gain":0,"max_hp_loss":0,"event_name":"Falling","floor":39,"gold_loss":0},{"damage_healed":0,"gold_gain":0,"cards_transformed":["Envenom"],"player_choice":"Transformed","damage_taken":0,"max_hp_gain":0,"max_hp_loss":0,"event_name":"Transmorgrifier","floor":45,"gold_loss":0,"cards_obtained":["Poisoned Stab"]},{"damage_healed":0,"gold_gain":0,"player_choice":"Max HP","damage_taken":0,"max_hp_gain":0,"max_hp_loss":4,"event_name":"Winding Halls","floor":48,"gold_loss":0}],"is_beta":false,"boss_relics":[{"not_picked":["Eternal Feather","Ring of the Serpent"],"picked":"Lizard Tail"},{"not_picked":["Astrolabe","Tiny House"],"picked":"Runic Pyramid"}],"items_purged_floors":[19],"is_endless":false,"potions_floor_spawned":[1,6,11,16,23,28,33,36,47],"killed_by":"Awakened One","ascension_level":0}