{"gold_per_floor":[116,129,79,4,4,34,34,34,104,120,120,131,159,189,189,289,289,301,104,4,4,30,65,65,114,139,89,122,164,201,219,219,331,331,351,382,403],"floor_reached":37,"playtime":5839,"items_purged":["Strike_G"],"score":491,"play_id":"faf38eb6-81a6-42bd-b776-97a780d71aed","local_time":"20190203053556","is_ascension_mode":true,"campfire_choices":[{"floor":7.0,"key":"RECALL"},{"floor":11.0,"key":"REST"},{"floor":15.0,"key":"REST"},{"floor":24.0,"key":"REST"},{"floor":32.0,"key":"REST"}],"neow_cost":"NONE","seed_source_timestamp":1331399434296246,"circlet_count":0,"master_deck":["Defend_G+1","Defend_G+1","Defend_G","Defend_G","Defend_G","Strike_G+1","Strike_G","Strike_G","Survivor","Neutralize+1","Noxious Fumes+1","PiercingWail","PiercingWail","Noxious Fumes","Fluid Movement","Tools of the Trade","Deadly Poison","Die Die Die","Acrobatics","Catalyst","Catalyst","conspire:Banana","Underhanded Strike","conspire:SpireCoStock","conspire:SpireCoStock","Poisoned Stab","Tactician","Caltrops","Bouncing Flask+1","Caltrops","Night Terror","Flechettes+1"],"special_seed":0,"relics":["Ring of the Snake","Replay:Wax Seal","Durian","Pocketwatch","construct:ClawGrip","War Paint","infinitespire:Broken Mirror","Snake Skull","Fusion Hammer"],"potions_floor_usage":[37],"damage_taken":[{"damage":0.0,"enemies":"Jaw Worm","floor":1.0,"turns":5.0},{"damage":0.0,"enemies":"2 Louse","floor":2.0,"turns":4.0},{"damage":43.0,"enemies":"Gremlin Nob","floor":6.0,"turns":6.0},{"damage":0.0,"enemies":"Cultist","floor":10.0,"turns":5.0},{"damage":3.0,"enemies":"Exordium Wildlife","floor":12.0,"turns":4.0},{"damage":10.0,"enemies":"3 Sentries","floor":13.0,"turns":8.0},{"damage":14.0,"enemies":"conspire:MimicChest","floor":14.0,"turns":7.0},{"damage":7.0,"enemies":"Slime Boss","floor":16.0,"turns":9.0},{"damage":0.0,"enemies":"Shell Parasite","floor":18.0,"turns":6.0},{"damage":0.0,"enemies":"Chosen","floor":22.0,"turns":5.0},{"damage":38.0,"enemies":"Nightmare","floor":23.0,"turns":6.0},{"damage":15.0,"enemies":"Book of Stabbing","floor":25.0,"turns":6.0},{"damage":4.0,"enemies":"Centurion and Healer","floor":28.0,"turns":6.0},{"damage":14.0,"enemies":"Chosen and Byrds","floor":29.0,"turns":5.0},{"damage":3.0,"enemies":"Snake Plant","floor":30.0,"turns":4.0},{"damage":4.0,"enemies":"Shelled Parasite and Fungi","floor":31.0,"turns":4.0},{"damage":45.0,"enemies":"conspire:MysteriousRune","floor":33.0,"turns":6.0},{"damage":27.0,"enemies":"3 Shapes","floor":35.0,"turns":4.0},{"damage":39.0,"enemies":"3 Darklings","floor":36.0,"turns":6.0},{"damage":33,"enemies":"Sphere and 2 Shapes","floor":37,"turns":5}],"seed_played":"9106669564010896999","potions_obtained":[{"floor":1.0,"key":"Ancient Potion"},{"floor":2.0,"key":"Energy Potion"},{"floor":12.0,"key":"Dexterity Potion"},{"floor":14.0,"key":"PowerPotion"},{"floor":18.0,"key":"AttackPotion"},{"floor":23.0,"key":"Reflective Coating"},{"floor":25.0,"key":"SpeedPotion"},{"floor":30.0,"key":"Weak Potion"},{"floor":31.0,"key":"SkillPotion"},{"floor":36.0,"key":"construct:ShiftPotion"}],"is_trial":false,"path_per_floor":["M","M","?","$","?","E","R","?","T","M","R","M","E","?","R","B",null,"M","$","?","$","M","NM","R","E","T","?","M","M","M","M","R","B",null,"M","M","M"],"character_chosen":"THE_SILENT","items_purchased":["Catalyst","conspire:Banana","Underhanded Strike"],"campfire_rested":4,"item_purchase_floors":[19,19,19],"current_hp_per_floor":[77,77,77,77,62,19,19,19,19,19,42,39,34,20,44,37,82,82,82,82,82,83,46,71,57,57,57,54,41,39,36,62,18,90,63,25,0],"gold":403,"neow_bonus":"TEN_PERCENT_HP_BONUS","is_prod":false,"is_daily":false,"chose_seed":false,"campfire_upgraded":0,"win_rate":0,"timestamp":1549168556,"path_taken":["M","M","?","$","?","E","R","?","T","M","R","?","E","?","R","BOSS","M","$","?","?","?","NM","R","E","T","?","M","M","M","?","R","BOSS","M","M","M"],"build_version":"2019-01-23","purchased_purges":1,"victory":false,"max_hp_per_floor":[77,77,77,77,77,77,77,77,77,77,77,77,82,82,82,82,82,82,82,82,82,83,84,84,85,85,85,86,87,88,89,89,90,90,90,91,92],"card_choices":[{"not_picked":["Acrobatics","conspire:DoublingDagger"],"picked":"Noxious Fumes","floor":1.0},{"not_picked":["Acrobatics","Cloak And Dagger"],"picked":"PiercingWail","floor":2.0},{"not_picked":["Hidden Blade","Acrobatics"],"picked":"PiercingWail","floor":6.0},{"not_picked":["Draining Mist","Dagger Spray"],"picked":"Noxious Fumes","floor":10.0},{"not_picked":["Quick Slash","Dagger Throw"],"picked":"Fluid Movement","floor":12.0},{"not_picked":["Cloak And Dagger","Sucker Punch"],"picked":"Tools of the Trade","floor":13.0},{"not_picked":["Dagger Throw","Acrobatics"],"picked":"Deadly Poison","floor":14.0},{"not_picked":["Tools of the Trade","Adrenaline"],"picked":"Die Die Die","floor":16.0},{"not_picked":["Hidden Blade+1","Fluid Movement"],"picked":"Acrobatics","floor":18.0},{"not_picked":["Flying Knee","ReplayTheSpireMod:The Works"],"picked":"Poisoned Stab","floor":22.0},{"not_picked":["Expertise","Choke+1"],"picked":"Tactician","floor":23.0},{"not_picked":["Dash","Dodge and Roll","Expertise"],"picked":"SKIP","floor":25.0},{"not_picked":["Outmaneuver","Skewer"],"picked":"Caltrops","floor":28.0},{"not_picked":["Heel Hook+1","Dagger Throw","Dagger Spray"],"picked":"SKIP","floor":29.0},{"not_picked":["Toxin Wave","Catalyst"],"picked":"Bouncing Flask+1","floor":30.0},{"not_picked":["Hidden Blade+1","Leg Sweep"],"picked":"Caltrops","floor":31.0},{"not_picked":["Phantasmal Killer","Envenom"],"picked":"Night Terror","floor":33.0},{"not_picked":["Dodge and Roll","Outmaneuver+1"],"picked":"Flechettes+1","floor":35.0},{"not_picked":["Cloak And Dagger","Dash","Escape Plan"],"picked":"SKIP","floor":36.0}],"player_experience":120406,"relics_obtained":[{"floor":6.0,"key":"Replay:Wax Seal"},{"floor":13.0,"key":"Durian"},{"floor":14.0,"key":"Pocketwatch"},{"floor":23.0,"key":"War Paint"},{"floor":25.0,"key":"infinitespire:Broken Mirror"},{"floor":26.0,"key":"Snake Skull"}],"event_choices":[{"cards_removed":["Strike_G"],"damage_healed":0.0,"max_hp_gain":0.0,"max_hp_loss":0.0,"gold_gain":0.0,"event_name":"The Cleric","player_choice":"Card Removal","floor":3.0,"gold_loss":50.0,"damage_taken":0.0},{"damage_healed":0.0,"max_hp_gain":0.0,"max_hp_loss":0.0,"gold_gain":0.0,"event_name":"Shining Light","player_choice":"Entered Light","floor":5.0,"gold_loss":0.0,"damage_taken":15.0,"cards_upgraded":["Strike_G","Neutralize"]},{"damage_healed":0.0,"max_hp_gain":0.0,"max_hp_loss":0.0,"gold_gain":0.0,"event_name":"Accursed Blacksmith","player_choice":"Forge","floor":8.0,"gold_loss":0.0,"damage_taken":0.0,"cards_upgraded":["Noxious Fumes"]},{"damage_healed":0.0,"max_hp_gain":0.0,"max_hp_loss":0.0,"gold_gain":0.0,"event_name":"conspire:Investor","player_choice":"Invest 2","floor":20.0,"gold_loss":0.0,"damage_taken":0.0},{"damage_healed":0.0,"max_hp_gain":0.0,"max_hp_loss":0.0,"gold_gain":0.0,"event_name":"The Joust","player_choice":"Bet on Owner","floor":27.0,"gold_loss":50.0,"damage_taken":0.0}],"is_beta":false,"boss_relics":[{"not_picked":["conspire:SeveredTorchhead","Honey Jar"],"picked":"construct:ClawGrip"},{"not_picked":["Orrery","Replay:Drink Me"],"picked":"Fusion Hammer"}],"items_purged_floors":[4],"is_endless":false,"potions_floor_spawned":[1,2,12,14,18,23,25,30,31,36],"killed_by":"Sphere and 2 Shapes","ascension_level":1}