{"gold_per_floor":[214,234,14,14,25,51,65,65,115,145,145,45,56,56,56,56],"floor_reached":16,"playtime":1148,"items_purged":["Strike_R","Decay"],"score":110,"play_id":"94c97a10-d347-492e-94e3-948f0affdae1","local_time":"20190211115441","is_ascension_mode":false,"campfire_choices":[{"data":"Battle Trance","floor":8,"key":"SMITH"},{"data":"Armaments","floor":15,"key":"SMITH"}],"neow_cost":"NONE","seed_source_timestamp":249125539017042,"circlet_count":0,"master_deck":["Strike_R","Strike_R","Strike_R","Strike_R","Defend_R","Defend_R","Defend_R","Defend_R","Bash","Battle Trance+1","Fire Breathing","Body Slam","Uppercut","Armaments+1","Battle Trance"],"relics":["Burning Blood","Oddly Smooth Stone","Meat on the Bone","Juzu Bracelet","Bag of Marbles"],"potions_floor_usage":[10,10],"damage_taken":[{"damage":15,"enemies":"Jaw Worm","floor":1,"turns":6},{"damage":1,"enemies":"Cultist","floor":2,"turns":3},{"damage":0,"enemies":"Small Slimes","floor":5,"turns":5},{"damage":29,"enemies":"Gremlin Nob","floor":6,"turns":5},{"damage":16,"enemies":"Exordium Wildlife","floor":7,"turns":9},{"damage":16,"enemies":"Lagavulin","floor":10,"turns":10},{"damage":10,"enemies":"Looter","floor":13,"turns":4},{"damage":60,"enemies":"Slime Boss","floor":16,"turns":12}],"seed_played":"8549491782837305641","potions_obtained":[{"floor":2,"key":"SpeedPotion"},{"floor":5,"key":"Energy Potion"}],"is_trial":false,"path_per_floor":["M","M","$","?","M","E","M","R","T","E","?","$","M","$","R","B"],"character_chosen":"IRONCLAD","items_purchased":["Oddly Smooth Stone"],"campfire_rested":0,"item_purchase_floors":[3],"current_hp_per_floor":[71,76,76,76,80,57,47,47,47,49,49,49,57,57,57,0],"gold":56,"neow_bonus":"HUNDRED_GOLD","is_prod":false,"is_daily":false,"chose_seed":false,"campfire_upgraded":2,"win_rate":0.0,"timestamp":1549882481,"path_taken":["M","M","$","?","M","E","M","R","T","E","?","?","M","$","R","BOSS"],"build_version":"2019-01-23","purchased_purges":2,"victory":false,"max_hp_per_floor":[80,80,80,80,80,80,80,80,80,80,80,80,80,80,80,80],"card_choices":[{"not_picked":["Sword Boomerang","Reckless Charge"],"picked":"Battle Trance","floor":1},{"not_picked":["Evolve","Anger"],"picked":"Fire Breathing","floor":2},{"not_picked":["Dual Wield","Rampage"],"picked":"Body Slam","floor":5},{"not_picked":["Power Through","Cleave","True Grit"],"picked":"SKIP","floor":6},{"not_picked":["Perfected Strike","Bloodletting"],"picked":"Uppercut","floor":7},{"not_picked":["Combust","Thunderclap"],"picked":"Armaments","floor":10},{"not_picked":["Shockwave","Pommel Strike"],"picked":"Battle Trance","floor":13}],"player_experience":195332,"relics_obtained":[{"floor":6,"key":"Meat on the Bone"},{"floor":9,"key":"Juzu Bracelet"},{"floor":10,"key":"Bag of Marbles"}],"event_choices":[{"damage_healed":0,"gold_gain":0,"player_choice":"Ignored","damage_taken":0,"max_hp_gain":0,"max_hp_loss":0,"event_name":"NoteForYourself","floor":4,"gold_loss":0},{"damage_healed":0,"gold_gain":0,"player_choice":"Cursed","damage_taken":0,"max_hp_gain":0,"max_hp_loss":0,"event_name":"Wheel of Change","floor":11,"gold_loss":0,"cards_obtained":["Decay"]}],"is_beta":false,"boss_relics":[],"items_purged_floors":[3,12],"is_endless":false,"potions_floor_spawned":[2,5],"killed_by":"Slime Boss","ascension_level":0}