{"gold_per_floor":[111,130,150,75,75,75,94,94,120,133,153,153,172,172,172,277,277,294,219,219,238,238,238,257,40,40,109,143,153,168,179,179,276,276,294,341,341,341,360,360,360,360,360,371,371,371,381,396,396,396],"floor_reached":51,"playtime":1886,"items_purged":["Strike_R","Defend_R+1"],"score":1103,"play_id":"bdf2ed28-7385-45b0-b2ba-db544e87a1f2","local_time":"20190209135149","is_ascension_mode":true,"campfire_choices":[{"data":"Bash","floor":6,"key":"SMITH"},{"data":"Inflame","floor":8,"key":"SMITH"},{"data":"Shrug It Off","floor":12,"key":"SMITH"},{"data":"Uppercut","floor":15,"key":"SMITH"},{"data":"Cleave","floor":23,"key":"SMITH"},{"data":"Inflame","floor":32,"key":"SMITH"},{"data":"Twin Strike","floor":40,"key":"SMITH"},{"floor":45,"key":"REST"},{"floor":49,"key":"REST"}],"neow_cost":"NONE","seed_source_timestamp":7182910474187,"circlet_count":0,"master_deck":["AscendersBane","Defend_R+1","Defend_R+1","Bash+1","Inflame+1","Cleave+1","Shrug It Off+1","Uppercut+1","Inflame+1","Twin Strike+1","Madness","Madness"],"relics":["Burning Blood","Potion Belt","Bag of Preparation","Busted Crown","Tiny Chest","Mercury Hourglass","Self Forming Clay","Blood Vial","Empty Cage","Centennial Puzzle","Letter Opener","Gremlin Horn"],"potions_floor_usage":[16,16,33,33,50,50],"damage_taken":[{"damage":6,"enemies":"Jaw Worm","floor":1,"turns":4},{"damage":3,"enemies":"2 Louse","floor":2,"turns":3},{"damage":6,"enemies":"Cultist","floor":3,"turns":3},{"damage":11,"enemies":"Looter","floor":7,"turns":5},{"damage":0,"enemies":"Large Slime","floor":10,"turns":5},{"damage":9,"enemies":"2 Fungi Beasts","floor":11,"turns":3},{"damage":3,"enemies":"3 Louse","floor":13,"turns":3},{"damage":31,"enemies":"Hexaghost","floor":16,"turns":7},{"damage":22,"enemies":"2 Thieves","floor":18,"turns":4},{"damage":0,"enemies":"Shell Parasite","floor":21,"turns":4},{"damage":21,"enemies":"Colosseum Slavers","floor":22,"turns":5},{"damage":4,"enemies":"Cultist and Chosen","floor":24,"turns":5},{"damage":14,"enemies":"Gremlin Leader","floor":28,"turns":5},{"damage":0,"enemies":"Centurion and Healer","floor":29,"turns":4},{"damage":16,"enemies":"Sentry and Sphere","floor":30,"turns":5},{"damage":0,"enemies":"Cultist and Chosen","floor":31,"turns":4},{"damage":23,"enemies":"Champ","floor":33,"turns":11},{"damage":16,"enemies":"3 Darklings","floor":35,"turns":5},{"damage":4,"enemies":"Orb Walker","floor":39,"turns":2},{"damage":4,"enemies":"Transient","floor":44,"turns":5},{"damage":15,"enemies":"4 Shapes","floor":47,"turns":3},{"damage":10,"enemies":"Writhing Mass","floor":48,"turns":4},{"damage":73,"enemies":"Time Eater","floor":50,"turns":12}],"seed_played":"-5773135140753646416","potions_obtained":[{"floor":3,"key":"Dexterity Potion"},{"floor":7,"key":"PowerPotion"},{"floor":10,"key":"PowerPotion"},{"floor":13,"key":"SneckoOil"},{"floor":31,"key":"Block Potion"},{"floor":33,"key":"Energy Potion"},{"floor":39,"key":"Explosive Potion"},{"floor":44,"key":"SteroidPotion"}],"is_trial":false,"path_per_floor":["M","M","M","$","?","R","M","R","T","M","M","R","M","?","R","B",null,"M","?","?","M","?","R","M","$","T","T","E","M","M","M","R","B",null,"M","T","?","?","M","R","?","T","T","M","R","?","M","M","R","B",null],"character_chosen":"IRONCLAD","items_purchased":["Tiny Chest"],"campfire_rested":2,"item_purchase_floors":[25],"current_hp_per_floor":[72,75,75,75,75,75,70,70,70,76,73,73,76,76,76,51,73,57,57,57,63,48,48,50,50,50,50,42,50,42,50,50,35,69,61,61,61,61,65,65,55,55,55,59,80,80,71,69,80,13],"gold":396,"neow_bonus":"RANDOM_COMMON_RELIC","is_prod":false,"is_daily":false,"chose_seed":false,"campfire_upgraded":7,"win_rate":0,"timestamp":1549687909,"path_taken":["M","M","M","$","?","R","M","R","T","M","M","R","M","?","R","BOSS","M","?","?","M","?","R","M","?","T","?","E","M","M","M","R","BOSS","M","?","?","?","M","R","?","?","T","?","R","?","?","M","R","BOSS"],"build_version":"2019-01-23","purchased_purges":2,"victory":true,"max_hp_per_floor":[80,80,80,80,80,80,80,80,80,80,80,80,80,80,80,80,80,80,80,80,80,80,80,80,80,80,80,80,80,80,80,80,80,80,80,80,80,80,80,80,80,80,80,80,80,80,80,80,80,80],"card_choices":[{"not_picked":["True Grit","Rupture"],"picked":"Inflame","floor":1},{"not_picked":["Clothesline","Twin Strike"],"picked":"Cleave","floor":2},{"not_picked":["Sentinel","Flex","Armaments"],"picked":"SKIP","floor":3},{"not_picked":["Dual Wield","Headbutt","Reckless Charge"],"picked":"SKIP","floor":7},{"not_picked":["Havoc","Sword Boomerang"],"picked":"Shrug It Off","floor":10},{"not_picked":["Sword Boomerang","Burning Pact","Second Wind"],"picked":"SKIP","floor":11},{"not_picked":["Rage","Headbutt"],"picked":"Uppercut","floor":13},{"not_picked":["Clash"],"picked":"SKIP","floor":18},{"not_picked":["Rampage"],"picked":"SKIP","floor":21},{"not_picked":["Evolve"],"picked":"SKIP","floor":24},{"not_picked":["Havoc"],"picked":"SKIP","floor":28},{"not_picked":["Sentinel"],"picked":"SKIP","floor":29},{"not_picked":["Cleave"],"picked":"SKIP","floor":30},{"not_picked":[],"picked":"Inflame","floor":31},{"not_picked":[],"picked":"Twin Strike","floor":35},{"not_picked":["Perfected Strike"],"picked":"SKIP","floor":39},{"not_picked":["Clash"],"picked":"SKIP","floor":44},{"not_picked":["Clash"],"picked":"SKIP","floor":47},{"not_picked":["Havoc+1"],"picked":"SKIP","floor":48}],"player_experience":188289,"relics_obtained":[{"floor":9,"key":"Bag of Preparation"},{"floor":26,"key":"Mercury Hourglass"},{"floor":27,"key":"Self Forming Clay"},{"floor":28,"key":"Blood Vial"},{"floor":36,"key":"Centennial Puzzle"},{"floor":42,"key":"Letter Opener"},{"floor":43,"key":"Gremlin Horn"}],"event_choices":[{"damage_healed":0,"gold_gain":0,"player_choice":"Ignored","damage_taken":0,"max_hp_gain":0,"max_hp_loss":0,"event_name":"Liars Game","floor":5,"gold_loss":0},{"cards_removed":["Strike_R"],"damage_healed":0,"gold_gain":0,"player_choice":"Forget","damage_taken":0,"max_hp_gain":0,"max_hp_loss":0,"event_name":"Living Wall","floor":14,"gold_loss":0},{"cards_removed":["Strike_R"],"damage_healed":0,"gold_gain":0,"player_choice":"Gave Gold","damage_taken":0,"max_hp_gain":0,"max_hp_loss":0,"event_name":"Beggar","floor":19,"gold_loss":75},{"damage_healed":0,"gold_gain":0,"player_choice":"Simplicity","damage_taken":0,"max_hp_gain":0,"max_hp_loss":0,"event_name":"Back to Basics","floor":20,"gold_loss":0,"cards_upgraded":["Strike_R","Strike_R","Defend_R","Defend_R","Defend_R","Defend_R"]},{"damage_healed":0,"gold_gain":0,"player_choice":"Fight","damage_taken":0,"max_hp_gain":0,"max_hp_loss":0,"event_name":"Colosseum","floor":22,"gold_loss":0},{"damage_healed":0,"gold_gain":0,"player_choice":"Fled From Nobs","damage_taken":0,"max_hp_gain":0,"max_hp_loss":0,"event_name":"Colosseum","floor":22,"gold_loss":0},{"damage_healed":0,"gold_gain":0,"player_choice":"Ignored","damage_taken":0,"max_hp_gain":0,"max_hp_loss":0,"event_name":"Tomb of Lord Red Mask","floor":37,"gold_loss":0},{"damage_healed":0,"gold_gain":0,"player_choice":"Ignored","damage_taken":0,"max_hp_gain":0,"max_hp_loss":0,"event_name":"Mysterious Sphere","floor":38,"gold_loss":0},{"damage_healed":0,"gold_gain":0,"player_choice":"Embrace Madness","damage_taken":10,"max_hp_gain":0,"max_hp_loss":0,"event_name":"Winding Halls","floor":41,"gold_loss":0,"cards_obtained":["Madness","Madness"]},{"cards_removed":["Strike_R"],"damage_healed":0,"gold_gain":0,"player_choice":"Purged","damage_taken":0,"max_hp_gain":0,"max_hp_loss":0,"event_name":"Purifier","floor":46,"gold_loss":0}],"is_beta":false,"boss_relics":[{"not_picked":["Orrery","Runic Dome"],"picked":"Busted Crown"},{"not_picked":["White Beast Statue","Pandora\u0027s Box"],"picked":"Empty Cage"}],"items_purged_floors":[4,25],"is_endless":false,"potions_floor_spawned":[3,7,10,13,22,31,33,39,44,48],"ascension_level":12}