{"gold_per_floor":[119,119,136,136,150,150,176,176,176,30,59,128,152,183,195,307,319,256,343,31,43,43],"floor_reached":22,"playtime":800,"items_purged":[],"score":240,"play_id":"474f27cb-5a4c-49a5-b4df-194836cdadd5","local_time":"20190121214613","is_ascension_mode":true,"campfire_choices":[{"data":"Footwork","floor":6,"key":"SMITH"},{"floor":8,"key":"REST"},{"floor":15,"key":"REST"}],"neow_cost":"NONE","seed_source_timestamp":163129321287700,"circlet_count":0,"master_deck":["Defend_G","Defend_G","Defend_G","Defend_G","Defend_G","Strike_G","Strike_G","Strike_G","Strike_G","Strike_G","Survivor+1","Neutralize+1","Footwork+1","Corpse Explosion","Burst","Deadly Poison","Backstab","Bullet Time","Night Terror","Footwork","Noxious Fumes"],"relics":["Ring of the Snake","Blue Candle","Anchor","Pen Nib","MawBank","Pantograph","Eternal Feather","Meat on the Bone"],"potions_floor_usage":[7,11,16,16],"damage_taken":[{"damage":3,"enemies":"Small Slimes","floor":1,"turns":5},{"damage":1,"enemies":"Jaw Worm","floor":3,"turns":5},{"damage":0,"enemies":"Cultist","floor":5,"turns":5},{"damage":47,"enemies":"Gremlin Nob","floor":7,"turns":7},{"damage":23,"enemies":"Lagavulin","floor":11,"turns":8},{"damage":16,"enemies":"Lagavulin Event","floor":12,"turns":6},{"damage":0,"enemies":"Lots of Slimes","floor":13,"turns":1},{"damage":0,"enemies":"3 Louse","floor":14,"turns":3},{"damage":51,"enemies":"Slime Boss","floor":16,"turns":9},{"damage":34,"enemies":"2 Thieves","floor":18,"turns":5},{"damage":6,"enemies":"3 Byrds","floor":21,"turns":3},{"damage":19,"enemies":"Cultist and Chosen","floor":22,"turns":5}],"seed_played":"-8898607226647369958","potions_obtained":[{"floor":3,"key":"Regen Potion"},{"floor":7,"key":"SkillPotion"},{"floor":12,"key":"Energy Potion"},{"floor":13,"key":"Dexterity Potion"},{"floor":14,"key":"SteroidPotion"}],"is_trial":false,"path_per_floor":["M","?","M","?","M","R","E","R","T","$","E","?","M","M","R","B",null,"M","?","$","M","M"],"character_chosen":"THE_SILENT","items_purchased":["Pen Nib","Noxious Fumes","Meat on the Bone"],"campfire_rested":2,"item_purchase_floors":[10,20,20],"current_hp_per_floor":[67,67,66,63,63,63,29,50,50,50,27,11,11,11,32,6,54,20,13,13,19,0],"gold":43,"neow_bonus":"UPGRADE_CARD","is_prod":false,"is_daily":false,"chose_seed":false,"campfire_upgraded":1,"win_rate":0,"timestamp":1548103573,"path_taken":["M","?","M","?","M","R","E","R","T","?","E","?","?","M","R","BOSS","M","?","$","M","M"],"build_version":"2019-01-17v2","purchased_purges":0,"victory":false,"max_hp_per_floor":[70,70,70,70,70,70,70,70,70,70,70,70,70,70,70,70,70,70,70,70,70,70],"card_choices":[{"not_picked":["Dodge and Roll","Dagger Throw","Deflect"],"picked":"SKIP","floor":1},{"not_picked":["Quick Slash","Outmaneuver"],"picked":"Footwork","floor":3},{"not_picked":["Slice","Quick Slash"],"picked":"Corpse Explosion","floor":5},{"not_picked":["Outmaneuver","Deflect"],"picked":"Burst","floor":7},{"not_picked":["Flying Knee","Bane"],"picked":"Deadly Poison","floor":11},{"not_picked":["Acrobatics","Predator"],"picked":"Backstab","floor":12},{"not_picked":["Dagger Throw","Sucker Punch"],"picked":"Bullet Time","floor":13},{"not_picked":["Blade Dance","Sucker Punch","Acrobatics"],"picked":"SKIP","floor":14},{"not_picked":["Storm of Steel","After Image"],"picked":"Night Terror","floor":16},{"not_picked":["Masterful Stab+1","Poisoned Stab"],"picked":"Footwork","floor":18},{"not_picked":["Predator","Expertise","Outmaneuver"],"picked":"SKIP","floor":21}],"player_experience":847573,"relics_obtained":[{"floor":7,"key":"Anchor"},{"floor":11,"key":"MawBank"},{"floor":12,"key":"Pantograph"}],"event_choices":[{"damage_healed":0,"gold_gain":0,"player_choice":"Grow","damage_taken":0,"max_hp_gain":0,"max_hp_loss":0,"event_name":"Living Wall","floor":2,"gold_loss":0,"cards_upgraded":["Survivor"]},{"damage_healed":0,"gold_gain":0,"player_choice":"Success","damage_taken":3,"relics_obtained":["Blue Candle"],"max_hp_gain":0,"max_hp_loss":0,"event_name":"Scrap Ooze","floor":4,"gold_loss":0},{"damage_healed":0,"gold_gain":0,"player_choice":"Searched \u00271\u0027 times","damage_taken":0,"max_hp_gain":0,"max_hp_loss":0,"event_name":"Dead Adventurer","floor":12,"gold_loss":0},{"damage_healed":0,"gold_gain":75,"player_choice":"Touch","damage_taken":7,"max_hp_gain":0,"max_hp_loss":0,"event_name":"FaceTrader","floor":19,"gold_loss":0}],"is_beta":false,"boss_relics":[{"not_picked":["Philosopher\u0027s Stone","Astrolabe"],"picked":"Eternal Feather"}],"items_purged_floors":[],"is_endless":false,"potions_floor_spawned":[3,7,12,13,14],"killed_by":"Cultist and Chosen","ascension_level":5}