{"gold_per_floor":[117,392,407,424,12,12,343,343,343,369,397,426,444,457,457,555,555,573,607,625,529,529],"floor_reached":22,"playtime":1160,"items_purged":["Regret"],"score":366,"play_id":"63c6520f-1520-42be-8e77-eedb4b2418c1","local_time":"20190130233737","is_ascension_mode":true,"campfire_choices":[{"data":"Neutralize","floor":6.0,"key":"SMITH"},{"data":"Blade Dance","floor":8.0,"key":"SMITH"},{"data":"Accuracy","floor":15.0,"key":"SMITH"}],"neow_cost":"NONE","seed_source_timestamp":17962189732924,"circlet_count":0,"master_deck":["AscendersBane","Defend_G","Defend_G","Defend_G","Defend_G","Defend_G","Strike_G","Strike_G","Survivor","Neutralize+1","Poisoned Stab","Blade Dance+1","Cloak And Dagger","Infinite Blades","Escape Plan","Flying Knee","Blade Dance","Accuracy+1","Noxious Fumes","Terror","Envenom","All Out Attack+1","Predator+1","Blur+1","Bane"],"special_seed":0,"relics":["Ring of the Snake","NeowsBlessing","FossilizedHelix","Old Coin","Question Card","Pear","Odd Mushroom","Bottled Lightning","Astrolabe","Red Mask","Sundial"],"potions_floor_usage":[22],"damage_taken":[{"damage":0.0,"enemies":"Small Slimes","floor":1.0,"turns":1.0},{"damage":0.0,"enemies":"Cultist","floor":3.0,"turns":1.0},{"damage":0.0,"enemies":"Jaw Worm","floor":4.0,"turns":1.0},{"damage":27.0,"enemies":"3 Sentries","floor":7.0,"turns":11.0},{"damage":11.0,"enemies":"Lagavulin","floor":10.0,"turns":6.0},{"damage":4.0,"enemies":"The Mushroom Lair","floor":11.0,"turns":5.0},{"damage":0.0,"enemies":"3 Sentries","floor":12.0,"turns":9.0},{"damage":1.0,"enemies":"Looter","floor":13.0,"turns":3.0},{"damage":0.0,"enemies":"Large Slime","floor":14.0,"turns":5.0},{"damage":17.0,"enemies":"The Guardian","floor":16.0,"turns":10.0},{"damage":9.0,"enemies":"Shell Parasite","floor":18.0,"turns":5.0},{"damage":48.0,"enemies":"Masked Bandits","floor":19.0,"turns":6.0},{"damage":0.0,"enemies":"3 Byrds","floor":20.0,"turns":5.0},{"damage":10,"enemies":"3 Cultists","floor":22,"turns":3}],"seed_played":"-4438579723246217450","potions_obtained":[{"floor":1.0,"key":"PowerPotion"},{"floor":3.0,"key":"GhostInAJar"},{"floor":11.0,"key":"Fire Potion"},{"floor":13.0,"key":"PowerPotion"},{"floor":16.0,"key":"Swift Potion"},{"floor":20.0,"key":"GamblersBrew"}],"is_trial":false,"path_per_floor":["M","?","M","M","$","R","E","R","T","E","?","E","M","M","R","B",null,"M","?","M","?","M"],"character_chosen":"THE_SILENT","items_purchased":["FossilizedHelix","Infinite Blades"],"campfire_rested":0,"item_purchase_floors":[5,5],"current_hp_per_floor":[63,63,63,63,63,63,36,36,36,35,31,31,30,30,30,13,63,54,6,6,6,0],"gold":529,"neow_bonus":"THREE_ENEMY_KILL","is_prod":false,"is_daily":false,"chose_seed":false,"campfire_upgraded":3,"win_rate":0,"timestamp":1548913057,"path_taken":["M","?","?","M","$","R","E","R","T","E","?","E","M","M","R","BOSS","M","?","M","?","M"],"build_version":"2019-01-23","purchased_purges":1,"victory":false,"max_hp_per_floor":[70,70,70,70,70,70,70,70,70,80,80,80,80,80,80,80,80,80,80,80,80,80],"card_choices":[{"not_picked":["Masterful Stab","Heel Hook"],"picked":"Poisoned Stab","floor":1.0},{"not_picked":["Cloak And Dagger","PiercingWail"],"picked":"Blade Dance","floor":3.0},{"not_picked":["Prepared","Calculated Gamble"],"picked":"Cloak And Dagger","floor":4.0},{"not_picked":["Quick Slash","Catalyst"],"picked":"Escape Plan","floor":7.0},{"not_picked":["Quick Slash","Corpse Explosion","PiercingWail"],"picked":"Flying Knee","floor":10.0},{"not_picked":["Dodge and Roll","Underhanded Strike","PiercingWail"],"picked":"Blade Dance","floor":11.0},{"not_picked":["Finisher","Acrobatics","Quick Slash"],"picked":"Accuracy","floor":12.0},{"not_picked":["Backstab","Outmaneuver","Escape Plan"],"picked":"Noxious Fumes","floor":13.0},{"not_picked":["Caltrops","Setup","Catalyst"],"picked":"Terror","floor":14.0},{"not_picked":["Storm of Steel","Malaise","Unload"],"picked":"Envenom","floor":16.0},{"not_picked":["Backstab","Prepared","Reflex"],"picked":"Bane","floor":18.0},{"not_picked":["Setup","All Out Attack","Flechettes","PiercingWail"],"picked":"SKIP","floor":20.0}],"player_experience":232742,"relics_obtained":[{"floor":7.0,"key":"Old Coin"},{"floor":9.0,"key":"Question Card"},{"floor":10.0,"key":"Pear"},{"floor":11.0,"key":"Odd Mushroom"},{"floor":12.0,"key":"Bottled Lightning"},{"floor":19.0,"key":"Red Mask"}],"event_choices":[{"damage_healed":0.0,"max_hp_gain":0.0,"max_hp_loss":0.0,"gold_gain":275.0,"event_name":"Golden Shrine","player_choice":"Desecrate","floor":2.0,"gold_loss":0.0,"damage_taken":0.0,"cards_obtained":["Regret"]},{"damage_healed":0.0,"max_hp_gain":0.0,"max_hp_loss":0.0,"gold_gain":0.0,"event_name":"Mushrooms","player_choice":"Fought Mushrooms","floor":11.0,"gold_loss":0.0,"damage_taken":0.0},{"damage_healed":0.0,"max_hp_gain":0.0,"max_hp_loss":0.0,"gold_gain":0.0,"event_name":"Masked Bandits","player_choice":"Fought Bandits","floor":19.0,"gold_loss":0.0,"damage_taken":0.0},{"damage_healed":0.0,"max_hp_gain":0.0,"max_hp_loss":0.0,"gold_gain":0.0,"event_name":"WeMeetAgain","player_choice":"Paid Gold","floor":21.0,"gold_loss":96.0,"damage_taken":0.0,"relics_obtained":["Sundial"]}],"is_beta":false,"boss_relics":[{"not_picked":["Black Star","Pandora\u0027s Box"],"picked":"Astrolabe"}],"items_purged_floors":[5],"is_endless":false,"potions_floor_spawned":[1,3,11,13,16,20],"killed_by":"3 Cultists","ascension_level":12}