{"gold_per_floor":[116,116,133,151,165,165,199,199,274,307,307,307,317,317,317,414,414,429,354,58,72,72,72,87,99,126,126,126,126],"floor_reached":29,"playtime":1004,"items_purged":[],"score":350,"play_id":"a57ee0d9-4e1b-4317-8d7b-1e0686c6ea88","local_time":"20181223021843","is_ascension_mode":true,"campfire_choices":[{"floor":6,"key":"REST"},{"floor":8,"key":"REST"},{"floor":12,"key":"REST"},{"data":"Bash","floor":15,"key":"SMITH"},{"floor":23,"key":"REST"},{"floor":27,"key":"REST"}],"neow_cost":"PERCENT_DAMAGE","seed_source_timestamp":807506424110176,"circlet_count":0,"master_deck":["AscendersBane","Strike_R","Strike_R","Strike_R","Defend_R","Defend_R","Defend_R","Defend_R","Bash+1","Demon Form+1","Anger","Shrug It Off","Pommel Strike","Havoc","Shrug It Off","Fiend Fire","Metallicize","Armaments+1","True Grit","Shrug It Off"],"relics":["Burning Blood","Dodecahedron","Singing Bowl","Bottled Tornado","Bronze Scales","Philosopher\u0027s Stone","Thread and Needle","Bag of Marbles"],"potions_floor_usage":[16,18,21,29],"damage_taken":[{"damage":1,"enemies":"Cultist","floor":1,"turns":4},{"damage":5,"enemies":"2 Louse","floor":3,"turns":3},{"damage":12,"enemies":"Small Slimes","floor":4,"turns":4},{"damage":29,"enemies":"Exordium Thugs","floor":5,"turns":5},{"damage":42,"enemies":"3 Sentries","floor":7,"turns":7},{"damage":27,"enemies":"Lagavulin","floor":10,"turns":6},{"damage":10,"enemies":"Large Slime","floor":13,"turns":5},{"damage":40,"enemies":"The Guardian","floor":16,"turns":9},{"damage":19,"enemies":"Shell Parasite","floor":18,"turns":4},{"damage":13,"enemies":"2 Thieves","floor":21,"turns":4},{"damage":20,"enemies":"Colosseum Slavers","floor":22,"turns":5},{"damage":37,"enemies":"Shelled Parasite and Fungi","floor":24,"turns":5},{"damage":2,"enemies":"Centurion and Healer","floor":25,"turns":6},{"damage":67,"enemies":"Slavers","floor":29,"turns":7}],"seed_played":"-36598866209308197","potions_obtained":[{"floor":3,"key":"EssenceOfSteel"},{"floor":4,"key":"Poison Potion"},{"floor":10,"key":"Regen Potion"},{"floor":24,"key":"Weak Potion"}],"is_trial":false,"path_per_floor":["M","T","M","M","M","R","E","R","T","E","?","R","M","?","R","B",null,"M","?","$","M","?","R","M","M","T","R","?","E"],"character_chosen":"IRONCLAD","items_purchased":["Thread and Needle"],"campfire_rested":5,"item_purchase_floors":[20],"current_hp_per_floor":[56,56,57,51,28,52,18,42,42,21,21,45,43,43,43,9,65,64,64,64,57,43,68,37,41,41,66,66,0],"gold":126,"neow_bonus":"THREE_RARE_CARDS","is_prod":false,"is_daily":false,"chose_seed":false,"campfire_upgraded":1,"win_rate":0,"timestamp":1545549523,"path_taken":["M","?","M","M","M","R","E","R","T","E","?","R","M","?","R","BOSS","M","?","$","M","?","R","M","M","T","R","?","E"],"build_version":"2018-12-20","purchased_purges":0,"victory":false,"max_hp_per_floor":[80,80,80,80,80,80,82,82,82,82,82,82,84,84,84,84,84,84,84,84,84,84,84,84,84,84,84,84,84],"card_choices":[{"not_picked":["Feed","Limit Break"],"picked":"Demon Form","floor":0},{"not_picked":["Pommel Strike","Thunderclap"],"picked":"Anger","floor":1},{"not_picked":["Reckless Charge","Havoc"],"picked":"Shrug It Off","floor":3},{"not_picked":["Body Slam","Combust"],"picked":"Pommel Strike","floor":4},{"not_picked":["Rampage","Clash"],"picked":"Havoc","floor":5},{"not_picked":["Clash","Blood for Blood","Rampage"],"picked":"Singing Bowl","floor":7},{"not_picked":["Searing Blow","Rage"],"picked":"Shrug It Off","floor":10},{"not_picked":["Rampage","Evolve","Thunderclap"],"picked":"Singing Bowl","floor":13},{"not_picked":["Brutality","Berserk"],"picked":"Fiend Fire","floor":16},{"not_picked":["Searing Blow","Wild Strike"],"picked":"Metallicize","floor":18},{"not_picked":["Clothesline+1","Thunderclap"],"picked":"Armaments+1","floor":21},{"not_picked":["Perfected Strike+1","Warcry"],"picked":"True Grit","floor":24},{"not_picked":["Havoc+1","Armaments"],"picked":"Shrug It Off","floor":25}],"player_experience":426288,"relics_obtained":[{"floor":2,"key":"Dodecahedron"},{"floor":7,"key":"Singing Bowl"},{"floor":9,"key":"Bottled Tornado"},{"floor":10,"key":"Bronze Scales"},{"floor":26,"key":"Bag of Marbles"}],"event_choices":[{"damage_healed":0,"gold_gain":0,"player_choice":"Grow","damage_taken":0,"max_hp_gain":0,"max_hp_loss":0,"event_name":"Living Wall","floor":11,"gold_loss":0,"cards_upgraded":["Demon Form"]},{"cards_removed":["Strike_R"],"damage_healed":0,"gold_gain":0,"player_choice":"Purged","damage_taken":0,"max_hp_gain":0,"max_hp_loss":0,"event_name":"Purifier","floor":14,"gold_loss":0},{"cards_removed":["Strike_R"],"damage_healed":0,"gold_gain":0,"player_choice":"Gave Gold","damage_taken":0,"max_hp_gain":0,"max_hp_loss":0,"event_name":"Beggar","floor":19,"gold_loss":75},{"damage_healed":0,"gold_gain":0,"player_choice":"Fight","damage_taken":0,"max_hp_gain":0,"max_hp_loss":0,"event_name":"Colosseum","floor":22,"gold_loss":0},{"damage_healed":0,"gold_gain":0,"player_choice":"Fled From Nobs","damage_taken":0,"max_hp_gain":0,"max_hp_loss":0,"event_name":"Colosseum","floor":22,"gold_loss":0},{"damage_healed":0,"gold_gain":0,"player_choice":"Ignored","damage_taken":0,"max_hp_gain":0,"max_hp_loss":0,"event_name":"Vampires","floor":28,"gold_loss":0}],"is_beta":false,"boss_relics":[{"not_picked":["Empty Cage","Velvet Choker"],"picked":"Philosopher\u0027s Stone"}],"items_purged_floors":[],"is_endless":false,"potions_floor_spawned":[3,4,10,22,24],"killed_by":"Slavers","ascension_level":10}