{"gold_per_floor":[117,117,133,148,148,148,167,167,167,167,181,181],"floor_reached":12,"playtime":317,"items_purged":[],"score":88,"play_id":"4ef216ed-b6ce-4286-8b8d-9b0b2872a1af","local_time":"20190120020814","is_ascension_mode":true,"campfire_choices":[{"data":"Neutralize","floor":6,"key":"SMITH"},{"floor":10,"key":"RECALL"}],"neow_cost":"NONE","seed_source_timestamp":6531162519100,"circlet_count":0,"master_deck":["Defend_G","Defend_G","Defend_G","Defend_G","Defend_G","Strike_G","Strike_G","Strike_G","Strike_G","Strike_G","Survivor","Neutralize+1","Prepared","Backstab"],"relics":["Ring of the Snake","Question Card","PreservedInsect"],"potions_floor_usage":[],"damage_taken":[{"damage":0,"enemies":"2 Louse","floor":1,"turns":2},{"damage":6,"enemies":"Cultist","floor":3,"turns":5},{"damage":4,"enemies":"Small Slimes","floor":4,"turns":4},{"damage":2,"enemies":"Red Slaver","floor":7,"turns":6},{"damage":24,"enemies":"Large Slime","floor":11,"turns":12},{"damage":0,"enemies":"Looter","floor":12,"turns":1}],"seed_played":"4469165747554804831","potions_obtained":[{"floor":2,"key":"GhostInAJar"},{"floor":2,"key":"FairyPotion"},{"floor":2,"key":"Energy Potion"}],"is_trial":false,"path_per_floor":["M","?","M","M","?","R","M","?","T","R","M","M"],"character_chosen":"THE_SILENT","items_purchased":[],"campfire_rested":0,"item_purchase_floors":[],"current_hp_per_floor":[77,77,71,67,64,64,62,62,62,62,38,38],"gold":181,"neow_bonus":"TEN_PERCENT_HP_BONUS","is_prod":false,"is_daily":false,"chose_seed":false,"campfire_upgraded":1,"win_rate":0,"timestamp":1547946494,"path_taken":["M","?","?","M","?","R","M","?","T","R","M","M"],"build_version":"2019-01-17v2","purchased_purges":0,"victory":false,"max_hp_per_floor":[77,77,77,77,77,77,77,77,77,77,77,77],"card_choices":[{"not_picked":["Poisoned Stab","Reflex","Predator"],"picked":"SKIP","floor":1},{"not_picked":["Underhanded Strike","Acrobatics","Bane"],"picked":"SKIP","floor":3},{"not_picked":["Masterful Stab","PiercingWail"],"picked":"Prepared","floor":4},{"not_picked":["Eviscerate","Storm of Steel","Dagger Spray","Bane"],"picked":"SKIP","floor":7},{"not_picked":["Expertise","Reflex","Well Laid Plans"],"picked":"Backstab","floor":11}],"player_experience":843751,"relics_obtained":[{"floor":9,"key":"PreservedInsect"}],"event_choices":[{"damage_healed":0,"gold_gain":0,"player_choice":"Got Potions","damage_taken":0,"max_hp_gain":0,"max_hp_loss":0,"event_name":"Lab","floor":2,"gold_loss":0},{"damage_healed":0,"gold_gain":0,"player_choice":"Success","damage_taken":3,"relics_obtained":["Question Card"],"max_hp_gain":0,"max_hp_loss":0,"event_name":"Scrap Ooze","floor":5,"gold_loss":0},{"damage_healed":0,"gold_gain":0,"player_choice":"Bought 0 Potions","damage_taken":0,"max_hp_gain":0,"max_hp_loss":0,"event_name":"The Woman in Blue","floor":8,"gold_loss":0}],"is_beta":false,"boss_relics":[],"items_purged_floors":[],"is_endless":false,"potions_floor_spawned":[3,7],"killed_by":"Looter","ascension_level":5}