{"gold_per_floor":[118,135,135,135,148,189,214,164,189,224,247,262,293,293,293,422,422,438,452,467,467,488,522,447,447],"floor_reached":25,"playtime":2112,"items_purged":[],"score":250,"play_id":"72a55316-6bf7-4909-b400-519a7fcf1062","local_time":"20190210042035","is_ascension_mode":false,"campfire_choices":[{"floor":15,"key":"REST"}],"neow_cost":"NONE","seed_source_timestamp":165847467812988,"circlet_count":0,"master_deck":["Strike_R","Strike_R","Strike_R","Strike_R+1","Defend_R","Defend_R","Defend_R","Defend_R","Bash","Inflame","Battle Trance","Body Slam+1","Impervious","Rage","Dual Wield","Bludgeon","Carnage","Sentinel","Double Tap","Heavy Blade","Warcry","Juggernaut","J.A.X.","Seeing Red+1","Seeing Red+1"],"relics":["Burning Blood","Golden Idol","Orichalcum","Whetstone","Regal Pillow","Potion Belt","Smiling Mask","Mark of Pain","Red Mask"],"potions_floor_usage":[2,23,23,23],"damage_taken":[{"damage":6,"enemies":"Cultist","floor":1,"turns":3},{"damage":0,"enemies":"Small Slimes","floor":2,"turns":4},{"damage":11,"enemies":"Jaw Worm","floor":5,"turns":4},{"damage":61,"enemies":"Gremlin Nob","floor":6,"turns":6},{"damage":6,"enemies":"3 Louse","floor":7,"turns":6},{"damage":19,"enemies":"Lagavulin","floor":10,"turns":7},{"damage":1,"enemies":"Exordium Wildlife","floor":11,"turns":4},{"damage":0,"enemies":"Large Slime","floor":12,"turns":2},{"damage":0,"enemies":"Gremlin Nob","floor":13,"turns":3},{"damage":56,"enemies":"The Guardian","floor":16,"turns":13},{"damage":17,"enemies":"Spheric Guardian","floor":18,"turns":4},{"damage":20,"enemies":"Shell Parasite","floor":19,"turns":6},{"damage":16,"enemies":"Centurion and Healer","floor":20,"turns":5},{"damage":23,"enemies":"Snake Plant","floor":22,"turns":4},{"damage":8,"enemies":"Masked Bandits","floor":23,"turns":3},{"damage":50,"enemies":"Slavers","floor":25,"turns":3}],"seed_played":"-7277937724690621957","potions_obtained":[{"floor":1,"key":"Fruit Juice"},{"floor":5,"key":"Dexterity Potion"},{"floor":6,"key":"Swift Potion"},{"floor":11,"key":"GamblersBrew"},{"floor":20,"key":"BloodPotion"},{"floor":22,"key":"Explosive Potion"}],"is_trial":false,"path_per_floor":["M","M","?","?","M","E","M","?","T","E","M","M","E","?","R","B",null,"M","M","M","?","M","?","?","E"],"character_chosen":"IRONCLAD","items_purchased":[],"campfire_rested":1,"item_purchase_floors":[],"current_hp_per_floor":[88,93,86,86,81,26,26,26,26,13,18,24,30,30,72,22,93,82,68,58,58,41,48,48,0],"gold":447,"neow_bonus":"TEN_PERCENT_HP_BONUS","is_prod":false,"is_daily":false,"chose_seed":false,"campfire_upgraded":0,"win_rate":0.0,"timestamp":1549768835,"path_taken":["M","?","?","?","M","E","M","?","T","E","M","?","E","?","R","BOSS","M","M","M","?","M","?","?","E"],"build_version":"2019-01-23","purchased_purges":0,"victory":false,"max_hp_per_floor":[88,93,93,93,93,93,93,93,93,93,93,93,93,93,93,93,93,93,93,93,93,93,93,93,93],"card_choices":[{"not_picked":["Second Wind","Wild Strike"],"picked":"Inflame","floor":1},{"not_picked":["Body Slam","Heavy Blade"],"picked":"Battle Trance","floor":2},{"not_picked":["Inflame","Armaments"],"picked":"Body Slam","floor":5},{"not_picked":["Clothesline","Pommel Strike"],"picked":"Impervious","floor":6},{"not_picked":["Clothesline","Wild Strike"],"picked":"Rage","floor":7},{"not_picked":["Sword Boomerang","Heavy Blade"],"picked":"Dual Wield","floor":10},{"not_picked":["Body Slam","Headbutt"],"picked":"Bludgeon","floor":11},{"not_picked":["Body Slam","Cleave"],"picked":"Carnage","floor":12},{"not_picked":["Reckless Charge","Thunderclap"],"picked":"Sentinel","floor":13},{"not_picked":["Dark Embrace","Feed"],"picked":"Double Tap","floor":16},{"not_picked":["Armaments","Cleave"],"picked":"Heavy Blade","floor":18},{"not_picked":["Second Wind","Perfected Strike"],"picked":"Warcry","floor":19},{"not_picked":["True Grit","Twin Strike"],"picked":"Juggernaut","floor":20},{"not_picked":["Rage","Corruption"],"picked":"Seeing Red+1","floor":22},{"not_picked":["Battle Trance","Cleave+1"],"picked":"Seeing Red+1","floor":23}],"player_experience":122673,"relics_obtained":[{"floor":6,"key":"Orichalcum"},{"floor":9,"key":"Whetstone"},{"floor":10,"key":"Regal Pillow"},{"floor":13,"key":"Potion Belt"},{"floor":23,"key":"Red Mask"}],"event_choices":[{"cards_removed":["Strike_R"],"damage_healed":0,"gold_gain":0,"player_choice":"Card Removal","damage_taken":7,"max_hp_gain":0,"max_hp_loss":0,"event_name":"Golden Wing","floor":3,"gold_loss":0},{"damage_healed":0,"gold_gain":0,"player_choice":"Take Wound","damage_taken":0,"relics_obtained":["Golden Idol"],"max_hp_gain":0,"max_hp_loss":0,"event_name":"Golden Idol","floor":4,"gold_loss":0,"cards_obtained":["Injury"]},{"cards_removed":["Injury"],"damage_healed":0,"gold_gain":0,"player_choice":"Card Removal","damage_taken":0,"max_hp_gain":0,"max_hp_loss":0,"event_name":"The Cleric","floor":8,"gold_loss":50},{"damage_healed":0,"gold_gain":0,"player_choice":"Box","damage_taken":0,"relics_obtained":["Smiling Mask"],"max_hp_gain":0,"max_hp_loss":0,"event_name":"Big Fish","floor":14,"gold_loss":0,"cards_obtained":["Regret"]},{"damage_healed":0,"gold_gain":0,"player_choice":"Obtain J.A.X.","damage_taken":0,"max_hp_gain":0,"max_hp_loss":0,"event_name":"Drug Dealer","floor":21,"gold_loss":0,"cards_obtained":["J.A.X."]},{"damage_healed":0,"gold_gain":0,"player_choice":"Fought Bandits","damage_taken":0,"max_hp_gain":0,"max_hp_loss":0,"event_name":"Masked Bandits","floor":23,"gold_loss":0},{"cards_removed":["Regret"],"damage_healed":0,"gold_gain":0,"player_choice":"Gave Gold","damage_taken":0,"max_hp_gain":0,"max_hp_loss":0,"event_name":"Beggar","floor":24,"gold_loss":75}],"is_beta":false,"boss_relics":[{"not_picked":["Cursed Key","Snecko Eye"],"picked":"Mark of Pain"}],"items_purged_floors":[],"is_endless":false,"potions_floor_spawned":[1,5,6,11,20,22],"killed_by":"Slavers","ascension_level":0}