{"gold_per_floor":[118,293,152,164,164,196,207,97,123,155,155,183,195,223,235,351,363,390,414,426,450,462,474,486,517,529,440,440,451,451,467,467,564,564,579,597,672,689,293,303,53,67,92,92,92,103,134,134,134,134],"floor_reached":50,"playtime":4319,"items_purged":["Strike_G"],"score":954,"play_id":"0d906c33-8f46-4a4f-9748-d922f3bfdd0d","local_time":"20190202132551","is_ascension_mode":true,"campfire_choices":[{"data":"Adrenaline","floor":11,"key":"SMITH"},{"data":"Catalyst","floor":13,"key":"SMITH"},{"data":"Dodge and Roll","floor":15,"key":"SMITH"},{"data":"Night Terror","floor":23,"key":"SMITH"},{"data":"Footwork","floor":30,"key":"SMITH"},{"data":"Ghostly","floor":32,"key":"SMITH"},{"floor":44,"key":"RECALL"},{"data":"Malaise","floor":49,"key":"SMITH"}],"neow_cost":"NONE","seed_source_timestamp":1213127317539813,"circlet_count":0,"master_deck":["AscendersBane","Defend_G+1","Defend_G+1","Defend_G+1","Defend_G+1","Defend_G+1","Strike_G+1","Survivor","Neutralize","Backstab","Poisoned Stab","Blur","Deadly Poison","Dodge and Roll","Poisoned Stab","Dodge and Roll+1","Well Laid Plans","Adrenaline+1","Catalyst+1","All Out Attack","Night Terror+1","Deadly Poison+1","Cloak And Dagger+1","Terror+1","Cloak And Dagger+1","Blur","Ghostly+1","Ghostly","Ghostly","Ghostly","Ghostly","Backflip+1","Footwork+1","Poisoned Stab","Malaise+1","Blade Dance","Blur+1","After Image","Clumsy","PiercingWail"],"relics":["Ring of the Snake","NeowsBlessing","Lantern","Oddly Smooth Stone","Mercury Hourglass","MawBank","Astrolabe","Shuriken","Bag of Marbles","Cursed Key","Bottled Lightning","Bottled Tornado","Pantograph"],"potions_floor_usage":[16,21,31,40,40,42,50],"damage_taken":[{"damage":0,"enemies":"2 Louse","floor":1,"turns":1},{"damage":0,"enemies":"Jaw Worm","floor":4,"turns":1},{"damage":0,"enemies":"3 Sentries","floor":6,"turns":1},{"damage":2,"enemies":"Cultist","floor":7,"turns":3},{"damage":9,"enemies":"Gremlin Nob","floor":10,"turns":5},{"damage":5,"enemies":"3 Sentries","floor":12,"turns":8},{"damage":0,"enemies":"Exordium Wildlife","floor":14,"turns":2},{"damage":8,"enemies":"Slime Boss","floor":16,"turns":10},{"damage":2,"enemies":"Chosen","floor":18,"turns":3},{"damage":23,"enemies":"2 Thieves","floor":19,"turns":4},{"damage":0,"enemies":"Chosen and Byrds","floor":21,"turns":3},{"damage":0,"enemies":"Shelled Parasite and Fungi","floor":25,"turns":6},{"damage":7,"enemies":"Snake Plant","floor":29,"turns":5},{"damage":0,"enemies":"Cultist and Chosen","floor":31,"turns":5},{"damage":6,"enemies":"Champ","floor":33,"turns":15},{"damage":0,"enemies":"Orb Walker","floor":35,"turns":2},{"damage":0,"enemies":"3 Shapes","floor":36,"turns":4},{"damage":0,"enemies":"Maw","floor":38,"turns":7},{"damage":0,"enemies":"Writhing Mass","floor":40,"turns":8},{"damage":10,"enemies":"4 Shapes","floor":42,"turns":7},{"damage":13,"enemies":"Transient","floor":46,"turns":5},{"damage":0,"enemies":"Nemesis","floor":47,"turns":9},{"damage":36,"enemies":"Time Eater","floor":50,"turns":9}],"seed_played":"-530097232040972236","potions_obtained":[{"floor":4,"key":"Strength Potion"},{"floor":6,"key":"Ancient Potion"},{"floor":12,"key":"SkillPotion"},{"floor":21,"key":"FearPotion"},{"floor":29,"key":"Ancient Potion"},{"floor":31,"key":"GhostInAJar"},{"floor":33,"key":"Swift Potion"},{"floor":40,"key":"Regen Potion"},{"floor":47,"key":"Energy Potion"}],"is_trial":false,"path_per_floor":["M","?","$","M","?","E","M","$","T","E","R","E","R","M","R","B",null,"M","M","$","M","?","R","?","M","T","$","?","M","R","M","R","B",null,"M","M","?","M","$","M","$","M","T","R","$","M","E","?","R","B"],"character_chosen":"THE_SILENT","items_purchased":["Poisoned Stab","Blur","Deadly Poison","Well Laid Plans","Footwork","Poisoned Stab","After Image","Bottled Lightning","Bottled Tornado"],"campfire_rested":0,"item_purchase_floors":[3,3,3,8,27,27,39,39,41],"current_hp_per_floor":[63,63,63,63,63,63,61,61,61,52,52,47,47,47,47,39,62,60,37,37,37,35,35,35,35,35,35,35,28,28,28,28,22,32,32,32,29,29,29,29,29,31,31,31,31,18,18,18,18,0],"gold":134,"neow_bonus":"THREE_ENEMY_KILL","is_prod":false,"is_daily":false,"chose_seed":false,"campfire_upgraded":7,"win_rate":0,"timestamp":1549113951,"path_taken":["M","?","?","?","?","E","M","$","T","E","R","E","R","M","R","BOSS","M","M","$","?","?","R","?","M","T","$","?","M","R","M","R","BOSS","M","?","?","M","$","M","$","M","T","R","$","?","E","?","R","BOSS"],"build_version":"2019-01-23","purchased_purges":1,"victory":false,"max_hp_per_floor":[70,70,70,70,70,70,70,70,70,70,70,70,70,70,70,70,70,70,70,70,70,35,35,35,35,35,35,35,35,35,35,35,35,35,35,35,35,35,35,35,35,35,35,35,35,35,35,35,35,35],"card_choices":[{"not_picked":["Slice","Terror"],"picked":"Backstab","floor":1},{"not_picked":["Blade Dance","Terror"],"picked":"Dodge and Roll","floor":4},{"not_picked":["Escape Plan","Acrobatics"],"picked":"Poisoned Stab","floor":6},{"not_picked":["Phantasmal Killer","Blade Dance"],"picked":"Dodge and Roll","floor":7},{"not_picked":["Footwork","PiercingWail"],"picked":"Adrenaline","floor":10},{"not_picked":["Deadly Poison","Cloak And Dagger"],"picked":"Catalyst","floor":12},{"not_picked":["Poisoned Stab","Dash"],"picked":"All Out Attack","floor":14},{"not_picked":["Storm of Steel","Venomology"],"picked":"Night Terror","floor":16},{"not_picked":["Quick Slash","Deadly Poison"],"picked":"Cloak And Dagger+1","floor":18},{"not_picked":["Quick Slash","Backflip"],"picked":"Blur","floor":19},{"not_picked":["Acrobatics","Setup","Sucker Punch"],"picked":"SKIP","floor":21},{"not_picked":["Bouncing Flask","Underhanded Strike+1"],"picked":"Backflip+1","floor":25},{"not_picked":["Reflex","Flying Knee","Prepared"],"picked":"SKIP","floor":29},{"not_picked":["Unload","Underhanded Strike","Heel Hook+1"],"picked":"SKIP","floor":31},{"not_picked":["Die Die Die","Grand Finale"],"picked":"Malaise","floor":33},{"not_picked":["Flechettes","Dagger Throw"],"picked":"Blade Dance","floor":35},{"not_picked":["Sucker Punch+1","Flying Knee+1","Acrobatics+1"],"picked":"SKIP","floor":36},{"not_picked":["Bouncing Flask","Dagger Spray"],"picked":"Blur+1","floor":38},{"not_picked":["Deflect+1","Sucker Punch+1","Quick Slash+1"],"picked":"SKIP","floor":40},{"not_picked":["Acrobatics","Deadly Poison","Outmaneuver+1"],"picked":"SKIP","floor":42},{"not_picked":["Grand Finale","Prepared"],"picked":"PiercingWail","floor":46},{"not_picked":["Quick Slash+1","Prepared","Flying Knee"],"picked":"SKIP","floor":47}],"player_experience":1254511,"relics_obtained":[{"floor":6,"key":"Lantern"},{"floor":9,"key":"Oddly Smooth Stone"},{"floor":10,"key":"Mercury Hourglass"},{"floor":12,"key":"MawBank"},{"floor":26,"key":"Shuriken"},{"floor":47,"key":"Pantograph"}],"event_choices":[{"damage_healed":0,"gold_gain":175,"player_choice":"AGREE","damage_taken":0,"max_hp_gain":0,"max_hp_loss":0,"event_name":"Liars Game","floor":2,"gold_loss":0,"cards_obtained":["Doubt"]},{"cards_removed":["Doubt"],"damage_healed":0,"gold_gain":0,"player_choice":"Removed Curses","damage_taken":0,"max_hp_gain":0,"max_hp_loss":0,"event_name":"Fountain of Cleansing","floor":5,"gold_loss":0},{"damage_healed":0,"gold_gain":0,"player_choice":"Became a Ghost","damage_taken":0,"max_hp_gain":0,"max_hp_loss":35,"event_name":"Ghosts","floor":22,"gold_loss":0,"cards_obtained":["Ghostly","Ghostly","Ghostly","Ghostly","Ghostly"]},{"damage_healed":0,"gold_gain":0,"player_choice":"Simplicity","damage_taken":0,"max_hp_gain":0,"max_hp_loss":0,"event_name":"Back to Basics","floor":24,"gold_loss":0,"cards_upgraded":["Defend_G","Defend_G","Defend_G","Defend_G","Defend_G","Strike_G"]},{"damage_healed":0,"gold_gain":0,"player_choice":"Gave Potion","damage_taken":0,"relics_obtained":["Bag of Marbles"],"max_hp_gain":0,"max_hp_loss":0,"event_name":"WeMeetAgain","floor":28,"gold_loss":0},{"damage_healed":0,"gold_gain":75,"player_choice":"Touch","damage_taken":3,"max_hp_gain":0,"max_hp_loss":0,"event_name":"FaceTrader","floor":37,"gold_loss":0},{"damage_healed":0,"gold_gain":0,"player_choice":"Ignored","damage_taken":0,"max_hp_gain":0,"max_hp_loss":0,"event_name":"Tomb of Lord Red Mask","floor":48,"gold_loss":0}],"is_beta":false,"boss_relics":[{"not_picked":["Coffee Dripper","Runic Dome"],"picked":"Astrolabe"},{"not_picked":["WristBlade","Lizard Tail"],"picked":"Cursed Key"}],"items_purged_floors":[8],"is_endless":false,"potions_floor_spawned":[4,6,12,21,29,31,33,38,40,47],"killed_by":"Time Eater","ascension_level":11}