{"gold_per_floor":[114,17,36,36,50,50,75,75,75,105,93,93,43,76,76,176,176,194,94,113,113,113,113,127,127,127,127,142,142,16,26,26,123,173,187,207,207,222,222,222,238,238,238,238,44,44,61,61,61,61,61,61,13,44,44],"floor_reached":55,"playtime":4235,"items_purged":["Strike_B","Defend_B"],"score":1034,"play_id":"49ced9b6-d16d-4619-85fc-b07e527b0c92","local_time":"20181209225358","is_ascension_mode":true,"campfire_choices":[{"data":"Zap","floor":6,"key":"SMITH"},{"data":"Conserve Battery","floor":8,"key":"SMITH"},{"floor":15,"key":"REST"},{"floor":23,"key":"REST"},{"data":"Electrodynamics","floor":25,"key":"SMITH"},{"data":"Electrodynamics","floor":27,"key":"SMITH"},{"floor":32,"key":"REST"},{"floor":40,"key":"RECALL"},{"floor":44,"key":"REST"},{"floor":46,"key":"REST"},{"data":"Glacier","floor":49,"key":"SMITH"},{"floor":52,"key":"REST"}],"neow_cost":"NONE","seed_source_timestamp":772870002039876,"circlet_count":0,"master_deck":["Defend_B","Defend_B","Defend_B","Zap+1","Dualcast","Sweeping Beam","Cold Snap","Glacier+1","Cold Snap","Conserve Battery+1","Multi-Cast+1","Glacier+1","Electrodynamics+1","Electrodynamics+1","Ball Lightning","Melter+1","Conserve Battery+1","Capacitor+1","Streamline","Consume+1","Meteor Strike","Coolheaded+1","Tempest+1","Streamline","Mayhem"],"relics":["Cracked Core","WingedGreaves","Bottled Flame","Orichalcum","Bronze Scales","Snecko Eye","Enchiridion","Tiny House","Centennial Puzzle","Mummified Hand","Bottled Tornado"],"potions_floor_usage":[10,16,16,33,38,38,50,55],"damage_taken":[{"damage":5,"enemies":"Small Slimes","floor":1,"turns":4},{"damage":0,"enemies":"Cultist","floor":3,"turns":4},{"damage":0,"enemies":"Jaw Worm","floor":5,"turns":4},{"damage":9,"enemies":"3 Sentries","floor":7,"turns":9},{"damage":6,"enemies":"Lagavulin","floor":10,"turns":6},{"damage":3,"enemies":"Exordium Thugs","floor":11,"turns":4},{"damage":12,"enemies":"3 Sentries","floor":14,"turns":19},{"damage":24,"enemies":"Hexaghost","floor":16,"turns":15},{"damage":0,"enemies":"Chosen","floor":18,"turns":4},{"damage":0,"enemies":"Spheric Guardian","floor":20,"turns":3},{"damage":0,"enemies":"3 Cultists","floor":24,"turns":2},{"damage":0,"enemies":"Snake Plant","floor":28,"turns":2},{"damage":0,"enemies":"Chosen and Byrds","floor":31,"turns":4},{"damage":0,"enemies":"Automaton","floor":33,"turns":7},{"damage":0,"enemies":"3 Shapes","floor":35,"turns":2},{"damage":0,"enemies":"Orb Walker","floor":36,"turns":3},{"damage":11,"enemies":"Maw","floor":38,"turns":5},{"damage":40,"enemies":"Writhing Mass","floor":41,"turns":5},{"damage":0,"enemies":"Spire Growth","floor":47,"turns":4},{"damage":30,"enemies":"Awakened One","floor":50,"turns":11},{"damage":36,"enemies":"Shield and Spear","floor":54,"turns":5},{"damage":60,"enemies":"The Heart","floor":55,"turns":2}],"seed_played":"-4656395937814912799","potions_obtained":[{"floor":3,"key":"SteroidPotion"},{"floor":7,"key":"Strength Potion"},{"floor":11,"key":"AttackPotion"},{"floor":14,"key":"Poison Potion"},{"floor":18,"key":"GamblersBrew"},{"floor":28,"key":"GamblersBrew"},{"floor":34,"key":"Weak Potion"},{"floor":35,"key":"FocusPotion"}],"is_trial":false,"path_per_floor":["M","$","M","?","M","R","E","R","T","E","M","?","?","E","R","B",null,"M","$","M","?","$","R","M","R","T","R","M","?","$","M","R","B",null,"M","M","?","M","T","R","M","?","T","R","$","R","M","?","R","B",null,"R","$","E","B"],"character_chosen":"DEFECT","items_purchased":["Cold Snap","Capacitor","Streamline","Mayhem","Dexterity Potion"],"campfire_rested":6,"item_purchase_floors":[2,30,30,45,53],"current_hp_per_floor":[63,63,63,63,63,63,54,54,54,48,45,38,38,26,48,24,62,62,62,62,46,46,68,68,68,68,68,68,54,54,54,78,78,85,85,85,85,74,74,74,34,34,34,59,59,84,84,84,84,54,77,85,85,49,0],"gold":44,"neow_bonus":"REMOVE_CARD","is_prod":false,"is_daily":false,"chose_seed":false,"campfire_upgraded":5,"win_rate":0,"timestamp":1544396038,"path_taken":["M","$","M","?","M","R","E","R","T","E","?","?","?","E","R","BOSS","M","$","M","?","$","R","M","R","T","R","M","?","?","M","R","BOSS","M","M","?","M","?","R","M","?","T","R","$","R","?","?","R","BOSS","R","$","E","BOSS"],"build_version":"2018-12-06","purchased_purges":2,"victory":false,"max_hp_per_floor":[75,75,75,75,75,75,75,75,75,75,75,75,75,75,75,75,75,75,75,75,75,75,75,75,75,75,75,75,80,80,80,80,80,85,85,85,85,85,85,85,85,85,85,85,85,85,85,85,85,85,85,85,85,85,85],"card_choices":[{"not_picked":["Ball Lightning","Barrage"],"picked":"Sweeping Beam","floor":1},{"not_picked":["Steam Power","Auto Shields"],"picked":"Glacier","floor":3},{"not_picked":["Gash","Tempest"],"picked":"Cold Snap","floor":5},{"not_picked":["Heatsinks","Force Field"],"picked":"Conserve Battery","floor":7},{"not_picked":["Force Field","Hologram"],"picked":"Multi-Cast","floor":10},{"not_picked":["Redo","Hologram"],"picked":"Glacier","floor":11},{"not_picked":["Ball Lightning","Barrage"],"picked":"Electrodynamics","floor":14},{"not_picked":["Creative AI","Thunder Strike"],"picked":"Electrodynamics","floor":16},{"not_picked":["Auto Shields","Steam Power+1","Hologram"],"picked":"SKIP","floor":18},{"not_picked":["Auto Shields","Steam Power+1","Hologram"],"picked":"SKIP","floor":18},{"not_picked":["Storm","Turbo"],"picked":"Ball Lightning","floor":20},{"not_picked":["Coolheaded","Steam"],"picked":"Melter+1","floor":24},{"not_picked":["Chill+1","FTL"],"picked":"Conserve Battery+1","floor":28},{"not_picked":["Barrage","Fusion+1"],"picked":"Consume+1","floor":31},{"not_picked":["Amplify","Multi-Cast"],"picked":"Meteor Strike","floor":33},{"not_picked":["Gash","Turbo"],"picked":"Coolheaded+1","floor":34},{"not_picked":["Ball Lightning","Gash+1","Redo"],"picked":"SKIP","floor":35},{"not_picked":["Turbo+1","Gash","Lockon"],"picked":"SKIP","floor":36},{"not_picked":["Gash+1","Leap+1"],"picked":"Tempest+1","floor":38},{"not_picked":["Undo","Cold Snap+1"],"picked":"Streamline","floor":41},{"not_picked":["Turbo+1","Rip and Tear+1","Blizzard"],"picked":"SKIP","floor":47},{"not_picked":["Sweeping Beam","Rip and Tear","Machine Learning"],"picked":"SKIP","floor":54}],"player_experience":1006132,"relics_obtained":[{"floor":7,"key":"WingedGreaves"},{"floor":9,"key":"Bottled Flame"},{"floor":10,"key":"Orichalcum"},{"floor":14,"key":"Bronze Scales"},{"floor":21,"key":"Enchiridion"},{"floor":39,"key":"Centennial Puzzle"},{"floor":43,"key":"Mummified Hand"},{"floor":54,"key":"Bottled Tornado"}],"event_choices":[{"damage_healed":0,"gold_gain":0,"player_choice":"Upgraded","damage_taken":0,"max_hp_gain":0,"max_hp_loss":0,"event_name":"Upgrade Shrine","floor":4,"gold_loss":0,"cards_upgraded":["Glacier"]},{"cards_removed":["Strike_B"],"damage_healed":0,"gold_gain":0,"player_choice":"Card Removal","damage_taken":7,"max_hp_gain":0,"max_hp_loss":0,"event_name":"Golden Wing","floor":12,"gold_loss":0},{"cards_removed":["Strike_B"],"damage_healed":0,"gold_gain":0,"player_choice":"Card Removal","damage_taken":0,"max_hp_gain":0,"max_hp_loss":0,"event_name":"The Cleric","floor":13,"gold_loss":50},{"damage_healed":0,"gold_gain":0,"player_choice":"Obtained Book","damage_taken":16,"max_hp_gain":0,"max_hp_loss":0,"event_name":"Cursed Tome","floor":21,"gold_loss":0},{"damage_healed":0,"gold_gain":0,"player_choice":"Shed Blood","damage_taken":19,"max_hp_gain":5,"max_hp_loss":0,"event_name":"Forgotten Altar","floor":29,"gold_loss":0},{"damage_healed":0,"gold_gain":0,"player_choice":"Ignored","damage_taken":0,"max_hp_gain":0,"max_hp_loss":0,"event_name":"Tomb of Lord Red Mask","floor":37,"gold_loss":0},{"damage_healed":0,"gold_gain":0,"player_choice":"Forge","damage_taken":0,"max_hp_gain":0,"max_hp_loss":0,"event_name":"Accursed Blacksmith","floor":42,"gold_loss":0,"cards_upgraded":["Capacitor"]},{"damage_healed":0,"gold_gain":0,"player_choice":"Memory 1","damage_taken":0,"max_hp_gain":0,"max_hp_loss":0,"event_name":"SensoryStone","floor":48,"gold_loss":0}],"is_beta":false,"boss_relics":[{"not_picked":["Pandora\u0027s Box","Astrolabe"],"picked":"Snecko Eye"},{"not_picked":["Sozu","Eternal Feather"],"picked":"Tiny House"}],"items_purged_floors":[2,19],"is_endless":false,"potions_floor_spawned":[3,7,11,14,18,28,35],"killed_by":"The Heart","ascension_level":9}