{"gold_per_floor":[114,43,56,71,71,89,106,137,184,209,209,209,219,233,233,336,336,350,350,370,469,482,511,511,530,530,530,530,334,346,378,378,474,474,489,1488,1032,1048,1067,1067,1086,1086,1086,1086,1086,1101,1119,1134,1134,1230,1230,1243,145,156,171,171,171,186,186,209,240,240,250,320,320,320,420,420,439,538,131,46,64,64,80,92,120,120,146,146,180,193,193,293,293,306,306,320,77,92,127,127,227,254,254,267,278,278,590,590,686,686,727,727,741,741,17,17,92,92,118,118,131,57,57,78,78,173,173,190,190,202,202,221,221,221,321,356,376,396,421,421,265,265,361,361,380,222,234,234,245,245,259,259,259,259,275,294,145,145,145,145],"floor_reached":152,"playtime":11851,"items_purged":[],"score":4218,"play_id":"18cc8ece-ebd5-41c4-b661-5c6c4451c5dc","local_time":"20190204015105","daily_mods":["SealedDeck","Hoarder","Vintage"],"is_ascension_mode":false,"campfire_choices":[{"data":"Acrobatics","floor":12.0,"key":"SMITH"},{"data":"Acrobatics","floor":15.0,"key":"SMITH"},{"data":"Acrobatics","floor":24.0,"key":"SMITH"},{"data":"Acrobatics","floor":32.0,"key":"SMITH"},{"floor":42.0,"key":"REST"},{"data":"Acrobatics","floor":45.0,"key":"SMITH"},{"floor":49.0,"key":"REST"},{"data":"Madness","floor":57.0,"key":"SMITH"},{"data":"Madness","floor":59.0,"key":"SMITH"},{"data":"Madness","floor":62.0,"key":"SMITH"},{"data":"Madness","floor":66.0,"key":"SMITH"},{"data":"Madness","floor":74,"key":"SMITH"},{"data":"Madness","floor":78,"key":"SMITH"},{"data":"Finisher","floor":80,"key":"SMITH"},{"data":"Finisher","floor":83,"key":"SMITH"},{"data":"Finisher","floor":92,"key":"SMITH"},{"data":"Finisher","floor":98,"key":"SMITH"},{"data":"Finisher","floor":100,"key":"SMITH"},{"data":"Finisher","floor":108,"key":"SMITH"},{"data":"Slice","floor":110,"key":"SMITH"},{"data":"Slice","floor":112,"key":"SMITH"},{"data":"Slice","floor":117,"key":"SMITH"},{"data":"Slice","floor":126,"key":"SMITH"},{"data":"1","floor":132,"key":"LIFT"},{"data":"2","floor":134,"key":"LIFT"},{"data":"3","floor":142,"key":"LIFT"},{"floor":146,"key":"REST"},{"data":"Slice","floor":151,"key":"SMITH"}],"neow_cost":"","seed_source_timestamp":0,"circlet_count":7,"master_deck":["Acrobatics+1","Acrobatics+1","Acrobatics+1","Underhanded Strike","Underhanded Strike","Underhanded Strike","Calculated Gamble","Calculated Gamble","Calculated Gamble","Reflex+1","Reflex","Reflex","Acrobatics+1","Acrobatics+1","Acrobatics+1","Finisher+1","Finisher+1","Finisher+1","Slice+1","Slice+1","Slice+1","Slice+1","Slice","Slice","Slice","Slice","Slice+1","Finisher+1","Finisher+1","Finisher+1","Endless Agony","Endless Agony","Endless Agony","Envenom","Envenom","Envenom","Malaise","Malaise","Unload+1","Unload+1","Sadistic Nature","Sadistic Nature","Sadistic Nature","Madness+1","Madness+1","Madness+1","Madness+1","Madness+1","Madness+1","Finesse+1","Finesse+1","Finesse+1","Phantasmal Killer+1","Phantasmal Killer+1","Phantasmal Killer+1","Reboot+1","Reboot+1","Reboot+1","Cloak And Dagger+1","Cloak And Dagger+1","Cloak And Dagger+1","Meteor Strike+1","Meteor Strike+1","Meteor Strike+1","Body Slam+1","Body Slam+1","Body Slam+1","Demon Form","Demon Form","Demon Form","Deep Breath+1","Deep Breath+1","Deep Breath+1","Trip+1","Trip+1","Trip+1","Metamorphosis+1","Metamorphosis+1","Metamorphosis+1","Feel No Pain+1","Feel No Pain+1","Feel No Pain+1","Writhe","Writhe","Writhe","Mayhem+1","Mayhem+1","Mayhem+1"],"special_seed":0,"relics":["Ring of the Snake","Mummified Hand","Shuriken","War Paint","Ancient Tea Set","Strawberry","Blue Candle","Dream Catcher","Odd Mushroom","Snake Skull","Pear","Bottled Lightning","Anchor","Orichalcum","Lantern","Molten Egg 2","Oddly Smooth Stone","Sling","PreservedInsect","Omamori","PrismaticShard","Darkstone Periapt","Boot","Art of War","Bag of Preparation","Dodecahedron","WingedGreaves","Toxic Egg 2","Kunai","The Courier","Bottled Tornado","Bird Faced Urn","Ornamental Fan","Blood Vial","Gremlin Horn","OrangePellets","Juzu Bracelet","Happy Flower","Pantograph","Vajra","Bag of Marbles","Tingsha","Letter Opener","Question Card","Singing Bowl","Mercury Hourglass","Matryoshka","Meat on the Bone","Prayer Wheel","Incense Burner","Sundial","Ninja Scroll","Tough Bandages","Shovel","The Specimen","Mango","Thread and Needle","Old Coin","Tiny Chest","Pen Nib","Frozen Eye","Bronze Scales","Frozen Egg 2","Nunchaku","Bottled Flame","Circlet","Calipers","MutagenicStrength","Torii","Turnip","FossilizedHelix","Girya","Ice Cream","Du-Vu Doll","Medical Kit","ClockworkSouvenir"],"potions_floor_usage":[84,96,96,127,131,145,152],"damage_taken":[{"damage":0.0,"enemies":"Cultist","floor":1.0,"turns":1.0},{"damage":0.0,"enemies":"Jaw Worm","floor":3.0,"turns":1.0},{"damage":0.0,"enemies":"2 Louse","floor":4.0,"turns":1.0},{"damage":0.0,"enemies":"Blue Slaver","floor":6.0,"turns":1.0},{"damage":0.0,"enemies":"Looter","floor":7.0,"turns":1.0},{"damage":9.0,"enemies":"3 Sentries","floor":8.0,"turns":2.0},{"damage":0.0,"enemies":"The Mushroom Lair","floor":10.0,"turns":1.0},{"damage":0.0,"enemies":"Large Slime","floor":13.0,"turns":1.0},{"damage":0.0,"enemies":"Exordium Thugs","floor":14.0,"turns":1.0},{"damage":0.0,"enemies":"The Guardian","floor":16.0,"turns":2.0},{"damage":0.0,"enemies":"3 Byrds","floor":18.0,"turns":2.0},{"damage":0.0,"enemies":"Chosen","floor":20.0,"turns":1.0},{"damage":0.0,"enemies":"3 Cultists","floor":22.0,"turns":2.0},{"damage":0.0,"enemies":"Slavers","floor":23.0,"turns":2.0},{"damage":0.0,"enemies":"Snake Plant","floor":25.0,"turns":1.0},{"damage":0.0,"enemies":"Shelled Parasite and Fungi","floor":30.0,"turns":1.0},{"damage":0.0,"enemies":"Book of Stabbing","floor":31.0,"turns":1.0},{"damage":0.0,"enemies":"Collector","floor":33.0,"turns":2.0},{"damage":0.0,"enemies":"3 Darklings","floor":35.0,"turns":2.0},{"damage":44.0,"enemies":"3 Shapes","floor":38.0,"turns":3.0},{"damage":0.0,"enemies":"Transient","floor":39.0,"turns":5.0},{"damage":8.0,"enemies":"Sphere and 2 Shapes","floor":41.0,"turns":1.0},{"damage":0.0,"enemies":"3 Darklings","floor":46.0,"turns":2.0},{"damage":0.0,"enemies":"Writhing Mass","floor":47.0,"turns":1.0},{"damage":15.0,"enemies":"4 Shapes","floor":48.0,"turns":2.0},{"damage":30.0,"enemies":"Donu and Deca","floor":50.0,"turns":4.0},{"damage":0.0,"enemies":"Cultist","floor":52.0,"turns":1.0},{"damage":0.0,"enemies":"Small Slimes","floor":54.0,"turns":1.0},{"damage":0.0,"enemies":"2 Louse","floor":55.0,"turns":1.0},{"damage":0.0,"enemies":"Large Slime","floor":58.0,"turns":1.0},{"damage":0.0,"enemies":"Gremlin Nob","floor":61.0,"turns":1.0},{"damage":0.0,"enemies":"Exordium Thugs","floor":63.0,"turns":1.0},{"damage":0.0,"enemies":"The Guardian","floor":67.0,"turns":1.0},{"damage":0,"enemies":"Shell Parasite","floor":69,"turns":1},{"damage":0,"enemies":"2 Thieves","floor":73,"turns":1},{"damage":0,"enemies":"Centurion and Healer","floor":75,"turns":1},{"damage":0,"enemies":"3 Cultists","floor":76,"turns":1},{"damage":0,"enemies":"Slavers","floor":77,"turns":1},{"damage":0,"enemies":"Gremlin Leader","floor":79,"turns":1},{"damage":0,"enemies":"Book of Stabbing","floor":81,"turns":1},{"damage":0,"enemies":"Cultist and Chosen","floor":82,"turns":1},{"damage":17,"enemies":"Collector","floor":84,"turns":4},{"damage":0,"enemies":"3 Shapes","floor":86,"turns":1},{"damage":0,"enemies":"3 Darklings","floor":88,"turns":1},{"damage":0,"enemies":"Jaw Worm Horde","floor":90,"turns":1},{"damage":0,"enemies":"Giant Head","floor":91,"turns":1},{"damage":0,"enemies":"Mind Bloom Boss Battle","floor":93,"turns":1},{"damage":0,"enemies":"Reptomancer","floor":94,"turns":1},{"damage":0,"enemies":"Transient","floor":96,"turns":5},{"damage":0,"enemies":"4 Shapes","floor":97,"turns":1},{"damage":0,"enemies":"Sphere and 2 Shapes","floor":99,"turns":2},{"damage":80,"enemies":"Awakened One","floor":101,"turns":6},{"damage":0,"enemies":"Jaw Worm","floor":103,"turns":1},{"damage":0,"enemies":"Cultist","floor":105,"turns":1},{"damage":0,"enemies":"Lagavulin","floor":111,"turns":1},{"damage":0,"enemies":"2 Louse","floor":113,"turns":1},{"damage":0,"enemies":"The Mushroom Lair","floor":116,"turns":1},{"damage":86,"enemies":"Slime Boss","floor":118,"turns":4},{"damage":0,"enemies":"Shell Parasite","floor":120,"turns":1},{"damage":0,"enemies":"Chosen","floor":122,"turns":2},{"damage":0,"enemies":"Sentry and Sphere","floor":124,"turns":1},{"damage":31,"enemies":"Colosseum Slavers","floor":127,"turns":2},{"damage":0,"enemies":"Colosseum Nobs","floor":127,"turns":1},{"damage":0,"enemies":"Book of Stabbing","floor":128,"turns":2},{"damage":0,"enemies":"Shelled Parasite and Fungi","floor":129,"turns":1},{"damage":0,"enemies":"Snake Plant","floor":130,"turns":1},{"damage":0,"enemies":"Slavers","floor":131,"turns":3},{"damage":0,"enemies":"Automaton","floor":135,"turns":4},{"damage":0,"enemies":"Orb Walker","floor":137,"turns":1},{"damage":0,"enemies":"3 Darklings","floor":139,"turns":4},{"damage":0,"enemies":"Transient","floor":141,"turns":5},{"damage":19,"enemies":"Writhing Mass","floor":143,"turns":2},{"damage":29,"enemies":"Nemesis","floor":145,"turns":2},{"damage":0,"enemies":"Sphere and 2 Shapes","floor":147,"turns":1},{"damage":0,"enemies":"3 Darklings","floor":148,"turns":1},{"damage":93,"enemies":"Time Eater","floor":152,"turns":4}],"seed_played":"551384532791792174","potions_obtained":[{"floor":1.0,"key":"Explosive Potion"},{"floor":3.0,"key":"Explosive Potion"},{"floor":14.0,"key":"GamblersBrew"},{"floor":22.0,"key":"EntropicBrew"},{"floor":23.0,"key":"SneckoOil"},{"floor":25.0,"key":"Explosive Potion"},{"floor":31.0,"key":"FearPotion"},{"floor":33.0,"key":"Block Potion"},{"floor":38.0,"key":"Swift Potion"},{"floor":41.0,"key":"GamblersBrew"},{"floor":50.0,"key":"Ancient Potion"},{"floor":52.0,"key":"Energy Potion"},{"floor":55.0,"key":"Explosive Potion"},{"floor":76,"key":"Block Potion"},{"floor":81,"key":"GhostInAJar"},{"floor":86,"key":"EssenceOfSteel"},{"floor":94,"key":"Strength Potion"},{"floor":97,"key":"Strength Potion"},{"floor":103,"key":"SmokeBomb"},{"floor":127,"key":"GhostInAJar"},{"floor":135,"key":"PowerPotion"},{"floor":148,"key":"GamblersBrew"}],"is_trial":true,"path_per_floor":["M","$","M","M","$","M","M","E","T","?","?","R","M","M","R","B",null,"M","?","M","?","M","E","R","M","T","$","?","$","M","E","R","B",null,"M","?","$","M","M","?","M","R","T","?","R","M","M","M","R","B",null,"M","$","M","M","$","R","M","R","T","E","R","M","?","?","R","B",null,"M","?","$","?","M","R","M","M","E","R","E","R","E","M","R","B",null,"M","?","M","$","M","E","R","?","E","?","M","M","R","M","R","B",null,"M","?","M","?","$","R","?","R","E","R","M","$","?","?","R","B",null,"M","?","M","?","M","?","R","?","E","M","M","E","R","$","R","B",null,"M","$","M","?","M","R","M","?","E","R","M","M","$","?","R","B"],"character_chosen":"THE_SILENT","items_purchased":["Endless Agony","Sling","PrismaticShard","Darkstone Periapt","Bottled Tornado","Bird Faced Urn","Ornamental Fan","Blood Vial","Gremlin Horn","OrangePellets","Question Card","Singing Bowl","Tough Bandages","Frozen Eye","Bronze Scales","Frozen Egg 2","Nunchaku","Trip+1","Medical Kit","ClockworkSouvenir","Mayhem+1"],"campfire_rested":3,"item_purchase_floors":[2,29,37,37,53,53,53,53,53,53,71,71,89,107,107,107,107,114,133,138,149],"current_hp_per_floor":[70,70,70,70,70,70,77,68,68,68,73,73,73,83,83,83,92,92,92,92,92,92,92,92,92,92,92,74,74,74,74,74,74,97,97,97,97,53,53,53,45,74,74,62,62,62,62,47,76,46,97,97,97,97,97,97,97,97,97,97,97,97,97,97,85,85,97,97,97,97,97,97,97,97,97,97,99,99,101,101,101,101,101,90,101,101,101,101,101,101,101,101,103,105,105,119,119,119,119,119,55,119,119,119,119,119,119,119,119,119,119,119,119,119,119,121,121,47,61,61,61,61,61,61,61,61,50,62,63,63,65,65,65,65,67,67,67,67,67,77,77,77,58,83,56,82,85,85,85,85,85,0],"gold":145,"neow_bonus":"","is_prod":false,"is_daily":false,"chose_seed":false,"campfire_upgraded":22,"win_rate":0,"timestamp":1549245065,"path_taken":["M","$","M","M","$","M","?","E","T","?","?","R","M","M","R","BOSS","M","?","M","?","M","E","R","M","T","$","?","?","?","E","R","BOSS","M","?","$","M","M","?","?","R","T","?","R","M","M","M","R","BOSS","M","$","M","M","$","R","M","R","T","E","R","M","?","?","R","BOSS","M","?","$","?","M","R","M","M","E","R","E","R","E","M","R","BOSS","M","?","M","$","M","E","R","?","E","?","M","M","R","M","R","BOSS","M","?","M","?","$","R","?","R","E","R","M","$","?","?","R","BOSS","M","?","M","?","M","?","R","?","E","M","M","E","R","$","R","BOSS","M","$","M","?","M","R","M","?","E","R","M","M","$","?","R","BOSS"],"build_version":"2019-01-23","purchased_purges":0,"victory":false,"max_hp_per_floor":[70,70,70,70,70,70,77,77,77,77,82,82,82,92,92,92,92,92,92,92,92,92,92,92,92,92,92,97,97,97,97,97,97,97,97,97,97,97,97,97,97,97,97,97,97,97,97,97,97,97,97,97,97,97,97,97,97,97,97,97,97,97,97,97,97,97,97,97,97,97,97,97,97,97,97,97,99,99,101,101,101,101,101,101,101,101,101,101,101,101,101,101,103,105,105,119,119,119,119,119,119,119,119,119,119,119,119,119,119,119,119,119,119,119,119,121,121,121,61,61,61,61,61,61,61,61,63,63,63,63,65,65,65,65,67,67,67,67,67,77,77,77,77,83,83,85,85,85,85,85,85,85],"card_choices":[{"not_picked":["Venomology","Endless Agony","Finisher"],"picked":"SKIP","floor":8.0},{"not_picked":["Corpse Explosion","Wraith Form v2"],"picked":"Envenom","floor":16.0},{"not_picked":["Outmaneuver","Sucker Punch"],"picked":"Malaise","floor":23.0},{"not_picked":["Burst","Bouncing Flask"],"picked":"Unload+1","floor":31.0},{"not_picked":["Swift Strike+1","Trip"],"picked":"Sadistic Nature","floor":40.0},{"not_picked":["Blizzard+1","Twin Strike+1"],"picked":"Finesse+1","floor":49.0},{"not_picked":["Doppelganger+1","Secret Technique+1"],"picked":"Phantasmal Killer+1","floor":50.0},{"not_picked":["Catalyst+1","Evolve","Backflip+1"],"picked":"SKIP","floor":61.0},{"not_picked":["Burst+1","Sadistic Nature"],"picked":"Reboot+1","floor":67.0},{"not_picked":["Anger+1","Sentinel+1","Wild Strike+1","Genetic Algorithm+1"],"picked":"Singing Bowl","floor":77},{"not_picked":["Conserve Battery+1","Dual Wield+1","Cleave+1","Heel Hook+1"],"picked":"Singing Bowl","floor":79},{"not_picked":["Doom and Gloom+1","Fusion+1","Thunderclap+1"],"picked":"Cloak And Dagger+1","floor":81},{"not_picked":["Die Die Die+1","Mayhem","Reaper+1"],"picked":"Meteor Strike+1","floor":84},{"not_picked":["Steam+1","Tempest+1","Shockwave+1"],"picked":"Body Slam+1","floor":91},{"not_picked":["Poisoned Stab+1","Sever Soul+1","Hologram+1","Prepared+1"],"picked":"Singing Bowl","floor":93},{"not_picked":["Skim+1","Flying Knee+1","Warcry+1","Cold Snap+1"],"picked":"Singing Bowl","floor":94},{"not_picked":["Creative AI","Unload+1","Burst+1"],"picked":"Demon Form","floor":101},{"not_picked":["Mind Blast+1","Dark Embrace+1","Stack+1"],"picked":"Deep Breath+1","floor":111},{"not_picked":["Leg Sweep+1","Flying Knee+1","Reckless Charge+1","PiercingWail+1"],"picked":"Singing Bowl","floor":116},{"not_picked":["The Bomb+1","Core Surge+1","Reaper+1"],"picked":"Metamorphosis+1","floor":118},{"not_picked":["Body Slam+1","Terror+1","Headbutt+1","Cleave+1"],"picked":"Singing Bowl","floor":127},{"not_picked":["Redo+1","Setup+1","Ghostly Armor+1"],"picked":"Feel No Pain+1","floor":128},{"not_picked":["Metamorphosis+1","Eviscerate+1","PiercingWail+1","Dark Shackles+1"],"picked":"Singing Bowl","floor":131},{"not_picked":["Machine Learning+1","Electrodynamics+1","Impervious+1","Thinking Ahead+1"],"picked":"Singing Bowl","floor":135},{"not_picked":["Deep Breath+1","Quick Slash+1","Acrobatics+1","Perfected Strike+1"],"picked":"Singing Bowl","floor":146}],"player_experience":1271751,"relics_obtained":[{"floor":1.0,"key":"Mummified Hand"},{"floor":3.0,"key":"Shuriken"},{"floor":4.0,"key":"War Paint"},{"floor":6.0,"key":"Ancient Tea Set"},{"floor":7.0,"key":"Strawberry"},{"floor":8.0,"key":"Blue Candle"},{"floor":9.0,"key":"Dream Catcher"},{"floor":10.0,"key":"Odd Mushroom"},{"floor":13.0,"key":"Snake Skull"},{"floor":14.0,"key":"Pear"},{"floor":18.0,"key":"Bottled Lightning"},{"floor":20.0,"key":"Anchor"},{"floor":22.0,"key":"Orichalcum"},{"floor":23.0,"key":"Lantern"},{"floor":25.0,"key":"Molten Egg 2"},{"floor":26.0,"key":"Oddly Smooth Stone"},{"floor":31.0,"key":"PreservedInsect"},{"floor":35.0,"key":"Omamori"},{"floor":38.0,"key":"Boot"},{"floor":39.0,"key":"Art of War"},{"floor":41.0,"key":"Bag of Preparation"},{"floor":43.0,"key":"Dodecahedron"},{"floor":46.0,"key":"WingedGreaves"},{"floor":47.0,"key":"Toxic Egg 2"},{"floor":48.0,"key":"Kunai"},{"floor":52.0,"key":"The Courier"},{"floor":54.0,"key":"Juzu Bracelet"},{"floor":55.0,"key":"Happy Flower"},{"floor":58.0,"key":"Pantograph"},{"floor":60.0,"key":"Vajra"},{"floor":63.0,"key":"Bag of Marbles"},{"floor":69,"key":"Letter Opener"},{"floor":73,"key":"Matryoshka"},{"floor":75,"key":"Meat on the Bone"},{"floor":76,"key":"Prayer Wheel"},{"floor":82,"key":"Incense Burner"},{"floor":86,"key":"Sundial"},{"floor":88,"key":"Ninja Scroll"},{"floor":90,"key":"Shovel"},{"floor":93,"key":"The Specimen"},{"floor":96,"key":"Mango"},{"floor":97,"key":"Thread and Needle"},{"floor":99,"key":"Old Coin"},{"floor":103,"key":"Tiny Chest"},{"floor":105,"key":"Pen Nib"},{"floor":113,"key":"Bottled Flame"},{"floor":116,"key":"Circlet"},{"floor":120,"key":"Calipers"},{"floor":122,"key":"Torii"},{"floor":124,"key":"Turnip"},{"floor":127,"key":"FossilizedHelix"},{"floor":127,"key":"Girya"},{"floor":129,"key":"Ice Cream"},{"floor":130,"key":"Du-Vu Doll"},{"floor":137,"key":"Circlet"},{"floor":139,"key":"Circlet"},{"floor":141,"key":"Circlet"},{"floor":143,"key":"Circlet"},{"floor":147,"key":"Circlet"},{"floor":148,"key":"Circlet"}],"event_choices":[{"damage_healed":0.0,"max_hp_gain":0.0,"max_hp_loss":0.0,"gold_gain":0.0,"event_name":"Mushrooms","player_choice":"Fought Mushrooms","floor":10.0,"gold_loss":0.0,"damage_taken":0.0},{"damage_healed":0.0,"max_hp_gain":5.0,"max_hp_loss":0.0,"gold_gain":0.0,"event_name":"Big Fish","player_choice":"Donut","floor":11.0,"gold_loss":0.0,"damage_taken":0.0},{"damage_healed":0.0,"max_hp_gain":0.0,"max_hp_loss":0.0,"gold_gain":0.0,"event_name":"Beggar","player_choice":"Ignored","floor":19.0,"gold_loss":0.0,"damage_taken":0.0},{"damage_healed":0.0,"max_hp_gain":0.0,"max_hp_loss":0.0,"gold_gain":99.0,"event_name":"Nest","player_choice":"Stole From Cult","floor":21.0,"gold_loss":0.0,"damage_taken":0.0},{"damage_healed":0.0,"max_hp_gain":5.0,"max_hp_loss":0.0,"gold_gain":0.0,"event_name":"Forgotten Altar","player_choice":"Shed Blood","floor":28.0,"gold_loss":0.0,"damage_taken":23.0},{"damage_healed":0.0,"max_hp_gain":0.0,"max_hp_loss":0.0,"gold_gain":999.0,"event_name":"MindBloom","player_choice":"Gold","floor":36.0,"gold_loss":0.0,"damage_taken":0.0,"cards_obtained":["Normality","Normality"]},{"damage_healed":0.0,"max_hp_gain":0.0,"max_hp_loss":0.0,"gold_gain":0.0,"event_name":"SensoryStone","player_choice":"Memory 1","floor":40.0,"gold_loss":0.0,"damage_taken":0.0},{"damage_healed":0.0,"max_hp_gain":0.0,"max_hp_loss":0.0,"gold_gain":0.0,"event_name":"Winding Halls","player_choice":"Embrace Madness","floor":44.0,"gold_loss":0.0,"damage_taken":12.0,"cards_obtained":["Madness","Madness"]},{"damage_healed":0.0,"max_hp_gain":0.0,"max_hp_loss":0.0,"gold_gain":70.0,"event_name":"Golden Wing","player_choice":"Gained Gold","floor":64.0,"gold_loss":0.0,"damage_taken":0.0},{"damage_healed":0.0,"max_hp_gain":0.0,"max_hp_loss":0.0,"gold_gain":0.0,"event_name":"Scrap Ooze","player_choice":"Success","floor":65.0,"gold_loss":0.0,"damage_taken":12.0,"relics_obtained":["Tingsha"]},{"damage_healed":0,"gold_gain":99,"player_choice":"Stole From Cult","damage_taken":0,"max_hp_gain":0,"max_hp_loss":0,"event_name":"Nest","floor":70,"gold_loss":0},{"damage_healed":0,"gold_gain":0,"player_choice":"Obtained Relic","damage_taken":0,"relics_obtained":["Mercury Hourglass"],"max_hp_gain":0,"max_hp_loss":0,"event_name":"Addict","floor":72,"gold_loss":85},{"damage_healed":0,"gold_gain":0,"player_choice":"Ignored","damage_taken":0,"max_hp_gain":0,"max_hp_loss":0,"event_name":"Tomb of Lord Red Mask","floor":87,"gold_loss":0},{"damage_healed":0,"gold_gain":0,"player_choice":"Fight","damage_taken":0,"max_hp_gain":0,"max_hp_loss":0,"event_name":"MindBloom","floor":93,"gold_loss":0},{"cards_removed":["Malaise"],"damage_healed":0,"gold_gain":0,"player_choice":"Purged","damage_taken":0,"max_hp_gain":0,"max_hp_loss":0,"event_name":"Purifier","floor":95,"gold_loss":0},{"damage_healed":0,"gold_gain":0,"player_choice":"Ignored","damage_taken":0,"max_hp_gain":0,"max_hp_loss":0,"event_name":"Liars Game","floor":104,"gold_loss":0},{"damage_healed":0,"gold_gain":0,"player_choice":"Leave","damage_taken":0,"max_hp_gain":0,"max_hp_loss":0,"event_name":"The Cleric","floor":106,"gold_loss":0},{"damage_healed":0,"gold_gain":75,"player_choice":"Gained Gold","damage_taken":0,"max_hp_gain":0,"max_hp_loss":0,"event_name":"Golden Wing","floor":109,"gold_loss":0},{"damage_healed":0,"gold_gain":0,"player_choice":"Ignored","damage_taken":0,"max_hp_gain":0,"max_hp_loss":0,"event_name":"NoteForYourself","floor":115,"gold_loss":0},{"damage_healed":0,"gold_gain":0,"player_choice":"Fought Mushrooms","damage_taken":0,"max_hp_gain":0,"max_hp_loss":0,"event_name":"Mushrooms","floor":116,"gold_loss":0},{"damage_healed":0,"gold_gain":0,"player_choice":"Inject Mutagens","damage_taken":0,"relics_obtained":["MutagenicStrength"],"max_hp_gain":0,"max_hp_loss":0,"event_name":"Drug Dealer","floor":121,"gold_loss":0},{"damage_healed":0,"gold_gain":0,"player_choice":"Bought 0 Potions","damage_taken":0,"max_hp_gain":0,"max_hp_loss":0,"event_name":"The Woman in Blue","floor":123,"gold_loss":0},{"damage_healed":0,"gold_gain":0,"player_choice":"Ignored","damage_taken":0,"max_hp_gain":0,"max_hp_loss":0,"event_name":"Ghosts","floor":125,"gold_loss":0},{"damage_healed":0,"gold_gain":0,"player_choice":"Fight","damage_taken":0,"max_hp_gain":0,"max_hp_loss":0,"event_name":"Colosseum","floor":127,"gold_loss":0},{"damage_healed":0,"gold_gain":0,"player_choice":"Fought Nobs","damage_taken":0,"max_hp_gain":0,"max_hp_loss":0,"event_name":"Colosseum","floor":127,"gold_loss":0},{"cards_removed":["Unload"],"damage_healed":0,"gold_gain":0,"player_choice":"Offered Rare","damage_taken":0,"max_hp_gain":10,"max_hp_loss":0,"event_name":"Bonfire Elementals","floor":140,"gold_loss":0},{"damage_healed":19,"gold_gain":0,"player_choice":"Writhe","damage_taken":0,"max_hp_gain":0,"max_hp_loss":0,"event_name":"Winding Halls","floor":144,"gold_loss":0,"cards_obtained":["Writhe"]},{"damage_healed":0,"gold_gain":0,"player_choice":"Ignored","damage_taken":0,"max_hp_gain":0,"max_hp_loss":0,"event_name":"Tomb of Lord Red Mask","floor":150,"gold_loss":0}],"is_beta":false,"boss_relics":[{"not_picked":["Astrolabe","Velvet Choker","Snecko Eye"]},{"not_picked":["Runic Pyramid","Black Star","Fusion Hammer"]},{"not_picked":["Runic Dome","Calling Bell","Coffee Dripper"]},{"not_picked":["BlightedDurian"],"picked":"Scatterbrain"},{"not_picked":["BlightedDurian"],"picked":"MetallicRebirth"},{"not_picked":["GraspOfShadows"],"picked":"MetallicRebirth"},{"not_picked":["GraspOfShadows"],"picked":"BlightedDurian"},{"not_picked":["GraspOfShadows"],"picked":"TwistingMind"}],"items_purged_floors":[],"is_endless":true,"potions_floor_spawned":[1,3,14,22,23,25,31,33,38,41,50,52,55,61,76,79,81,86,90,94,97,103,118,122,124,127,128,130,135,137,143,148],"killed_by":"Time Eater","ascension_level":0}