{"gold_per_floor":[216,216,235,250,250,284,284,300,300,56,77,77,101,122,122,243,243,261,261,150,65,84,84,117,117,117,135,168,168,500,511,511,615,615,626,626,626,638,638,638,638,31,105,133,133,162,0,0,0,0],"floor_reached":50,"playtime":1846,"items_purged":["Strike_G","Strike_G"],"score":776,"play_id":"b3bcacf2-3c81-4b59-a9df-c4f45926160b","local_time":"20190208220344","is_ascension_mode":true,"campfire_choices":[{"data":"Dash","floor":7,"key":"SMITH"},{"data":"Deadly Poison","floor":12,"key":"SMITH"},{"floor":15,"key":"REST"},{"data":"Neutralize","floor":23,"key":"SMITH"},{"floor":25,"key":"RECALL"},{"floor":29,"key":"REST"},{"floor":32,"key":"REST"},{"floor":40,"key":"REST"},{"floor":45,"key":"REST"},{"floor":49,"key":"REST"}],"neow_cost":"NONE","seed_source_timestamp":1718365326922600,"circlet_count":0,"master_deck":["Defend_G","Defend_G","Defend_G+1","Defend_G+1","Defend_G","Strike_G","Strike_G","Survivor+1","Neutralize+1","Dash+1","Deadly Poison+1","Injury","Deadly Poison+1","Setup+1","Deadly Poison+1","Crippling Poison+1","Malaise+1","Blur+1","Poisoned Stab+1","Catalyst+1","Bullet Time+1","Madness+1","Madness+1","Venomology+1","Bane+1"],"relics":["Ring of the Snake","Bloody Idol","Toxic Egg 2","Singing Bowl","Snake Skull","Runic Pyramid","Blue Candle","Matryoshka","Pen Nib","Art of War","Old Coin","Fusion Hammer","War Paint","Sling","Lantern","Molten Egg 2","Ginger","Ninja Scroll","Red Mask","Letter Opener"],"potions_floor_usage":[6,16,16,24,24,33,38,44,46,50],"damage_taken":[{"damage":1,"enemies":"Jaw Worm","floor":1,"turns":6},{"damage":0,"enemies":"Cultist","floor":3,"turns":4},{"damage":1,"enemies":"2 Louse","floor":4,"turns":3},{"damage":26,"enemies":"3 Sentries","floor":6,"turns":12},{"damage":0,"enemies":"Looter","floor":8,"turns":2},{"damage":1,"enemies":"Blue Slaver","floor":11,"turns":3},{"damage":11,"enemies":"Exordium Thugs","floor":13,"turns":3},{"damage":18,"enemies":"Large Slime","floor":14,"turns":3},{"damage":12,"enemies":"Slime Boss","floor":16,"turns":13},{"damage":5,"enemies":"Shell Parasite","floor":18,"turns":4},{"damage":1,"enemies":"Chosen","floor":22,"turns":4},{"damage":7,"enemies":"Book of Stabbing","floor":24,"turns":5},{"damage":23,"enemies":"Shelled Parasite and Fungi","floor":27,"turns":4},{"damage":11,"enemies":"Gremlin Leader","floor":28,"turns":5},{"damage":32,"enemies":"Slavers","floor":30,"turns":4},{"damage":0,"enemies":"Centurion and Healer","floor":31,"turns":5},{"damage":57,"enemies":"Champ","floor":33,"turns":9},{"damage":1,"enemies":"Orb Walker","floor":35,"turns":3},{"damage":28,"enemies":"3 Darklings","floor":38,"turns":5},{"damage":3,"enemies":"Nemesis","floor":44,"turns":7},{"damage":78,"enemies":"Reptomancer","floor":46,"turns":4},{"damage":50,"enemies":"Donu and Deca","floor":50,"turns":4}],"seed_played":"-8948565288528046978","potions_obtained":[{"floor":1,"key":"Energy Potion"},{"floor":3,"key":"LiquidBronze"},{"floor":6,"key":"AttackPotion"},{"floor":8,"key":"EssenceOfSteel"},{"floor":16,"key":"Swift Potion"},{"floor":22,"key":"SkillPotion"},{"floor":27,"key":"GamblersBrew"},{"floor":30,"key":"LiquidBronze"},{"floor":33,"key":"Dexterity Potion"}],"is_trial":false,"path_per_floor":["M","?","M","M","?","E","R","M","T","$","M","R","M","M","R","B",null,"M","?","$","?","M","R","E","R","T","M","E","R","E","M","R","B",null,"M","?","?","M","?","R","?","$","T","E","R","E","?","T","R","B"],"character_chosen":"THE_SILENT","items_purchased":["Snake Skull","Setup+1","Deadly Poison+1","Blur+1","Venomology+1","War Paint","Sling"],"campfire_rested":6,"item_purchase_floors":[10,10,10,20,42,42,42],"current_hp_per_floor":[69,69,69,68,68,42,42,42,42,42,41,41,32,16,38,26,62,59,59,59,59,63,63,63,63,63,47,41,65,45,52,77,25,69,75,75,75,54,43,69,71,71,76,78,90,19,19,19,46,0],"gold":0,"neow_bonus":"HUNDRED_GOLD","is_prod":false,"is_daily":false,"chose_seed":false,"campfire_upgraded":3,"win_rate":0,"timestamp":1549659824,"path_taken":["M","?","M","?","?","E","R","M","T","$","M","R","M","M","R","BOSS","M","?","$","?","M","R","E","R","T","M","E","R","E","M","R","BOSS","M","?","?","?","?","R","?","$","T","E","R","E","?","?","R","BOSS"],"build_version":"2019-01-23","purchased_purges":2,"victory":false,"max_hp_per_floor":[70,70,70,70,70,70,70,70,70,70,70,70,72,74,74,74,74,76,76,76,76,76,76,78,78,78,80,80,80,82,84,84,84,84,86,86,86,88,88,88,90,90,90,90,90,92,92,92,92,92],"card_choices":[{"not_picked":["All Out Attack","Bouncing Flask"],"picked":"Dash","floor":1},{"not_picked":["Well Laid Plans","Distraction"],"picked":"Deadly Poison","floor":3},{"not_picked":["Sucker Punch","Underhanded Strike"],"picked":"Deadly Poison","floor":4},{"not_picked":["Unload","Dagger Throw"],"picked":"Deadly Poison","floor":6},{"not_picked":["Dodge and Roll+1","Cloak And Dagger+1","Skewer"],"picked":"SKIP","floor":8},{"not_picked":["Deadly Poison+1","Quick Slash"],"picked":"Crippling Poison+1","floor":11},{"not_picked":["Expertise+1","Finisher","PiercingWail+1"],"picked":"Singing Bowl","floor":13},{"not_picked":["Dagger Throw","Underhanded Strike","Slice"],"picked":"Singing Bowl","floor":14},{"not_picked":["After Image","Storm of Steel+1"],"picked":"Malaise+1","floor":16},{"not_picked":["Backstab","Underhanded Strike","Choke"],"picked":"Singing Bowl","floor":18},{"not_picked":["Escape Plan+1","PiercingWail+1"],"picked":"Poisoned Stab+1","floor":22},{"not_picked":["All Out Attack","Distraction+1","Cloak And Dagger+1"],"picked":"Singing Bowl","floor":24},{"not_picked":["Dagger Spray","Prepared+1","Underhanded Strike+1"],"picked":"Singing Bowl","floor":27},{"not_picked":["Distraction+1","A Thousand Cuts"],"picked":"Catalyst+1","floor":28},{"not_picked":["Dash","Dagger Spray","Flechettes"],"picked":"Singing Bowl","floor":30},{"not_picked":["Outmaneuver+1","Slice+1","Dagger Spray"],"picked":"Singing Bowl","floor":31},{"not_picked":["Glass Knife","Unload"],"picked":"Bullet Time+1","floor":33},{"not_picked":["Dagger Throw","Well Laid Plans+1","Slice"],"picked":"Singing Bowl","floor":35},{"not_picked":["Poisoned Stab+1","Dagger Throw+1","Dodge and Roll+1"],"picked":"Singing Bowl","floor":38},{"not_picked":["Panacea+1","Deep Breath+1","Mind Blast"],"picked":"Singing Bowl","floor":41},{"not_picked":["Backstab+1","PiercingWail+1"],"picked":"Bane+1","floor":44},{"not_picked":["Quick Slash+1","Backstab+1","Prepared+1"],"picked":"Singing Bowl","floor":46}],"player_experience":860493,"relics_obtained":[{"floor":6,"key":"Toxic Egg 2"},{"floor":9,"key":"Singing Bowl"},{"floor":24,"key":"Matryoshka"},{"floor":26,"key":"Pen Nib"},{"floor":28,"key":"Art of War"},{"floor":30,"key":"Old Coin"},{"floor":43,"key":"Lantern"},{"floor":43,"key":"Molten Egg 2"},{"floor":44,"key":"Ginger"},{"floor":46,"key":"Ninja Scroll"},{"floor":48,"key":"Letter Opener"}],"event_choices":[{"cards_removed":["Strike_G"],"damage_healed":0,"gold_gain":0,"player_choice":"Offered Basic","damage_taken":0,"max_hp_gain":0,"max_hp_loss":0,"event_name":"Bonfire Elementals","floor":2,"gold_loss":0},{"damage_healed":0,"gold_gain":0,"player_choice":"Take Wound","damage_taken":0,"relics_obtained":["Golden Idol"],"max_hp_gain":0,"max_hp_loss":0,"event_name":"Golden Idol","floor":5,"gold_loss":0,"cards_obtained":["Injury"]},{"damage_healed":0,"gold_gain":0,"player_choice":"Gave Idol","damage_taken":0,"relics_obtained":["Bloody Idol"],"max_hp_gain":0,"max_hp_loss":0,"event_name":"Forgotten Altar","floor":19,"relics_lost":["Golden Idol"],"gold_loss":0},{"damage_healed":0,"gold_gain":0,"player_choice":"Obtained Relic","damage_taken":0,"relics_obtained":["Blue Candle"],"max_hp_gain":0,"max_hp_loss":0,"event_name":"Addict","floor":21,"gold_loss":85},{"cards_removed":["Deadly Poison"],"damage_healed":0,"gold_gain":0,"player_choice":"Removed Skill","damage_taken":0,"max_hp_gain":0,"max_hp_loss":0,"event_name":"Falling","floor":36,"gold_loss":0},{"damage_healed":0,"gold_gain":0,"player_choice":"Upgraded","damage_taken":0,"max_hp_gain":0,"max_hp_loss":0,"event_name":"Upgrade Shrine","floor":37,"gold_loss":0,"cards_upgraded":["Survivor"]},{"damage_healed":0,"gold_gain":0,"player_choice":"Embrace Madness","damage_taken":11,"max_hp_gain":0,"max_hp_loss":0,"event_name":"Winding Halls","floor":39,"gold_loss":0,"cards_obtained":["Madness","Madness"]},{"damage_healed":0,"gold_gain":0,"player_choice":"Memory 1","damage_taken":0,"max_hp_gain":0,"max_hp_loss":0,"event_name":"SensoryStone","floor":41,"gold_loss":0},{"damage_healed":0,"gold_gain":0,"player_choice":"Paid","damage_taken":0,"relics_obtained":["Red Mask"],"max_hp_gain":0,"max_hp_loss":0,"event_name":"Tomb of Lord Red Mask","floor":47,"gold_loss":162}],"is_beta":false,"boss_relics":[{"not_picked":["Sozu","Orrery"],"picked":"Runic Pyramid"},{"not_picked":["Tiny House","Astrolabe"],"picked":"Fusion Hammer"}],"items_purged_floors":[20,42],"is_endless":false,"potions_floor_spawned":[1,3,6,8,16,22,27,30,33,35],"killed_by":"Donu and Deca","ascension_level":5}