{"gold_per_floor":[117,117,42,42,57,57,91,91,143,143,160,176,205,216,216,288,288,303,313,313,55,71,71,102,102,102,135,135,150,150,167,167,167],"floor_reached":33,"playtime":2676,"items_purged":["Regret"],"score":656,"play_id":"a6f54be6-3cc6-4f75-96aa-1b4f9f97090e","local_time":"20180830145839","is_ascension_mode":true,"campfire_choices":[{"data":"Inflame","floor":6.0,"key":"SMITH"},{"data":"Bash","floor":10.0,"key":"SMITH"},{"data":"Whirlwind","floor":15.0,"key":"SMITH"},{"floor":23,"key":"REST"},{"floor":25,"key":"REST"},{"data":"True Grit","floor":30,"key":"SMITH"},{"data":"Fiend Fire","floor":32,"key":"SMITH"}],"neow_cost":"NONE","seed_source_timestamp":0,"circlet_count":0,"master_deck":["Strike_R+1","Strike_R+1","Strike_R+1","Strike_R+1","Strike_R+1","Defend_R+1","Defend_R+1","Defend_R+1","Defend_R+1","Bash+1","AscendersBane","Hemokinesis","Inflame+1","Clothesline+1","Uppercut","Whirlwind+1","Feel No Pain","Fiend Fire+1","Exhume","Heavy Blade","Cleave","Pummel","Sword Boomerang","Shrug It Off","True Grit+1","Heavy Blade+1","RitualDagger","Seeing Red","Havoc","True Grit+1","Headbutt+1","Shrug It Off"],"special_seed":0,"relics":["Burning Blood","NeowsBlessing","Bag of Preparation","Torii","Bag of Marbles","Blue Candle","Orrery","Ancient Tea Set","Oddly Smooth Stone","Bottled Flame","Molten Egg 2"],"potions_floor_usage":[24,31,33],"damage_taken":[{"damage":0.0,"enemies":"Small Slimes","floor":1.0,"turns":1.0},{"damage":0.0,"enemies":"Jaw Worm","floor":5.0,"turns":1.0},{"damage":0.0,"enemies":"3 Sentries","floor":7.0,"turns":1.0},{"damage":3.0,"enemies":"Cultist","floor":11.0,"turns":2.0},{"damage":11.0,"enemies":"Looter","floor":12.0,"turns":2.0},{"damage":28.0,"enemies":"Lagavulin","floor":13.0,"turns":6.0},{"damage":2.0,"enemies":"2 Fungi Beasts","floor":14.0,"turns":3.0},{"damage":25.0,"enemies":"Hexaghost","floor":16.0,"turns":9.0},{"damage":0.0,"enemies":"Chosen","floor":18.0,"turns":2.0},{"damage":24.0,"enemies":"Shell Parasite","floor":19.0,"turns":5.0},{"damage":20.0,"enemies":"Centurion and Healer","floor":22.0,"turns":9.0},{"damage":22,"enemies":"Gremlin Leader","floor":24,"turns":5},{"damage":0,"enemies":"Slavers","floor":27,"turns":1},{"damage":12,"enemies":"3 Cultists","floor":29,"turns":3},{"damage":1,"enemies":"Sentry and Sphere","floor":31,"turns":3},{"damage":69,"enemies":"Automaton","floor":33,"turns":8}],"seed_played":"-8917396321554932028","potions_obtained":[{"floor":1.0,"key":"SteroidPotion"},{"floor":12.0,"key":"Weak Potion"},{"floor":13.0,"key":"Fire Potion"},{"floor":16.0,"key":"Fire Potion"},{"floor":31,"key":"AttackPotion"}],"is_trial":false,"path_per_floor":["M","?","$","?","M","R","E","?","T","R","M","M","E","M","R","B",null,"M","M","?","$","M","R","E","R","T","E","?","M","R","M","R"],"character_chosen":"IRONCLAD","items_purchased":["Seeing Red","Ancient Tea Set"],"campfire_rested":2,"item_purchase_floors":[21,21],"current_hp_per_floor":[74,74,74,74,75,75,75,75,75,75,75,70,48,52,52,33,65,71,53,47,47,33,55,39,61,61,67,67,61,61,66,66,0],"gold":167,"neow_bonus":"THREE_ENEMY_KILL","is_prod":false,"is_daily":false,"chose_seed":false,"campfire_upgraded":5,"win_rate":0,"timestamp":1535655519,"path_taken":["M","?","$","?","M","R","E","?","T","R","M","?","E","M","R","BOSS","M","M","?","$","M","R","E","R","T","E","?","M","R","M","R","BOSS"],"build_version":"2018-08-23v2","purchased_purges":1,"victory":false,"max_hp_per_floor":[75,75,75,75,75,75,75,75,75,75,75,75,75,75,75,75,75,75,75,75,75,75,75,75,75,75,75,75,75,75,75,75,75],"card_choices":[{"not_picked":["Dual Wield","Rupture"],"picked":"Hemokinesis","floor":1.0},{"not_picked":["Body Slam","Cleave"],"picked":"Inflame","floor":5.0},{"not_picked":["Perfected Strike","Pommel Strike"],"picked":"Clothesline","floor":7.0},{"not_picked":["Warcry","Havoc"],"picked":"Uppercut","floor":11.0},{"not_picked":["Pommel Strike","Carnage"],"picked":"Whirlwind","floor":12.0},{"not_picked":["Power Through","Uppercut"],"picked":"Feel No Pain","floor":13.0},{"not_picked":["Twin Strike","Havoc"],"picked":"Fiend Fire","floor":14.0},{"not_picked":["Berserk","Dark Embrace"],"picked":"Exhume","floor":16.0},{"not_picked":["Anger","Clash"],"picked":"Heavy Blade","floor":17.0},{"not_picked":["Twin Strike","Dark Embrace"],"picked":"Cleave","floor":17.0},{"not_picked":["Sever Soul","Searing Blow"],"picked":"Pummel","floor":17.0},{"not_picked":["Reckless Charge","Bloodletting"],"picked":"Sword Boomerang","floor":17.0},{"not_picked":["Armaments","Iron Wave"],"picked":"Shrug It Off","floor":17.0},{"not_picked":["Armaments","Iron Wave"],"picked":"True Grit","floor":18.0},{"not_picked":["Feel No Pain","Fire Breathing"],"picked":"Heavy Blade+1","floor":19.0},{"not_picked":["Bloodletting+1","Flex"],"picked":"Havoc","floor":22.0},{"not_picked":["Corruption","Heavy Blade"],"picked":"True Grit+1","floor":24},{"not_picked":["Anger","Thunderclap+1"],"picked":"Headbutt","floor":27},{"not_picked":["Wild Strike+1","Armaments","Intimidate"],"picked":"SKIP","floor":29},{"not_picked":["Clash+1","Clothesline+1"],"picked":"Shrug It Off","floor":31}],"player_experience":2536688,"relics_obtained":[{"floor":7.0,"key":"Torii"},{"floor":9.0,"key":"Bag of Marbles"},{"floor":13.0,"key":"Blue Candle"},{"floor":24,"key":"Oddly Smooth Stone"},{"floor":26,"key":"Bottled Flame"},{"floor":27,"key":"Molten Egg 2"}],"event_choices":[{"event_name":"Big Fish","player_choice":"Box","floor":2.0,"damage_taken":0.0},{"event_name":"Liars Game","player_choice":"disagreed","floor":4.0,"damage_taken":0.0},{"event_name":"Living Wall","player_choice":"Grow","floor":8.0,"damage_taken":0.0},{"event_name":"Nest","player_choice":"Joined the Cult","floor":20.0,"damage_taken":0.0},{"event_name":"Back to Basics","player_choice":"Simplicity","floor":28,"damage_taken":0}],"is_beta":false,"boss_relics":[{"not_picked":["Runic Cube","Black Blood"],"picked":"Orrery"}],"items_purged_floors":[3],"is_endless":false,"potions_floor_spawned":[1,12,13,16,18,31],"killed_by":"Automaton","ascension_level":18}