{"gold_per_floor":[113,129,154,79,89,89,108,118,118,118,118,68,33,61,61,61],"floor_reached":16,"playtime":944,"items_purged":["Strike_G"],"score":185,"play_id":"fef537b6-2ee4-44db-b4f8-73c64a19ddce","local_time":"20190210091935","is_ascension_mode":true,"campfire_choices":[{"data":"Deadly Poison","floor":6,"key":"SMITH"},{"data":"Neutralize","floor":11,"key":"SMITH"},{"data":"Dash","floor":15,"key":"SMITH"}],"neow_cost":"NONE","seed_source_timestamp":1360461128219302,"circlet_count":0,"master_deck":["AscendersBane","Defend_G","Defend_G","Defend_G","Defend_G","Strike_G","Strike_G","Strike_G","Strike_G","Survivor","Neutralize+1","PiercingWail","Deadly Poison+1","Caltrops","Deadly Poison","Leg Sweep","Dash+1"],"relics":["Ring of the Snake","Ancient Tea Set","Nunchaku","Strawberry"],"potions_floor_usage":[14,14,16],"damage_taken":[{"damage":1,"enemies":"Cultist","floor":1,"turns":5},{"damage":2,"enemies":"Jaw Worm","floor":2,"turns":6},{"damage":0,"enemies":"2 Louse","floor":5,"turns":3},{"damage":0,"enemies":"Blue Slaver","floor":7,"turns":4},{"damage":18,"enemies":"Lots of Slimes","floor":8,"turns":6},{"damage":10,"enemies":"Gremlin Nob","floor":14,"turns":3},{"damage":51,"enemies":"Slime Boss","floor":16,"turns":13}],"seed_played":"-7311523823515795702","potions_obtained":[{"floor":2,"key":"Swift Potion"},{"floor":5,"key":"SteroidPotion"},{"floor":14,"key":"Weak Potion"}],"is_trial":false,"path_per_floor":["M","M","T","$","M","R","M","M","T","?","R","?","$","E","R","B"],"character_chosen":"THE_SILENT","items_purchased":["Leg Sweep"],"campfire_rested":0,"item_purchase_floors":[13],"current_hp_per_floor":[69,67,67,67,67,67,67,49,49,54,54,54,54,51,51,0],"gold":61,"neow_bonus":"TEN_PERCENT_HP_BONUS","is_prod":false,"is_daily":false,"chose_seed":false,"campfire_upgraded":3,"win_rate":0,"timestamp":1549786775,"path_taken":["M","M","?","$","?","R","?","M","T","?","R","?","?","E","R","BOSS"],"build_version":"2019-01-23","purchased_purges":1,"victory":false,"max_hp_per_floor":[77,77,77,77,77,77,77,77,77,82,82,82,82,89,89,89],"card_choices":[{"not_picked":["Deflect","Prepared"],"picked":"PiercingWail","floor":1},{"not_picked":["Acrobatics","Escape Plan"],"picked":"Deadly Poison","floor":2},{"not_picked":["Acrobatics","Eviscerate"],"picked":"Caltrops","floor":5},{"not_picked":["Dodge and Roll","Acrobatics"],"picked":"Deadly Poison","floor":7},{"not_picked":["Flechettes","Dagger Spray","A Thousand Cuts"],"picked":"SKIP","floor":8},{"not_picked":["Flechettes","Dagger Spray","A Thousand Cuts"],"picked":"SKIP","floor":8},{"not_picked":["Flying Knee","Endless Agony"],"picked":"Dash","floor":14}],"player_experience":355212,"relics_obtained":[{"floor":3,"key":"Ancient Tea Set"},{"floor":9,"key":"Nunchaku"},{"floor":14,"key":"Strawberry"}],"event_choices":[{"damage_healed":0,"gold_gain":0,"player_choice":"Donut","damage_taken":0,"max_hp_gain":5,"max_hp_loss":0,"event_name":"Big Fish","floor":10,"gold_loss":0},{"cards_removed":["Defend_G"],"damage_healed":0,"gold_gain":0,"player_choice":"Card Removal","damage_taken":0,"max_hp_gain":0,"max_hp_loss":0,"event_name":"The Cleric","floor":12,"gold_loss":50}],"is_beta":false,"boss_relics":[],"items_purged_floors":[4],"is_endless":false,"potions_floor_spawned":[2,5,14],"killed_by":"Slime Boss","ascension_level":12}