{"gold_per_floor":[114,39,39,50,50,50,89,189,189,203,228,193,237,258,258,258],"floor_reached":16,"playtime":868,"items_purged":["Strike_B"],"score":182,"play_id":"3d3a92b3-8603-4f87-985d-b8f95261f7f5","local_time":"20190118105114","is_ascension_mode":true,"campfire_choices":[{"data":"Hologram","floor":6,"key":"SMITH"},{"floor":15,"key":"REST"}],"neow_cost":"TEN_PERCENT_HP_LOSS","seed_source_timestamp":778212512151937,"circlet_count":0,"master_deck":["AscendersBane","Strike_B","Strike_B","Strike_B","Defend_B","Defend_B","Defend_B","Defend_B","Zap","Dualcast","Biased Cognition","Gash+1","Hologram+1","Hyperbeam","FTL","Hyperbeam","Go for the Eyes"],"relics":["Cracked Core","Golden Idol","Darkstone Periapt","Ornamental Fan","Oddly Smooth Stone"],"potions_floor_usage":[7,16],"damage_taken":[{"damage":8,"enemies":"2 Louse","floor":1,"turns":2},{"damage":1,"enemies":"Cultist","floor":4,"turns":3},{"damage":35,"enemies":"3 Sentries","floor":7,"turns":11},{"damage":2,"enemies":"Jaw Worm","floor":10,"turns":3},{"damage":10,"enemies":"Large Slime","floor":11,"turns":5},{"damage":21,"enemies":"Gremlin Nob","floor":13,"turns":4},{"damage":0,"enemies":"Gremlin Gang","floor":14,"turns":1},{"damage":56,"enemies":"Slime Boss","floor":16,"turns":6}],"seed_played":"2100104131762821110","potions_obtained":[{"floor":4,"key":"Swift Potion"},{"floor":10,"key":"FairyPotion"},{"floor":14,"key":"Fire Potion"}],"is_trial":false,"path_per_floor":["M","$","?","M","?","R","E","?","T","M","M","?","E","M","R","B"],"character_chosen":"DEFECT","items_purchased":[],"campfire_rested":1,"item_purchase_floors":[],"current_hp_per_floor":[60,60,60,59,59,59,24,24,24,22,12,27,6,6,24,0],"gold":258,"neow_bonus":"THREE_RARE_CARDS","is_prod":false,"is_daily":false,"chose_seed":false,"campfire_upgraded":1,"win_rate":0,"timestamp":1547808674,"path_taken":["M","$","?","?","?","R","E","?","T","M","?","?","E","M","R","BOSS"],"build_version":"2019-01-17","purchased_purges":1,"victory":false,"max_hp_per_floor":[68,68,68,68,63,63,63,63,63,63,63,63,63,63,63,63],"card_choices":[{"not_picked":["Thunder Strike","Meteor Strike"],"picked":"Biased Cognition","floor":0},{"not_picked":["Ball Lightning","Chill"],"picked":"Gash","floor":1},{"not_picked":["Leap","Chill"],"picked":"Hologram","floor":4},{"not_picked":["BootSequence","Redo"],"picked":"Hyperbeam","floor":7},{"not_picked":["Hologram","Beam Cell"],"picked":"FTL","floor":10},{"not_picked":["Storm","Leap","Rebound"],"picked":"SKIP","floor":11},{"not_picked":["Doom and Gloom","Reprogram"],"picked":"Hyperbeam","floor":13},{"not_picked":["Redo","Ball Lightning"],"picked":"Go for the Eyes","floor":14}],"player_experience":1204792,"relics_obtained":[{"floor":7,"key":"Darkstone Periapt"},{"floor":9,"key":"Ornamental Fan"},{"floor":13,"key":"Oddly Smooth Stone"}],"event_choices":[{"damage_healed":0,"gold_gain":0,"player_choice":"Forge","damage_taken":0,"max_hp_gain":0,"max_hp_loss":0,"event_name":"Accursed Blacksmith","floor":3,"gold_loss":0,"cards_upgraded":["Gash"]},{"damage_healed":0,"gold_gain":0,"player_choice":"Lose Max HP","damage_taken":0,"relics_obtained":["Golden Idol"],"max_hp_gain":0,"max_hp_loss":5,"event_name":"Golden Idol","floor":5,"gold_loss":0},{"damage_healed":0,"gold_gain":100,"player_choice":"Pray","damage_taken":0,"max_hp_gain":0,"max_hp_loss":0,"event_name":"Golden Shrine","floor":8,"gold_loss":0},{"damage_healed":15,"gold_gain":0,"player_choice":"Healed","damage_taken":0,"max_hp_gain":0,"max_hp_loss":0,"event_name":"The Cleric","floor":12,"gold_loss":35}],"is_beta":false,"boss_relics":[],"items_purged_floors":[2],"is_endless":false,"potions_floor_spawned":[4,10,14],"killed_by":"Slime Boss","ascension_level":13}