{"gold_per_floor":[118,118,118,132,132,132,160,171,196,216,216,216,236,256,256,256],"floor_reached":16,"playtime":436,"items_purged":[],"score":107,"play_id":"fa8dcbcf-f8f3-41be-a9dd-691513fca403","local_time":"20190107041126","is_ascension_mode":true,"campfire_choices":[{"data":"Hologram","floor":6,"key":"SMITH"},{"data":"Fusion","floor":11,"key":"SMITH"},{"data":"Reboot","floor":15,"key":"SMITH"}],"neow_cost":"NONE","seed_source_timestamp":1246761816788838,"circlet_count":0,"master_deck":["Strike_B","Strike_B","Strike_B","Defend_B","Defend_B","Defend_B","Defend_B","Zap+1","Dualcast","Hologram+1","Capacitor","Fusion+1","Steam Power","Cold Snap","Genetic Algorithm","Capacitor","Reboot+1"],"relics":["Cracked Core","Orichalcum","Kunai","Pen Nib"],"potions_floor_usage":[7,16],"damage_taken":[{"damage":3,"enemies":"Small Slimes","floor":1,"turns":3},{"damage":0,"enemies":"Jaw Worm","floor":4,"turns":3},{"damage":32,"enemies":"Gremlin Nob","floor":7,"turns":5},{"damage":1,"enemies":"Cultist","floor":8,"turns":3},{"damage":11,"enemies":"Blue Slaver","floor":10,"turns":5},{"damage":0,"enemies":"2 Fungi Beasts","floor":13,"turns":4},{"damage":10,"enemies":"Large Slime","floor":14,"turns":7},{"damage":11,"enemies":"Hexaghost","floor":16,"turns":7}],"seed_played":"-2931671241657621649","potions_obtained":[{"floor":4,"key":"Fire Potion"},{"floor":10,"key":"Block Potion"},{"floor":13,"key":"SteroidPotion"},{"floor":14,"key":"Swift Potion"}],"is_trial":false,"path_per_floor":["M","?","?","M","$","R","E","M","T","M","R","?","M","M","R","B"],"character_chosen":"DEFECT","items_purchased":[],"campfire_rested":0,"item_purchase_floors":[],"current_hp_per_floor":[72,65,65,65,65,65,33,32,32,21,21,21,21,11,11,0],"gold":256,"neow_bonus":"UPGRADE_CARD","is_prod":false,"is_daily":false,"chose_seed":false,"campfire_upgraded":3,"win_rate":0,"timestamp":1546852286,"path_taken":["M","?","?","M","?","R","E","?","T","M","R","?","M","M","R","BOSS"],"build_version":"2019-01-03v4","purchased_purges":0,"victory":false,"max_hp_per_floor":[75,75,75,75,75,75,75,75,75,75,75,75,75,75,75,75],"card_choices":[{"not_picked":["Sweeping Beam","Steam"],"picked":"Hologram","floor":1},{"not_picked":["Gash","Sweeping Beam"],"picked":"Capacitor","floor":4},{"not_picked":["Steam Power","Barrage"],"picked":"Fusion","floor":7},{"not_picked":["Rebound","Compile Driver"],"picked":"Steam Power","floor":8},{"not_picked":["Reinforced Body","Ball Lightning"],"picked":"Cold Snap","floor":10},{"not_picked":["Stack","Sweeping Beam"],"picked":"Capacitor","floor":13},{"not_picked":["Static Discharge","Streamline"],"picked":"Reboot","floor":14}],"player_experience":480505,"relics_obtained":[{"floor":7,"key":"Kunai"},{"floor":9,"key":"Pen Nib"}],"event_choices":[{"damage_healed":0,"gold_gain":0,"player_choice":"Success","damage_taken":7,"relics_obtained":["Orichalcum"],"max_hp_gain":0,"max_hp_loss":0,"event_name":"Scrap Ooze","floor":2,"gold_loss":0},{"damage_healed":0,"gold_gain":0,"player_choice":"Ignored","damage_taken":0,"max_hp_gain":0,"max_hp_loss":0,"event_name":"Liars Game","floor":3,"gold_loss":0},{"damage_healed":0,"gold_gain":0,"cards_transformed":["Strike_B"],"player_choice":"Transformed","damage_taken":0,"max_hp_gain":0,"max_hp_loss":0,"event_name":"Transmorgrifier","floor":12,"gold_loss":0,"cards_obtained":["Genetic Algorithm"]}],"is_beta":false,"boss_relics":[],"items_purged_floors":[],"is_endless":false,"potions_floor_spawned":[4,10,13,14],"killed_by":"Hexaghost","ascension_level":1}