{"gold_per_floor":[110,185,198,198,50,50,82,82,105,115,115],"floor_reached":11,"playtime":533,"items_purged":["Strike_B"],"score":107,"play_id":"561a7a5b-31de-447b-ae06-bd3c74a63f4b","local_time":"20190102113502","is_ascension_mode":true,"campfire_choices":[{"data":"Consume","floor":6,"key":"SMITH"},{"floor":8,"key":"REST"}],"neow_cost":"NONE","seed_source_timestamp":1170821721647325,"circlet_count":0,"master_deck":["AscendersBane","Strike_B","Strike_B","Strike_B","Defend_B","Defend_B","Defend_B","Defend_B","Zap","Dualcast","Consume+1","Coolheaded","Melter","Self Repair","Writhe","Leap"],"relics":["Cursed Key","Centennial Puzzle","Bag of Marbles"],"potions_floor_usage":[7,7,11],"damage_taken":[{"damage":11,"enemies":"Jaw Worm","floor":1,"turns":4},{"damage":7,"enemies":"Small Slimes","floor":3,"turns":4},{"damage":7,"enemies":"Lagavulin","floor":7,"turns":5},{"damage":6,"enemies":"Cultist","floor":10,"turns":4},{"damage":116,"enemies":"Gremlin Nob","floor":11,"turns":7}],"seed_played":"8380293976073189220","potions_obtained":[{"floor":1,"key":"Fire Potion"},{"floor":3,"key":"FearPotion"},{"floor":7,"key":"Energy Potion"}],"is_trial":false,"path_per_floor":["M","?","M","?","$","R","E","R","T","M","E"],"character_chosen":"DEFECT","items_purchased":["Melter"],"campfire_rested":1,"item_purchase_floors":[5],"current_hp_per_floor":[57,46,39,64,64,64,57,75,75,75,0],"gold":115,"neow_bonus":"BOSS_RELIC","is_prod":false,"is_daily":false,"chose_seed":false,"campfire_upgraded":1,"win_rate":0,"timestamp":1546428902,"path_taken":["M","?","M","?","$","R","E","R","T","M","E"],"build_version":"2018-12-20","purchased_purges":1,"victory":false,"max_hp_per_floor":[75,75,75,75,75,75,75,75,75,75,75],"card_choices":[{"not_picked":["Steam Power","Cold Snap"],"picked":"Consume","floor":1},{"not_picked":["Sweeping Beam","Turbo"],"picked":"Coolheaded","floor":3},{"not_picked":["Reprogram","Coolheaded"],"picked":"Self Repair","floor":7},{"not_picked":["Recycle","Stack"],"picked":"Leap","floor":10}],"player_experience":1113812,"relics_obtained":[{"floor":7,"key":"Centennial Puzzle"},{"floor":9,"key":"Bag of Marbles"}],"event_choices":[{"damage_healed":0,"gold_gain":75,"player_choice":"Gather Gold","damage_taken":11,"max_hp_gain":0,"max_hp_loss":0,"event_name":"World of Goop","floor":2,"gold_loss":0},{"damage_healed":25,"gold_gain":0,"player_choice":"Banana","damage_taken":0,"max_hp_gain":0,"max_hp_loss":0,"event_name":"Big Fish","floor":4,"gold_loss":0}],"is_beta":false,"boss_relics":[],"items_purged_floors":[5],"is_endless":false,"potions_floor_spawned":[1,3,7],"killed_by":"Gremlin Nob","ascension_level":10}