{"gold_per_floor":[110,130,130,149,164,226,242,242,313,313,313,341,341,360,360,465,465,484,166,265,285,302,302,330,245,268,268,268,283,295,295],"floor_reached":31,"playtime":2177,"items_purged":[],"score":267,"play_id":"c0336a52-e45a-478e-b789-12e8141f14f4","local_time":"20190201152006","is_ascension_mode":false,"campfire_choices":[{"floor":8.0,"key":"RECALL"},{"floor":10.0,"key":"REST"},{"floor":15,"key":"REST"},{"floor":23,"key":"REST"},{"floor":28,"key":"REST"}],"neow_cost":"CURSE","seed_source_timestamp":0,"circlet_count":0,"master_deck":["Zap","Dualcast","Self Repair","Coolheaded","Glacier","Turbo","Creative AI+1","Ball Lightning","Machine Learning","Skim","Beam Cell+1","Gash+1","Electrodynamics","Aggregate","Multi-Cast","Storm+1","Melter","Storm","Coolheaded+1","Conserve Battery","Coolheaded"],"special_seed":0,"relics":["Cracked Core","Dead Branch","Cables","Tiny Chest","Lantern","Matryoshka","Pandora\u0027s Box","Runic Capacitor","Ancient Tea Set","Turnip","Vajra","Whetstone"],"potions_floor_usage":[12,16,22,30],"damage_taken":[{"damage":4.0,"enemies":"Cultist","floor":1.0,"turns":3.0},{"damage":2.0,"enemies":"2 Louse","floor":2.0,"turns":2.0},{"damage":7.0,"enemies":"Jaw Worm","floor":4.0,"turns":3.0},{"damage":10.0,"enemies":"Blue Slaver","floor":5.0,"turns":6.0},{"damage":29.0,"enemies":"3 Sentries","floor":6.0,"turns":10.0},{"damage":5.0,"enemies":"3 Louse","floor":7.0,"turns":5.0},{"damage":23,"enemies":"Gremlin Nob","floor":12,"turns":4},{"damage":10,"enemies":"Large Slime","floor":14,"turns":9},{"damage":44,"enemies":"The Guardian","floor":16,"turns":17},{"damage":5,"enemies":"Shell Parasite","floor":18,"turns":9},{"damage":0,"enemies":"Chosen","floor":21,"turns":4},{"damage":40,"enemies":"Centurion and Healer","floor":22,"turns":3},{"damage":55,"enemies":"Slavers","floor":24,"turns":5},{"damage":21,"enemies":"Snake Plant","floor":29,"turns":2},{"damage":28,"enemies":"Shelled Parasite and Fungi","floor":30,"turns":4},{"damage":1,"enemies":"Book of Stabbing","floor":31,"turns":2}],"seed_played":"-5861184364876035187","potions_obtained":[{"floor":1.0,"key":"FearPotion"},{"floor":4.0,"key":"Fire Potion"},{"floor":6.0,"key":"Regen Potion"},{"floor":14,"key":"SkillPotion"},{"floor":16,"key":"Dexterity Potion"},{"floor":18,"key":"FearPotion"},{"floor":24,"key":"Ancient Potion"}],"is_trial":false,"path_per_floor":["M","M","T","M","M","E","M","R","T","R","?","E","T","M","R","B",null,"M","$","?","M","M","R","E","?","T","?","R","M","M","E"],"character_chosen":"DEFECT","items_purchased":["Melter","Storm","Runic Capacitor"],"campfire_rested":4,"item_purchase_floors":[19,19,19],"current_hp_per_floor":[71,75,75,75,72,50,52,52,52,74,67,51,51,48,70,33,75,75,75,75,75,47,69,21,21,21,21,43,29,1,0],"gold":295,"neow_bonus":"ONE_RARE_RELIC","is_prod":false,"is_daily":false,"chose_seed":false,"campfire_upgraded":0,"win_rate":0,"timestamp":1549041606,"path_taken":["M","M","?","M","M","E","M","R","T","R","?","E","?","M","R","BOSS","M","$","?","M","M","R","E","?","T","?","R","?","M","E"],"build_version":"2019-01-23","purchased_purges":0,"victory":false,"max_hp_per_floor":[75,75,75,75,75,75,75,75,75,75,75,75,75,75,75,75,75,75,75,75,75,75,75,75,75,75,75,75,75,75,75],"card_choices":[{"not_picked":["Go for the Eyes","Redo"],"picked":"Self Repair","floor":1.0},{"not_picked":["Compile Driver","Rebound"],"picked":"Coolheaded","floor":2.0},{"not_picked":["Turbo","Rip and Tear"],"picked":"Glacier","floor":4.0},{"not_picked":["Go for the Eyes","Rebound","Double Energy"],"picked":"SKIP","floor":5.0},{"not_picked":["Force Field","Scrape","Ball Lightning"],"picked":"SKIP","floor":6.0},{"not_picked":["Skim","Steam","Force Field"],"picked":"SKIP","floor":7.0},{"not_picked":["Gash","Streamline","Meteor Strike"],"picked":"SKIP","floor":12},{"not_picked":["Go for the Eyes","Capacitor"],"picked":"Turbo","floor":14},{"not_picked":["All For One","Fission"],"picked":"Creative AI","floor":16},{"not_picked":["Coolheaded+1","Go for the Eyes"],"picked":"Storm+1","floor":18},{"not_picked":["Leap","FTL+1","Reprogram+1"],"picked":"SKIP","floor":21},{"not_picked":["Go for the Eyes","Rebound+1"],"picked":"Coolheaded+1","floor":22},{"not_picked":["Fission","Rebound","Scrape"],"picked":"SKIP","floor":24},{"not_picked":["Go for the Eyes+1","Self Repair+1"],"picked":"Conserve Battery","floor":29},{"not_picked":["Cold Snap","Aggregate"],"picked":"Coolheaded","floor":30}],"player_experience":346111,"relics_obtained":[{"floor":3.0,"key":"Cables"},{"floor":6.0,"key":"Tiny Chest"},{"floor":12,"key":"Lantern"},{"floor":13,"key":"Matryoshka"},{"floor":24,"key":"Ancient Tea Set"},{"floor":26,"key":"Vajra"},{"floor":26,"key":"Whetstone"}],"event_choices":[{"cards_removed":["Pain"],"damage_healed":0.0,"max_hp_gain":0.0,"max_hp_loss":0.0,"gold_gain":0.0,"event_name":"Golden Wing","player_choice":"Card Removal","floor":11.0,"gold_loss":0.0,"damage_taken":7.0},{"damage_healed":0,"gold_gain":99,"player_choice":"Stole From Cult","damage_taken":0,"max_hp_gain":0,"max_hp_loss":0,"event_name":"Nest","floor":20,"gold_loss":0},{"damage_healed":0,"gold_gain":0,"player_choice":"Obtained Relic","damage_taken":0,"relics_obtained":["Turnip"],"max_hp_gain":0,"max_hp_loss":0,"event_name":"Addict","floor":25,"gold_loss":85},{"damage_healed":0,"gold_gain":0,"player_choice":"Upgraded","damage_taken":0,"max_hp_gain":0,"max_hp_loss":0,"event_name":"Upgrade Shrine","floor":27,"gold_loss":0,"cards_upgraded":["Creative AI"]}],"is_beta":false,"boss_relics":[{"not_picked":["Coffee Dripper","Velvet Choker"],"picked":"Pandora\u0027s Box"}],"items_purged_floors":[],"is_endless":false,"potions_floor_spawned":[1,4,6,14,16,18,24],"killed_by":"Book of Stabbing","ascension_level":0}