{"gold_per_floor":[118,118,70,70,35,35,70,91,91,104,104,119,142,181,181,307,307,326,339,339],"floor_reached":20,"playtime":1834,"items_purged":[],"score":314,"play_id":"3a42c630-ce30-457d-8dae-d8074492ab4d","local_time":"20181212120800","is_ascension_mode":true,"campfire_choices":[{"data":"Streamline","floor":6,"key":"SMITH"},{"floor":15,"key":"REST"}],"neow_cost":"NONE","seed_source_timestamp":1386956899733,"circlet_count":0,"master_deck":["AscendersBane","Zap+1","Dualcast","Coolheaded","Streamline+1","Static Discharge","Fission","Cold Snap","Hologram","Capacitor","Cold Snap","Sweeping Beam","Echo Form","Capacitor","BootSequence+1","Cold Snap","Defragment","Beam Cell","Turbo+1","Streamline","Redo+1","Stack+1"],"relics":["Cracked Core","NeowsBlessing","Golden Idol","Dream Catcher","Toxic Egg 2","Pandora\u0027s Box"],"potions_floor_usage":[14,14,16],"damage_taken":[{"damage":0,"enemies":"2 Louse","floor":1,"turns":1},{"damage":0,"enemies":"3 Sentries","floor":7,"turns":1},{"damage":0,"enemies":"Jaw Worm","floor":8,"turns":1},{"damage":4,"enemies":"Small Slimes","floor":10,"turns":3},{"damage":2,"enemies":"Exordium Wildlife","floor":12,"turns":4},{"damage":9,"enemies":"Large Slime","floor":13,"turns":4},{"damage":13,"enemies":"Lagavulin","floor":14,"turns":7},{"damage":27,"enemies":"Hexaghost","floor":16,"turns":11},{"damage":31,"enemies":"Spheric Guardian","floor":18,"turns":4},{"damage":6,"enemies":"Shell Parasite","floor":19,"turns":4},{"damage":31,"enemies":"Centurion and Healer","floor":20,"turns":6}],"seed_played":"-8494169347240180549","potions_obtained":[{"floor":7,"key":"Weak Potion"},{"floor":10,"key":"AttackPotion"},{"floor":14,"key":"Poison Potion"},{"floor":19,"key":"FairyPotion"}],"is_trial":false,"path_per_floor":["M","?","$","?","?","R","E","M","T","M","?","M","M","E","R","B",null,"M","M","M"],"character_chosen":"DEFECT","items_purchased":["Streamline"],"campfire_rested":1,"item_purchase_floors":[3],"current_hp_per_floor":[68,68,68,54,69,69,69,69,69,65,58,56,47,34,54,27,59,28,22,0],"gold":339,"neow_bonus":"THREE_ENEMY_KILL","is_prod":false,"is_daily":false,"chose_seed":false,"campfire_upgraded":1,"win_rate":0,"timestamp":1544616480,"path_taken":["M","?","$","?","?","R","E","M","T","?","?","M","M","E","R","BOSS","M","M","M"],"build_version":"2018-12-06","purchased_purges":0,"victory":false,"max_hp_per_floor":[75,69,69,69,69,69,69,69,69,69,69,69,69,69,69,69,69,69,69,69],"card_choices":[{"not_picked":["Redo","Turbo"],"picked":"Coolheaded","floor":1},{"not_picked":["Hello World","Compile Driver"],"picked":"Static Discharge","floor":7},{"not_picked":["Barrage","Rebound"],"picked":"Fission","floor":8},{"not_picked":["Rebound","Stack"],"picked":"Cold Snap","floor":10},{"not_picked":["Turbo","Rebound"],"picked":"Hologram","floor":12},{"not_picked":["Meteor Strike","Doom and Gloom"],"picked":"Capacitor","floor":13},{"not_picked":["Leap","Sweeping Beam"],"picked":"Cold Snap","floor":14},{"not_picked":["Gash","Tempest+1"],"picked":"Sweeping Beam","floor":15},{"not_picked":["Creative AI","All For One"],"picked":"Echo Form","floor":16},{"not_picked":["Fusion+1","Compile Driver"],"picked":"Redo+1","floor":18},{"not_picked":["Barrage+1","Recycle+1"],"picked":"Stack+1","floor":19}],"player_experience":1029900,"relics_obtained":[{"floor":7,"key":"Dream Catcher"},{"floor":14,"key":"Toxic Egg 2"}],"event_choices":[{"damage_healed":0,"gold_gain":0,"player_choice":"Lose Max HP","damage_taken":0,"relics_obtained":["Golden Idol"],"max_hp_gain":0,"max_hp_loss":6,"event_name":"Golden Idol","floor":2,"gold_loss":0},{"damage_healed":0,"gold_gain":0,"player_choice":"Entered Light","damage_taken":14,"max_hp_gain":0,"max_hp_loss":0,"event_name":"Shining Light","floor":4,"gold_loss":0,"cards_upgraded":["Strike_B","Zap"]},{"damage_healed":17,"gold_gain":0,"player_choice":"Healed","damage_taken":0,"max_hp_gain":0,"max_hp_loss":0,"event_name":"The Cleric","floor":5,"gold_loss":35},{"cards_removed":["Strike_B"],"damage_healed":0,"gold_gain":0,"player_choice":"Card Removal","damage_taken":7,"max_hp_gain":0,"max_hp_loss":0,"event_name":"Golden Wing","floor":11,"gold_loss":0}],"is_beta":false,"boss_relics":[{"not_picked":["Tiny House","Black Star"],"picked":"Pandora\u0027s Box"}],"items_purged_floors":[],"is_endless":false,"potions_floor_spawned":[7,10,14,19],"killed_by":"Centurion and Healer","ascension_level":10}