{"gold_per_floor":[116,136,136,136,156,156,195,195,195,195,213,247,247,96,96,96],"floor_reached":16,"playtime":1553,"items_purged":["Strike_B"],"score":124,"play_id":"1dda709e-9e74-4f29-84d6-4120de4494cb","local_time":"20190209112828","is_ascension_mode":true,"campfire_choices":[{"data":"Defragment","floor":6,"key":"SMITH"},{"floor":8,"key":"REST"},{"floor":10,"key":"REST"},{"floor":15,"key":"REST"}],"neow_cost":"NONE","seed_source_timestamp":482079590087865,"circlet_count":0,"master_deck":["Strike_B","Strike_B","Strike_B","Defend_B","Defend_B","Defend_B","Defend_B","Zap","Dualcast","Defragment+1","BootSequence","Double Energy"],"special_seed":0,"relics":["Cracked Core","Golden Idol","WingedGreaves","Darkstone Periapt","Ice Cream","NlothsMask"],"potions_floor_usage":[],"damage_taken":[{"damage":3.0,"enemies":"2 Louse","floor":1.0,"turns":3.0},{"damage":7.0,"enemies":"Small Slimes","floor":2.0,"turns":3.0},{"damage":1,"enemies":"Cultist","floor":5,"turns":4},{"damage":36,"enemies":"Gremlin Nob","floor":7,"turns":4},{"damage":2,"enemies":"Looter","floor":11,"turns":3},{"damage":50,"enemies":"3 Sentries","floor":12,"turns":9},{"damage":49,"enemies":"The Guardian","floor":16,"turns":10}],"seed_played":"1162546358500403991","potions_obtained":[{"floor":1.0,"key":"Dexterity Potion"}],"is_trial":false,"path_per_floor":["M","M","?","?","M","R","E","R","T","R","M","E","?","$","R","B"],"character_chosen":"DEFECT","items_purchased":["Double Energy"],"campfire_rested":3,"item_purchase_floors":[14],"current_hp_per_floor":[79,72,72,72,71,71,35,57,57,76,74,24,24,24,46,0],"gold":96,"neow_bonus":"TEN_PERCENT_HP_BONUS","is_prod":false,"is_daily":false,"chose_seed":false,"campfire_upgraded":1,"win_rate":0,"timestamp":1549708108,"path_taken":["M","M","?","?","M","R","E","R","T","R","?","E","?","$","R","BOSS"],"build_version":"2019-01-23","purchased_purges":1,"victory":false,"max_hp_per_floor":[82,82,76,76,76,76,76,76,76,76,76,76,76,76,76,76],"card_choices":[{"not_picked":["Fusion","Redo"],"picked":"Defragment","floor":1.0},{"not_picked":["Stack","Undo","Blizzard"],"picked":"SKIP","floor":2.0},{"not_picked":["Stack","Undo","Rip and Tear"],"picked":"SKIP","floor":5},{"not_picked":["Aggregate","Cold Snap","Stack"],"picked":"SKIP","floor":7},{"not_picked":["Reinforced Body","Redo","Hologram"],"picked":"SKIP","floor":11},{"not_picked":["Stack","Streamline"],"picked":"BootSequence","floor":12}],"player_experience":304471,"relics_obtained":[{"floor":7,"key":"Darkstone Periapt"},{"floor":12,"key":"Ice Cream"}],"event_choices":[{"damage_healed":0.0,"max_hp_gain":0.0,"max_hp_loss":6.0,"gold_gain":0.0,"event_name":"Golden Idol","player_choice":"Lose Max HP","floor":3.0,"gold_loss":0.0,"damage_taken":0.0,"relics_obtained":["Golden Idol"]},{"damage_healed":0,"gold_gain":0,"player_choice":"Gave Potion","damage_taken":0,"relics_obtained":["WingedGreaves"],"max_hp_gain":0,"max_hp_loss":0,"event_name":"WeMeetAgain","floor":4,"gold_loss":0},{"damage_healed":0,"gold_gain":0,"player_choice":"Trade","damage_taken":0,"relics_obtained":["NlothsMask"],"max_hp_gain":0,"max_hp_loss":0,"event_name":"FaceTrader","floor":13,"gold_loss":0}],"is_beta":false,"boss_relics":[],"items_purged_floors":[14],"is_endless":false,"potions_floor_spawned":[1],"killed_by":"The Guardian","ascension_level":3}