{"gold_per_floor":[14,32,32,42,56,56,56,73,73,107,8,8,24,24,24,99,99,110,30,130,147,163,163,177,212,292,292,309,320,320,340,340,415,415,430,448,495,495,54,54,54,86,86,86,86,26,26,53,53,53],"floor_reached":51,"playtime":2749,"items_purged":["Strike_R","Strike_R","Defend_R","Bash+1"],"score":1453,"play_id":"f333a528-d725-457c-80a9-424b9adbeac7","local_time":"20190210082411","is_ascension_mode":true,"campfire_choices":[{"data":"Corruption","floor":6,"key":"SMITH"},{"floor":12,"key":"REST"},{"data":"Shockwave","floor":15,"key":"SMITH"},{"data":"Dark Embrace","floor":23,"key":"SMITH"},{"data":"Body Slam","floor":27,"key":"SMITH"},{"floor":32,"key":"REST"},{"floor":40,"key":"REST"},{"floor":47,"key":"REST"},{"floor":49,"key":"REST"}],"neow_cost":"NO_GOLD","seed_source_timestamp":4085334697788,"circlet_count":0,"master_deck":["AscendersBane","Defend_R+1","Defend_R+1","Defend_R","Corruption+1","Shockwave+1","Intimidate+1","Shrug It Off","Fiend Fire+1","Dark Embrace+1","Body Slam+1","Feel No Pain+1","Purity","Corruption+1","Shrug It Off"],"relics":["Burning Blood","Dead Branch","Matryoshka","The Courier","Blue Candle","Empty Cage","Dream Catcher","Whetstone","Dodecahedron","Philosopher\u0027s Stone","StoneCalendar","Membership Card","Bag of Preparation","Juzu Bracelet","Pear","Smiling Mask","Pen Nib","Thread and Needle","Anchor"],"potions_floor_usage":[5,16,22,24,37],"damage_taken":[{"damage":18,"enemies":"Jaw Worm","floor":1,"turns":4},{"damage":0,"enemies":"2 Louse","floor":2,"turns":3},{"damage":4,"enemies":"Cultist","floor":4,"turns":3},{"damage":13,"enemies":"Lots of Slimes","floor":5,"turns":5},{"damage":0,"enemies":"3 Louse","floor":8,"turns":2},{"damage":4,"enemies":"Gremlin Nob","floor":10,"turns":3},{"damage":0,"enemies":"Exordium Wildlife","floor":13,"turns":3},{"damage":11,"enemies":"Hexaghost","floor":16,"turns":8},{"damage":15,"enemies":"2 Thieves","floor":18,"turns":2},{"damage":9,"enemies":"Shell Parasite","floor":21,"turns":3},{"damage":10,"enemies":"Chosen and Byrds","floor":22,"turns":5},{"damage":6,"enemies":"Centurion and Healer","floor":24,"turns":4},{"damage":3,"enemies":"Book of Stabbing","floor":25,"turns":2},{"damage":1,"enemies":"Cultist and Chosen","floor":28,"turns":3},{"damage":5,"enemies":"Snake Plant","floor":29,"turns":2},{"damage":4,"enemies":"3 Cultists","floor":31,"turns":3},{"damage":7,"enemies":"Automaton","floor":33,"turns":2},{"damage":33,"enemies":"3 Shapes","floor":35,"turns":3},{"damage":0,"enemies":"3 Darklings","floor":36,"turns":2},{"damage":63,"enemies":"2 Orb Walkers","floor":37,"turns":7},{"damage":2,"enemies":"Giant Head","floor":42,"turns":3},{"damage":6,"enemies":"Nemesis","floor":48,"turns":1},{"damage":6,"enemies":"Time Eater","floor":50,"turns":3}],"seed_played":"-8951889737506587314","potions_obtained":[{"floor":1,"key":"Energy Potion"},{"floor":4,"key":"Block Potion"},{"floor":8,"key":"Block Potion"},{"floor":22,"key":"Fruit Juice"},{"floor":24,"key":"SmokeBomb"},{"floor":25,"key":"Strength Potion"},{"floor":28,"key":"PowerPotion"},{"floor":37,"key":"Explosive Potion"}],"is_trial":false,"path_per_floor":["M","M","?","M","M","R","?","M","T","E","$","R","M","?","R","B",null,"M","$","?","M","M","R","M","E","T","R","M","M","?","M","R","B",null,"M","M","?","?","$","R","?","E","T","?","?","$","R","E","R","B",null],"character_chosen":"IRONCLAD","items_purchased":["Shrug It Off","Membership Card","Bag of Preparation","Juzu Bracelet","Pear","Shrug It Off"],"campfire_rested":5,"item_purchase_floors":[11,39,39,39,39,46],"current_hp_per_floor":[60,66,59,61,54,54,38,44,44,46,46,70,76,73,73,68,77,68,68,68,65,61,61,66,69,69,69,74,75,75,77,85,84,85,58,64,7,7,17,45,45,49,49,49,49,49,77,77,95,95],"gold":53,"neow_bonus":"ONE_RARE_RELIC","is_prod":false,"is_daily":false,"chose_seed":false,"campfire_upgraded":4,"win_rate":0,"timestamp":1549754651,"path_taken":["M","M","?","M","M","R","?","M","T","E","$","R","M","?","R","BOSS","M","$","?","M","?","R","M","E","T","R","?","M","?","M","R","BOSS","M","M","?","?","?","R","?","E","T","?","?","$","R","E","R","BOSS"],"build_version":"2019-01-23","purchased_purges":4,"victory":true,"max_hp_per_floor":[80,80,80,80,80,80,80,80,80,80,80,80,80,80,80,80,80,80,80,80,80,80,80,85,85,85,85,85,85,85,85,85,85,85,85,85,85,85,95,95,95,95,95,95,95,95,95,95,95,95],"card_choices":[{"not_picked":["Evolve","Sword Boomerang","Rupture"],"picked":"SKIP","floor":1},{"not_picked":["Hemokinesis","Havoc"],"picked":"Corruption","floor":2},{"not_picked":["Carnage","Body Slam"],"picked":"Shockwave","floor":4},{"not_picked":["Havoc","Sentinel"],"picked":"Intimidate","floor":5},{"not_picked":["Havoc","Flex","Heavy Blade"],"picked":"SKIP","floor":8},{"not_picked":["Twin Strike","Whirlwind","Headbutt"],"picked":"SKIP","floor":10},{"not_picked":["Anger","Pommel Strike"],"picked":"Fiend Fire","floor":13},{"not_picked":["Bludgeon","Exhume"],"picked":"Dark Embrace","floor":16},{"not_picked":["Clothesline","Sever Soul","Iron Wave"],"picked":"SKIP","floor":18},{"not_picked":["Searing Blow+1","Anger","Corruption"],"picked":"SKIP","floor":21},{"not_picked":["Clash","Twin Strike","Fire Breathing"],"picked":"SKIP","floor":22},{"not_picked":["Evolve","Heavy Blade+1"],"picked":"Body Slam","floor":24},{"not_picked":["Perfected Strike","Dark Embrace","Fire Breathing"],"picked":"SKIP","floor":25},{"not_picked":["Body Slam","Shrug It Off","Thunderclap"],"picked":"SKIP","floor":28},{"not_picked":["Heavy Blade","Reckless Charge","Pommel Strike"],"picked":"SKIP","floor":29},{"not_picked":["Pommel Strike","True Grit","Twin Strike"],"picked":"SKIP","floor":31},{"not_picked":["Second Wind","Body Slam"],"picked":"Feel No Pain+1","floor":32},{"not_picked":["Rampage","Perfected Strike+1","Body Slam+1"],"picked":"SKIP","floor":35},{"not_picked":["Headbutt","Bloodletting","Rupture"],"picked":"SKIP","floor":36},{"not_picked":["Enlightenment","Swift Strike"],"picked":"Purity","floor":38},{"not_picked":["Sever Soul","Limit Break","Fire Breathing"],"picked":"SKIP","floor":42},{"not_picked":["Ghostly Armor","Body Slam","Cleave"],"picked":"SKIP","floor":48}],"player_experience":191133,"relics_obtained":[{"floor":9,"key":"Matryoshka"},{"floor":10,"key":"The Courier"},{"floor":25,"key":"Dream Catcher"},{"floor":26,"key":"Whetstone"},{"floor":26,"key":"Dodecahedron"},{"floor":37,"key":"StoneCalendar"},{"floor":42,"key":"Smiling Mask"},{"floor":43,"key":"Pen Nib"},{"floor":43,"key":"Thread and Needle"},{"floor":48,"key":"Anchor"}],"event_choices":[{"cards_removed":["Strike_R"],"damage_healed":0,"gold_gain":0,"player_choice":"Card Removal","damage_taken":7,"max_hp_gain":0,"max_hp_loss":0,"event_name":"Golden Wing","floor":3,"gold_loss":0},{"damage_healed":0,"gold_gain":0,"player_choice":"Entered Light","damage_taken":16,"max_hp_gain":0,"max_hp_loss":0,"event_name":"Shining Light","floor":7,"gold_loss":0,"cards_upgraded":["Defend_R","Defend_R"]},{"damage_healed":0,"gold_gain":0,"player_choice":"Success","damage_taken":3,"relics_obtained":["Blue Candle"],"max_hp_gain":0,"max_hp_loss":0,"event_name":"Scrap Ooze","floor":14,"gold_loss":0},{"damage_healed":0,"gold_gain":100,"player_choice":"Pray","damage_taken":0,"max_hp_gain":0,"max_hp_loss":0,"event_name":"Golden Shrine","floor":20,"gold_loss":0},{"damage_healed":0,"gold_gain":0,"player_choice":"Ignored","damage_taken":0,"max_hp_gain":0,"max_hp_loss":0,"event_name":"Vampires","floor":30,"gold_loss":0},{"damage_healed":0,"gold_gain":0,"player_choice":"Fight","damage_taken":0,"max_hp_gain":0,"max_hp_loss":0,"event_name":"Mysterious Sphere","floor":37,"gold_loss":0},{"damage_healed":0,"gold_gain":0,"player_choice":"Memory 1","damage_taken":0,"max_hp_gain":0,"max_hp_loss":0,"event_name":"SensoryStone","floor":38,"gold_loss":0},{"damage_healed":0,"gold_gain":0,"player_choice":"Forge","damage_taken":0,"max_hp_gain":0,"max_hp_loss":0,"event_name":"Accursed Blacksmith","floor":41,"gold_loss":0,"cards_upgraded":["Intimidate"]},{"damage_healed":0,"gold_gain":0,"player_choice":"Copied","damage_taken":0,"max_hp_gain":0,"max_hp_loss":0,"event_name":"Duplicator","floor":44,"gold_loss":0,"cards_obtained":["Corruption"]},{"damage_healed":0,"gold_gain":0,"player_choice":"Ignored","damage_taken":0,"max_hp_gain":0,"max_hp_loss":0,"event_name":"Tomb of Lord Red Mask","floor":45,"gold_loss":0}],"is_beta":false,"boss_relics":[{"not_picked":["White Beast Statue","Mark of Pain"],"picked":"Empty Cage"},{"not_picked":["Snecko Eye","Eternal Feather"],"picked":"Philosopher\u0027s Stone"}],"items_purged_floors":[11,19,39,46],"is_endless":false,"potions_floor_spawned":[1,4,8,22,24,25,28,31,33,35,37],"ascension_level":13}