{"gold_per_floor":[112,131,131,146,146,146,180,204,286,251,251,284,298,316,316,439,439,460,440,84,104,117,117],"floor_reached":23,"playtime":1474,"items_purged":["Strike_R"],"score":233,"play_id":"b12184c4-817c-4da6-81d4-7da568857725","local_time":"20181114022427","is_ascension_mode":true,"campfire_choices":[{"data":"Rampage","floor":6.0,"key":"SMITH"},{"floor":11.0,"key":"REST"},{"data":"Rampage","floor":15.0,"key":"SMITH"}],"neow_cost":"NONE","seed_source_timestamp":0,"circlet_count":0,"master_deck":["Strike_R","Strike_R","Strike_R","Defend_R","Defend_R","Defend_R","Defend_R","Bash","Rampage+1","Headbutt","Headbutt","Burning Pact","Thunderclap","Ghostly Armor","Rampage+1","Twin Strike","Impervious","Iron Wave+1","Shrug It Off","Sadistic Nature","Shockwave","Intimidate"],"special_seed":0,"relics":["Black Blood","NeowsBlessing","Golden Idol","Champion Belt","Singing Bowl","Vajra"],"potions_floor_usage":[22,22,23],"damage_taken":[{"damage":0.0,"enemies":"2 Louse","floor":1.0,"turns":1.0},{"damage":0.0,"enemies":"Small Slimes","floor":2.0,"turns":1.0},{"damage":0.0,"enemies":"Cultist","floor":4.0,"turns":1.0},{"damage":40.0,"enemies":"Gremlin Nob","floor":7.0,"turns":5.0},{"damage":16.0,"enemies":"Lots of Slimes","floor":8.0,"turns":5.0},{"damage":30.0,"enemies":"Lagavulin","floor":12.0,"turns":6.0},{"damage":1.0,"enemies":"Blue Slaver","floor":13.0,"turns":4.0},{"damage":0.0,"enemies":"2 Fungi Beasts","floor":14.0,"turns":3.0},{"damage":43,"enemies":"The Guardian","floor":16,"turns":9},{"damage":22,"enemies":"Spheric Guardian","floor":18,"turns":4},{"damage":26,"enemies":"3 Byrds","floor":21,"turns":5},{"damage":18,"enemies":"Snake Plant","floor":22,"turns":4},{"damage":58,"enemies":"Slavers","floor":23,"turns":6}],"seed_played":"531009844358530054","potions_obtained":[{"floor":1.0,"key":"SpeedPotion"},{"floor":8.0,"key":"Dexterity Potion"},{"floor":19,"key":"GamblersBrew"},{"floor":21,"key":"SkillPotion"}],"is_trial":false,"path_per_floor":["M","M","?","M","?","R","E","M","T","?","R","E","M","M","R","B",null,"M","?","$","M","M","E"],"character_chosen":"IRONCLAD","items_purchased":["Shrug It Off","Sadistic Nature","Shockwave"],"campfire_rested":1,"item_purchase_floors":[20,20,20],"current_hp_per_floor":[80,80,60,66,59,59,25,15,15,35,59,35,40,46,46,9,80,68,68,68,54,46,0],"gold":117,"neow_bonus":"THREE_ENEMY_KILL","is_prod":false,"is_daily":false,"chose_seed":false,"campfire_upgraded":2,"win_rate":0,"timestamp":1542180267,"path_taken":["M","M","?","M","?","R","E","M","T","?","R","E","M","M","R","BOSS","M","?","$","M","?","E"],"build_version":"2018-11-08","purchased_purges":1,"victory":false,"max_hp_per_floor":[80,80,80,80,80,80,80,80,80,80,80,80,80,80,80,80,80,80,80,80,82,82,82],"card_choices":[{"not_picked":["True Grit","Armaments"],"picked":"Rampage","floor":1.0},{"not_picked":["Clothesline","Sentinel"],"picked":"Headbutt","floor":2.0},{"not_picked":["Anger","Combust"],"picked":"Headbutt","floor":4.0},{"not_picked":["Sword Boomerang","Pommel Strike"],"picked":"Burning Pact","floor":7.0},{"not_picked":["Anger","Wild Strike"],"picked":"Thunderclap","floor":8.0},{"not_picked":["Heavy Blade","Reaper"],"picked":"Ghostly Armor","floor":12.0},{"not_picked":["Flex","Heavy Blade"],"picked":"Rampage","floor":13.0},{"not_picked":["Clash","Wild Strike"],"picked":"Twin Strike","floor":14.0},{"not_picked":["Juggernaut","Fiend Fire"],"picked":"Impervious","floor":16},{"not_picked":["Anger+1","Flex+1"],"picked":"Iron Wave+1","floor":18},{"not_picked":["Evolve+1","Flex","Perfected Strike+1"],"picked":"Singing Bowl","floor":21},{"not_picked":["Reckless Charge","Corruption"],"picked":"Intimidate","floor":22}],"player_experience":256352,"relics_obtained":[{"floor":7.0,"key":"Champion Belt"},{"floor":9.0,"key":"Singing Bowl"},{"floor":12.0,"key":"Vajra"}],"event_choices":[{"damage_healed":0.0,"max_hp_gain":0.0,"max_hp_loss":0.0,"gold_gain":0.0,"event_name":"Golden Idol","player_choice":"Take Damage","floor":3.0,"gold_loss":0.0,"damage_taken":20.0,"relics_obtained":["Golden Idol"]},{"cards_removed":["Strike_R"],"damage_healed":0.0,"max_hp_gain":0.0,"max_hp_loss":0.0,"gold_gain":0.0,"event_name":"Golden Wing","player_choice":"Card Removal","floor":5.0,"gold_loss":0.0,"damage_taken":7.0},{"damage_healed":20.0,"max_hp_gain":0.0,"max_hp_loss":0.0,"gold_gain":0.0,"event_name":"The Cleric","player_choice":"Healed","floor":10.0,"gold_loss":35.0,"damage_taken":0.0},{"damage_healed":0,"gold_gain":0,"player_choice":"Bought 1 Potion","damage_taken":0,"max_hp_gain":0,"max_hp_loss":0,"event_name":"The Woman in Blue","floor":19,"gold_loss":0}],"is_beta":false,"boss_relics":[{"not_picked":["Calling Bell","Fusion Hammer"],"picked":"Black Blood"}],"items_purged_floors":[20],"is_endless":false,"potions_floor_spawned":[1,8,21],"killed_by":"Slavers","ascension_level":3}