{"gold_per_floor":[118,78,78,78,94,94,108,118,172,187,201,229,242,259,259,364,364,380,395,76,276,290,324,394,404,473,489,28,28,0,18,18,122,122,133,152,164,39,94,128,128,157,182,182,200,140,158,183,183,183],"floor_reached":50,"playtime":2581,"items_purged":["Defend_R","Defend_R","Defend_R"],"score":633,"play_id":"9123ec24-8fb7-4f94-a239-854e6beb817a","local_time":"20180830235316","is_ascension_mode":false,"campfire_choices":[{"data":"Perfected Strike","floor":6,"key":"SMITH"},{"data":"Perfected Strike","floor":15,"key":"SMITH"},{"data":"Demon Form","floor":29,"key":"SMITH"},{"floor":32,"key":"REST"},{"floor":41,"key":"REST"},{"data":"Pommel Strike","floor":44,"key":"SMITH"},{"floor":49,"key":"REST"}],"neow_cost":"NONE","seed_source_timestamp":1301367402225918,"circlet_count":0,"master_deck":["Strike_R","Strike_R","Strike_R+1","Strike_R","Strike_R","Bash","Perfected Strike+1","Heavy Blade","Anger+1","Thunderclap","Pommel Strike+1","Perfected Strike+1","Headbutt","Pommel Strike","Berserk","Demon Form+1","Twin Strike","Perfected Strike","Metallicize","Clash","Reaper","Dual Wield","Pommel Strike+1","Apotheosis+1","Discovery+1","Fire Breathing","Metallicize","Feed","Infernal Blade","Shrug It Off+1","Inflame","Battle Trance+1","Sword Boomerang+1","Burning Pact+1"],"relics":["Runic Dome","Orichalcum","Whetstone","Bottled Flame","Sozu","Regal Pillow","Du-Vu Doll","Paper Frog","Dodecahedron","Busted Crown","Ginger","Centennial Puzzle","Vajra","Bronze Scales","War Paint"],"potions_floor_usage":[11,12,16,27,39],"damage_taken":[{"damage":0,"enemies":"Cultist","floor":1,"turns":2},{"damage":4,"enemies":"2 Louse","floor":5,"turns":2},{"damage":0,"enemies":"Small Slimes","floor":7,"turns":2},{"damage":1,"enemies":"2 Fungi Beasts","floor":8,"turns":2},{"damage":0,"enemies":"3 Louse","floor":10,"turns":2},{"damage":0,"enemies":"Lots of Slimes","floor":11,"turns":2},{"damage":6,"enemies":"3 Sentries","floor":12,"turns":4},{"damage":4,"enemies":"Large Slime","floor":13,"turns":3},{"damage":0,"enemies":"Red Slaver","floor":14,"turns":1},{"damage":0,"enemies":"Slime Boss","floor":16,"turns":3},{"damage":4,"enemies":"Chosen","floor":18,"turns":2},{"damage":4,"enemies":"2 Thieves","floor":19,"turns":3},{"damage":6,"enemies":"Centurion and Healer","floor":22,"turns":3},{"damage":15,"enemies":"Book of Stabbing","floor":23,"turns":3},{"damage":0,"enemies":"Snake Plant","floor":25,"turns":1},{"damage":0,"enemies":"Snecko","floor":27,"turns":1},{"damage":26,"enemies":"Shelled Parasite and Fungi","floor":31,"turns":3},{"damage":36,"enemies":"Automaton","floor":33,"turns":6},{"damage":10,"enemies":"3 Shapes","floor":35,"turns":3},{"damage":13,"enemies":"3 Darklings","floor":36,"turns":4},{"damage":11,"enemies":"Maw","floor":37,"turns":5},{"damage":9,"enemies":"Mysterious Sphere","floor":39,"turns":3},{"damage":16,"enemies":"2 Orb Walkers","floor":40,"turns":3},{"damage":18,"enemies":"Giant Head","floor":42,"turns":6},{"damage":3,"enemies":"Sphere and 2 Shapes","floor":45,"turns":2},{"damage":19,"enemies":"4 Shapes","floor":47,"turns":3},{"damage":49,"enemies":"Nemesis","floor":48,"turns":5},{"damage":80,"enemies":"Time Eater","floor":50,"turns":4}],"seed_played":"-3638410497458186544","potions_obtained":[{"floor":2,"key":"Ancient Potion"},{"floor":2,"key":"Energy Potion"},{"floor":2,"key":"Weak Potion"},{"floor":7,"key":"GamblersBrew"},{"floor":11,"key":"Energy Potion"},{"floor":12,"key":"FearPotion"},{"floor":14,"key":"BloodPotion"},{"floor":16,"key":"Dexterity Potion"}],"is_trial":false,"path_per_floor":["M","?","?","?","M","R","M","M","T","M","M","E","M","M","R","B",null,"M","M","$","?","M","E","T","M","T","M","$","R","?","M","R","B",null,"M","M","M","$","?","E","R","E","T","R","M","?","M","E","R"],"character_chosen":"IRONCLAD","items_purchased":["Metallicize","Regal Pillow","Clash","Apotheosis","Discovery","Fire Breathing"],"campfire_rested":3,"item_purchase_floors":[20,20,20,28,28,28],"current_hp_per_floor":[80,80,80,73,69,69,69,68,68,68,68,62,58,58,58,66,80,76,72,72,72,66,51,51,51,51,51,51,51,51,25,64,44,80,70,57,51,51,51,35,75,66,66,66,63,63,67,28,69,0],"gold":183,"neow_bonus":"BOSS_RELIC","is_prod":false,"is_daily":false,"chose_seed":false,"campfire_upgraded":4,"win_rate":0,"timestamp":1535687596,"path_taken":["M","?","?","?","M","R","M","M","T","M","?","E","M","M","R","BOSS","M","M","$","?","M","E","?","M","T","M","$","R","?","?","R","BOSS","M","M","M","$","?","E","R","E","T","R","M","?","M","E","R","BOSS"],"build_version":"2018-08-30","purchased_purges":3,"victory":false,"max_hp_per_floor":[80,80,80,80,80,80,80,80,80,80,80,80,80,80,80,80,80,80,80,80,80,80,80,80,80,80,80,80,80,80,80,80,80,80,80,80,80,80,84,84,84,84,84,84,84,84,87,87,87,87],"card_choices":[{"not_picked":["Twin Strike","Headbutt"],"picked":"Perfected Strike","floor":1},{"not_picked":["Evolve","Havoc"],"picked":"Heavy Blade","floor":5},{"not_picked":["True Grit","Second Wind"],"picked":"Anger","floor":7},{"not_picked":["Anger","Exhume"],"picked":"Thunderclap","floor":8},{"not_picked":["Havoc","Flame Barrier"],"picked":"Pommel Strike","floor":10},{"not_picked":["Havoc","Cleave"],"picked":"Perfected Strike","floor":11},{"not_picked":["Carnage","Limit Break"],"picked":"Headbutt","floor":12},{"not_picked":["Headbutt","Thunderclap"],"picked":"Pommel Strike","floor":13},{"not_picked":["Flex","Shrug It Off"],"picked":"Berserk","floor":14},{"not_picked":["Immolate","Reaper"],"picked":"Demon Form","floor":16},{"not_picked":["Havoc","Anger"],"picked":"Twin Strike","floor":18},{"not_picked":["Spot Weakness","Anger"],"picked":"Perfected Strike","floor":19},{"not_picked":["Warcry","Havoc"],"picked":"Reaper","floor":22},{"not_picked":["Entrench","Warcry+1"],"picked":"Feel No Pain","floor":23},{"not_picked":["True Grit","Anger"],"picked":"Dual Wield","floor":25},{"not_picked":["Iron Wave+1","Cleave"],"picked":"Pommel Strike+1","floor":27},{"not_picked":["Twin Strike","Intimidate"],"picked":"Metallicize","floor":31},{"not_picked":["Impervious","Barricade"],"picked":"Feed","floor":33},{"not_picked":[],"picked":"Infernal Blade","floor":35},{"not_picked":[],"picked":"Shrug It Off+1","floor":36},{"not_picked":["Havoc"],"picked":"SKIP","floor":37},{"not_picked":[],"picked":"Inflame","floor":39},{"not_picked":["Corruption"],"picked":"SKIP","floor":40},{"not_picked":["Iron Wave"],"picked":"SKIP","floor":42},{"not_picked":[],"picked":"Battle Trance+1","floor":45},{"not_picked":[],"picked":"Sword Boomerang+1","floor":47},{"not_picked":[],"picked":"Burning Pact+1","floor":48}],"player_experience":136622,"relics_obtained":[{"floor":9,"key":"Whetstone"},{"floor":12,"key":"Bottled Flame"},{"floor":23,"key":"Du-Vu Doll"},{"floor":24,"key":"Paper Frog"},{"floor":26,"key":"Dodecahedron"},{"floor":39,"key":"Ginger"},{"floor":40,"key":"Centennial Puzzle"},{"floor":42,"key":"Vajra"},{"floor":43,"key":"Bronze Scales"},{"floor":48,"key":"War Paint"}],"event_choices":[{"event_name":"The Woman in Blue","player_choice":"Bought 3 Potions","floor":2,"damage_taken":0},{"event_name":"WeMeetAgain","player_choice":"Potion","floor":3,"damage_taken":0},{"event_name":"Golden Wing","player_choice":"Card Removal","floor":4,"damage_taken":0},{"event_name":"Wheel of Change","player_choice":"Gold","floor":21,"damage_taken":0},{"event_name":"Masked Bandits","player_choice":"Paid Fearfully","floor":30,"damage_taken":0},{"event_name":"Mysterious Sphere","player_choice":"Fight","floor":39,"damage_taken":0},{"event_name":"Designer","player_choice":"Remove Card","floor":46,"damage_taken":0}],"is_beta":false,"boss_relics":[{"not_picked":["Black Star","Coffee Dripper"],"picked":"Sozu"},{"not_picked":["Mark of Pain","Velvet Choker"],"picked":"Busted Crown"}],"items_purged_floors":[20,28,38],"is_endless":false,"potions_floor_spawned":[7,11,12,14,16,23,25,27,31,33,36,37,39,45,47],"killed_by":"Time Eater","ascension_level":0}