{"gold_per_floor":[116,116,116,116,135,135,152,171,223,236,268,282,294,309,309,414,414,434,357,357,371,22,22,52,63,63,77,77,106,106,122,122,226,226,238,238,250,600,1599,545,565,565,616,18,18,18,47,58,58,58],"floor_reached":51,"playtime":3415,"items_purged":["Strike_R","Normality","Normality"],"score":819,"play_id":"7438fbd4-3eea-460f-bf1c-dd3b83b0cd68","local_time":"20180806222243","is_ascension_mode":false,"campfire_choices":[{"floor":6.0,"key":"REST"},{"data":"Armaments","floor":15.0,"key":"SMITH"},{"data":"Demon Form","floor":23,"key":"SMITH"},{"floor":30,"key":"REST"},{"data":"Dark Embrace","floor":32,"key":"SMITH"},{"data":"Armaments","floor":42,"key":"SMITH"},{"data":"Armaments","floor":46,"key":"SMITH"},{"data":"Warcry","floor":49,"key":"SMITH"}],"neow_cost":"FIFTY_PERCENT_DAMAGE","seed_source_timestamp":0,"circlet_count":0,"master_deck":["Strike_R","Strike_R","Strike_R+1","Defend_R","Defend_R","Defend_R+1","Defend_R","Bash","Iron Wave","Heavy Blade","Shockwave","Double Tap","Armaments+1","Dark Embrace+1","Inflame","Power Through","Heavy Blade","Demon Form+1","Warcry+1","J.A.X.","Writhe","Iron Wave+1","Evolve","Heavy Blade","Spot Weakness","Clumsy","Reaper","Inflame","Corruption","Thunderclap+1","Dark Embrace","Flame Barrier+1","Sword Boomerang","Warcry+1","Armaments+1","Magnetism","Shrug It Off","Panacea","Combust","Thunderclap+1","Writhe","Warcry+1","Armaments+1","Inflame","Parasite","Power Through+1","True Grit+1"],"special_seed":0,"relics":["Burning Blood","Champion Belt","Red Skull","Oddly Smooth Stone","Dream Catcher","Cursed Key","Bottled Tornado","HandDrill","Vajra","Bronze Scales","Bag of Preparation","Kunai","Philosopher\u0027s Stone","Old Coin","Lee\u0027s Waffle","Ginger","Potion Belt","Thread and Needle","Pear","Blood Vial"],"potions_floor_usage":[24,24,29,33,38,50,50,50],"damage_taken":[{"damage":4.0,"enemies":"Cultist","floor":1.0,"turns":4.0},{"damage":1.0,"enemies":"2 Louse","floor":5.0,"turns":2.0},{"damage":0.0,"enemies":"Small Slimes","floor":7.0,"turns":2.0},{"damage":2.0,"enemies":"Red Slaver","floor":8.0,"turns":4.0},{"damage":14.0,"enemies":"Large Slime","floor":10.0,"turns":6.0},{"damage":2.0,"enemies":"Gremlin Nob","floor":11.0,"turns":3.0},{"damage":3.0,"enemies":"Blue Slaver","floor":12.0,"turns":3.0},{"damage":13.0,"enemies":"Gremlin Gang","floor":13.0,"turns":5.0},{"damage":0.0,"enemies":"Exordium Thugs","floor":14.0,"turns":5.0},{"damage":8.0,"enemies":"Hexaghost","floor":16.0,"turns":9.0},{"damage":2,"enemies":"2 Thieves","floor":18,"turns":4},{"damage":7,"enemies":"Shell Parasite","floor":21,"turns":3},{"damage":41,"enemies":"Slavers","floor":24,"turns":5},{"damage":14,"enemies":"Snecko","floor":25,"turns":4},{"damage":30,"enemies":"3 Cultists","floor":27,"turns":5},{"damage":5,"enemies":"Gremlin Leader","floor":29,"turns":4},{"damage":22,"enemies":"Slaver and Parasite","floor":31,"turns":4},{"damage":27,"enemies":"Automaton","floor":33,"turns":6},{"damage":29,"enemies":"3 Darklings","floor":35,"turns":4},{"damage":33,"enemies":"Orb Walker","floor":37,"turns":3},{"damage":16,"floor":38,"turns":5},{"damage":34,"enemies":"Flame Bruiser 2 Orb","floor":41,"turns":4},{"damage":9,"enemies":"Nemesis","floor":47,"turns":5},{"damage":17,"enemies":"4 Shapes","floor":48,"turns":5},{"damage":87,"enemies":"Time Eater","floor":50,"turns":9}],"seed_played":"-2882392398827760584","potions_obtained":[{"floor":1.0,"key":"Block Potion"},{"floor":7.0,"key":"PowerPotion"},{"floor":10.0,"key":"BloodPotion"},{"floor":13.0,"key":"EssenceOfSteel"},{"floor":18,"key":"EssenceOfSteel"},{"floor":21,"key":"Swift Potion"},{"floor":24,"key":"SkillPotion"},{"floor":31,"key":"PowerPotion"},{"floor":36,"key":"PowerPotion"},{"floor":36,"key":"Strength Potion"},{"floor":36,"key":"Block Potion"},{"floor":47,"key":"Regen Potion"}],"is_trial":false,"path_per_floor":["M","?","?","?","M","R","M","M","T","M","E","M","M","M","R","B",null,"M","?","T","M","$","R","E","M","T","M","?","E","R","M","R","B",null,"M","?","M","?","?","$","M","R","T","$","T","R","E","M","R","B"],"character_chosen":"IRONCLAD","items_purchased":["HandDrill","Evolve","Lee\u0027s Waffle","Ginger","Armaments","Magnetism","Shrug It Off","Panacea","Combust","Thread and Needle","Warcry","Armaments","Inflame"],"campfire_rested":2,"item_purchase_floors":[22,22,40,40,40,40,40,40,40,44,44,44,44],"current_hp_per_floor":[42,42,26,8,13,37,43,47,47,39,43,46,39,45,45,43,80,80,80,80,79,79,79,52,44,44,20,20,21,45,51,51,30,80,57,57,54,44,44,87,87,87,87,87,97,97,94,85,85,37],"gold":58,"neow_bonus":"ONE_RARE_RELIC","is_prod":false,"is_daily":false,"chose_seed":false,"campfire_upgraded":6,"win_rate":0,"timestamp":1533608563,"path_taken":["M","?","?","?","M","R","M","M","T","M","E","M","?","M","R","BOSS","M","?","?","M","?","R","E","M","T","?","?","E","R","M","R","BOSS","M","?","M","?","?","$","M","R","T","$","?","R","E","?","R","BOSS"],"build_version":"2018-08-02","purchased_purges":3,"victory":true,"max_hp_per_floor":[80,80,80,80,80,80,80,80,80,80,80,80,80,80,80,80,80,80,80,80,80,80,80,80,80,80,80,80,80,80,80,80,80,80,80,80,80,80,80,87,87,87,87,87,97,97,97,97,97,97],"card_choices":[{"not_picked":["Whirlwind","Shockwave"],"picked":"Iron Wave","floor":1.0},{"not_picked":["Perfected Strike","Wild Strike"],"picked":"Heavy Blade","floor":5.0},{"not_picked":["Entrench","Perfected Strike"],"picked":"Shockwave","floor":7.0},{"not_picked":["True Grit","Heavy Blade"],"picked":"Double Tap","floor":8.0},{"not_picked":["Sword Boomerang","Intimidate"],"picked":"Armaments","floor":10.0},{"not_picked":["Clothesline","Cleave"],"picked":"Dark Embrace","floor":11.0},{"not_picked":["Feel No Pain","Thunderclap"],"picked":"Inflame","floor":12.0},{"not_picked":["Rage","Clash"],"picked":"Power Through","floor":13.0},{"not_picked":["Carnage","Iron Wave"],"picked":"Heavy Blade","floor":14.0},{"not_picked":["Berserk","Dark Embrace"],"picked":"Demon Form","floor":16.0},{"not_picked":["Iron Wave","Searing Blow"],"picked":"Warcry+1","floor":18},{"not_picked":["Wild Strike","Rampage"],"picked":"Iron Wave+1","floor":21},{"not_picked":["Flex","Anger"],"picked":"Heavy Blade","floor":24},{"not_picked":["Intimidate","Twin Strike"],"picked":"Spot Weakness","floor":25},{"not_picked":["Flex","Clothesline"],"picked":"Reaper","floor":27},{"not_picked":["Twin Strike+1","Clash+1"],"picked":"Inflame","floor":29},{"not_picked":["Rage","Disarm"],"picked":"Corruption","floor":30},{"not_picked":["Pommel Strike","Dropkick"],"picked":"Thunderclap+1","floor":31},{"not_picked":["Demon Form","Immolate"],"picked":"Dark Embrace","floor":33},{"not_picked":["Iron Wave+1","Anger+1"],"picked":"Flame Barrier+1","floor":35},{"not_picked":["Wild Strike+1","Rage+1"],"picked":"Sword Boomerang","floor":37},{"not_picked":["Battle Trance+1","Brutality"],"picked":"Warcry+1","floor":38},{"not_picked":["Clothesline+1","Iron Wave+1"],"picked":"Thunderclap+1","floor":41},{"not_picked":["Rage","Clash"],"picked":"Power Through+1","floor":47},{"not_picked":["Heavy Blade+1","Warcry"],"picked":"True Grit+1","floor":48}],"player_experience":120028,"relics_obtained":[{"floor":9.0,"key":"Oddly Smooth Stone"},{"floor":11.0,"key":"Dream Catcher"},{"floor":20,"key":"Bottled Tornado"},{"floor":24,"key":"Vajra"},{"floor":26,"key":"Bronze Scales"},{"floor":29,"key":"Kunai"},{"floor":38,"key":"Old Coin"},{"floor":43,"key":"Potion Belt"},{"floor":45,"key":"Pear"},{"floor":47,"key":"Blood Vial"}],"event_choices":[{"event_name":"Purifier","player_choice":"One Purge","floor":2.0,"damage_taken":0.0},{"event_name":"Shining Light","player_choice":"Entered Light","floor":3.0,"damage_taken":0.0},{"event_name":"Scrap Ooze","player_choice":"success","floor":4.0,"damage_taken":18.0},{"event_name":"Drug Dealer","player_choice":"Got JAXXED","floor":19,"damage_taken":0},{"event_name":"The Mausoleum","player_choice":"Yes","floor":28,"damage_taken":0},{"event_name":"The Lab","player_choice":"Got Potions","floor":36,"damage_taken":0},{"event_name":"Mysterious Sphere","player_choice":"Fight","floor":38,"damage_taken":0},{"event_name":"MindBloom","player_choice":"Gold","floor":39,"damage_taken":0}],"is_beta":false,"boss_relics":[{"not_picked":["Coffee Dripper","Snecko Eye"],"picked":"Cursed Key"},{"not_picked":["Velvet Choker","Orrery"],"picked":"Philosopher\u0027s Stone"}],"items_purged_floors":[22,40,44],"is_endless":false,"potions_floor_spawned":[1,7,10,13,14,18,21,24,31,37,47],"ascension_level":0}