{"gold_per_floor":[115,115,135,152,5,5,22,22,22,32,32,45,71,71,71,172,172,184,84,84,84,100,100,100,100,100,116,116,116,20,78,78,78],"floor_reached":33,"playtime":832,"items_purged":["Pain","Bash"],"score":421,"play_id":"c301ee58-6e53-4598-b2da-14da39f060ac","local_time":"20181222180239","is_ascension_mode":true,"campfire_choices":[{"data":"Whirlwind","floor":6,"key":"SMITH"},{"data":"Perfected Strike","floor":8,"key":"SMITH"},{"data":"Pommel Strike","floor":11,"key":"SMITH"},{"data":"Uppercut","floor":15,"key":"SMITH"},{"data":"Immolate","floor":23,"key":"SMITH"},{"data":"Perfected Strike","floor":25,"key":"SMITH"},{"floor":29,"key":"REST"},{"floor":32,"key":"REST"}],"neow_cost":"NONE","seed_source_timestamp":257996917237820,"circlet_count":0,"master_deck":["AscendersBane","Strike_R","Strike_R","Strike_R","Strike_R","Strike_R","Defend_R","Defend_R","Defend_R","Defend_R","Pommel Strike+1","True Grit","Thunderclap","Whirlwind+1","Perfected Strike+1","Clash","Pommel Strike","Swift Strike","Uppercut+1","Immolate+1","Perfected Strike+1","Shrug It Off","Shrug It Off","Wild Strike","Wild Strike","Twin Strike","Perfected Strike"],"relics":["Burning Blood","NeowsBlessing","WarpedTongs","Du-Vu Doll","Nunchaku","Nloth\u0027s Gift","StoneCalendar","Strawberry","Tiny Chest"],"potions_floor_usage":[13,31,33],"damage_taken":[{"damage":0,"enemies":"Jaw Worm","floor":1,"turns":1},{"damage":0,"enemies":"Cultist","floor":3,"turns":1},{"damage":2,"enemies":"2 Louse","floor":4,"turns":1},{"damage":3,"enemies":"Lots of Slimes","floor":7,"turns":2},{"damage":6,"enemies":"Exordium Wildlife","floor":10,"turns":2},{"damage":9,"enemies":"Red Slaver","floor":12,"turns":3},{"damage":21,"enemies":"Lagavulin","floor":13,"turns":4},{"damage":45,"enemies":"Hexaghost","floor":16,"turns":9},{"damage":25,"enemies":"2 Thieves","floor":18,"turns":3},{"damage":14,"enemies":"Shell Parasite","floor":22,"turns":4},{"damage":18,"enemies":"Snake Plant","floor":27,"turns":4},{"damage":14,"enemies":"Colosseum Slavers","floor":28,"turns":2},{"damage":10,"enemies":"Book of Stabbing","floor":31,"turns":2},{"damage":85,"enemies":"Automaton","floor":33,"turns":6}],"seed_played":"6958241536948024692","potions_obtained":[{"floor":4,"key":"Weak Potion"},{"floor":7,"key":"LiquidBronze"},{"floor":13,"key":"Ancient Potion"},{"floor":31,"key":"SpeedPotion"}],"is_trial":false,"path_per_floor":["M","?","M","M","$","R","M","R","T","M","R","M","E","?","R","B",null,"M","$","?","$","M","R","?","R","T","M","?","R","$","E","R","B"],"character_chosen":"IRONCLAD","items_purchased":["Whirlwind","Twin Strike","AttackPotion"],"campfire_rested":2,"item_purchase_floors":[5,30,30],"current_hp_per_floor":[78,78,80,80,80,80,80,80,80,80,80,77,62,62,62,23,66,47,47,47,47,39,39,39,39,46,34,26,52,52,48,74,0],"gold":78,"neow_bonus":"THREE_ENEMY_KILL","is_prod":false,"is_daily":false,"chose_seed":false,"campfire_upgraded":6,"win_rate":0,"timestamp":1545519759,"path_taken":["M","?","M","M","$","R","M","R","T","?","R","?","E","?","R","BOSS","M","?","?","$","?","R","?","R","T","?","?","R","$","E","R","BOSS"],"build_version":"2018-12-20","purchased_purges":2,"victory":false,"max_hp_per_floor":[80,80,80,80,80,80,80,80,80,80,80,80,80,80,80,80,80,80,80,80,80,80,80,80,80,87,87,87,87,87,87,87,87],"card_choices":[{"not_picked":["Armaments","True Grit"],"picked":"Pommel Strike","floor":1},{"not_picked":["Headbutt","Rage"],"picked":"True Grit","floor":3},{"not_picked":["Pommel Strike","Clash"],"picked":"Thunderclap","floor":4},{"not_picked":["Battle Trance","Rupture"],"picked":"Perfected Strike","floor":7},{"not_picked":["Iron Wave","Sentinel","Burning Pact"],"picked":"SKIP","floor":10},{"not_picked":["Dropkick","True Grit"],"picked":"Clash","floor":12},{"not_picked":["Flex","Immolate"],"picked":"Pommel Strike","floor":13},{"not_picked":["Feed","Reaper"],"picked":"Immolate","floor":16},{"not_picked":["Pommel Strike","Headbutt"],"picked":"Perfected Strike","floor":17},{"not_picked":["Brutality","Thunderclap"],"picked":"Shrug It Off","floor":17},{"not_picked":["Body Slam","Armaments"],"picked":"Shrug It Off","floor":17},{"not_picked":["Warcry","Thunderclap"],"picked":"Wild Strike","floor":18},{"not_picked":["Iron Wave","Bludgeon","Havoc"],"picked":"SKIP","floor":22},{"not_picked":["True Grit","Hemokinesis"],"picked":"Wild Strike","floor":27},{"not_picked":["Sword Boomerang","Headbutt"],"picked":"Perfected Strike","floor":31}],"player_experience":595653,"relics_obtained":[{"floor":9,"key":"Du-Vu Doll"},{"floor":13,"key":"Nunchaku"},{"floor":24,"key":"StoneCalendar"},{"floor":26,"key":"Strawberry"},{"floor":31,"key":"Tiny Chest"}],"event_choices":[{"damage_healed":0,"gold_gain":0,"player_choice":"Rummage","damage_taken":0,"relics_obtained":["WarpedTongs"],"max_hp_gain":0,"max_hp_loss":0,"event_name":"Accursed Blacksmith","floor":2,"gold_loss":0,"cards_obtained":["Pain"]},{"damage_healed":0,"gold_gain":0,"player_choice":"2 cards matched","damage_taken":0,"max_hp_gain":0,"max_hp_loss":0,"event_name":"Match and Keep!","floor":14,"gold_loss":0,"cards_obtained":["Swift Strike","Uppercut"]},{"damage_healed":0,"gold_gain":0,"player_choice":"Traded Relic","damage_taken":0,"relics_obtained":["Nloth\u0027s Gift"],"max_hp_gain":0,"max_hp_loss":0,"event_name":"N\u0027loth","floor":20,"relics_lost":["Orrery"],"gold_loss":0},{"damage_healed":0,"gold_gain":0,"player_choice":"Relic","damage_taken":0,"max_hp_gain":0,"max_hp_loss":0,"event_name":"Wheel of Change","floor":24,"gold_loss":0},{"damage_healed":0,"gold_gain":0,"player_choice":"Fight","damage_taken":0,"max_hp_gain":0,"max_hp_loss":0,"event_name":"Colosseum","floor":28,"gold_loss":0},{"damage_healed":0,"gold_gain":0,"player_choice":"Fled From Nobs","damage_taken":0,"max_hp_gain":0,"max_hp_loss":0,"event_name":"Colosseum","floor":28,"gold_loss":0}],"is_beta":true,"boss_relics":[{"not_picked":["Eternal Feather","Mark of Pain"],"picked":"Orrery"}],"items_purged_floors":[5,19],"is_endless":false,"potions_floor_spawned":[4,7,12,13,22,28,31],"killed_by":"Automaton","ascension_level":12}