{"gold_per_floor":[117,135,310,310,260,260,273,293,293,37,152,182,207,217,217,322,322,337,354,354],"floor_reached":20,"playtime":3067,"items_purged":[],"score":185,"play_id":"dda0cec9-a436-4190-816e-f89ac7f18af2","local_time":"20190203022102","is_ascension_mode":true,"campfire_choices":[{"floor":6,"key":"RECALL"},{"floor":15,"key":"REST"}],"neow_cost":"NONE","seed_source_timestamp":1324075616564442,"circlet_count":0,"master_deck":["Defend_G","Defend_G","Defend_G","Defend_G","Defend_G","Strike_G","Strike_G","Strike_G","Strike_G","Survivor","Neutralize","Accuracy","conspire:DoublingDagger","Fluid Movement","After Image","A Thousand Cuts","Hidden Blade","Fluid Movement","Underhanded Strike","PiercingWail","Die Die Die","Dagger Throw","Reflex"],"special_seed":0,"relics":["Ring of the Snake","Membership Card","Peace Pipe","Regal Pillow","Painkiller Herb"],"potions_floor_usage":[11,16,16],"damage_taken":[{"damage":0.0,"enemies":"Small Slimes","floor":1.0,"turns":5.0},{"damage":2.0,"enemies":"Jaw Worm","floor":2.0,"turns":8.0},{"damage":0,"enemies":"Cultist","floor":7,"turns":6},{"damage":3,"enemies":"3 Louse","floor":8,"turns":6},{"damage":1,"enemies":"Large Slime","floor":11,"turns":8},{"damage":37,"enemies":"3 Sentries","floor":12,"turns":15},{"damage":11,"enemies":"2 Fungi Beasts","floor":14,"turns":5},{"damage":8,"enemies":"The Guardian","floor":16,"turns":13},{"damage":44,"enemies":"Chosen","floor":18,"turns":9},{"damage":18,"enemies":"Spheric Guardian","floor":19,"turns":9},{"damage":27,"enemies":"Cultist and Chosen","floor":20,"turns":9}],"seed_played":"-7863754692015958053","potions_obtained":[{"floor":1.0,"key":"conspire:EchoDraught"},{"floor":11,"key":"Doom Potion"},{"floor":12,"key":"PowerPotion"},{"floor":14,"key":"GhostInAJar"}],"is_trial":false,"path_per_floor":["M","M","?","?","?","R","M","M","T","$","M","E","T","M","R","B",null,"?","?","?"],"character_chosen":"THE_SILENT","items_purchased":["Membership Card","A Thousand Cuts","Hidden Blade"],"campfire_rested":1,"item_purchase_floors":[10,10,10],"current_hp_per_floor":[77,75,75,75,75,75,75,72,72,72,71,34,34,23,61,53,77,33,15,0],"gold":354,"neow_bonus":"TEN_PERCENT_HP_BONUS","is_prod":false,"is_daily":false,"chose_seed":false,"campfire_upgraded":0,"win_rate":0,"timestamp":1549156862,"path_taken":["M","M","?","?","?","R","?","M","T","$","M","E","?","M","R","BOSS","?","?","?"],"build_version":"2019-01-23","purchased_purges":0,"victory":false,"max_hp_per_floor":[77,77,77,77,77,77,77,77,77,77,77,77,77,77,77,77,77,77,77,77],"card_choices":[{"not_picked":["Deadly Poison","Quick Slash"],"picked":"Accuracy","floor":1.0},{"not_picked":["Outmaneuver","Flechettes"],"picked":"conspire:DoublingDagger","floor":2.0},{"not_picked":["Flechettes","Slice"],"picked":"Fluid Movement","floor":7},{"not_picked":["Catalyst","Tactician"],"picked":"After Image","floor":8},{"not_picked":["Sucker Punch","Backflip"],"picked":"Fluid Movement","floor":11},{"not_picked":["Escape Plan","Dagger Spray"],"picked":"Underhanded Strike","floor":12},{"not_picked":["Slice","Deadly Poison"],"picked":"PiercingWail","floor":14},{"not_picked":["infinitespire:Neurotoxin","ReplayTheSpireMod:Necrosis"],"picked":"Die Die Die","floor":16},{"not_picked":["Poisoned Stab","Deadly Poison"],"picked":"Dagger Throw","floor":18},{"not_picked":["Fluid Movement","Backflip+1"],"picked":"Reflex","floor":19}],"player_experience":113271,"relics_obtained":[{"floor":12,"key":"Peace Pipe"},{"floor":13,"key":"Regal Pillow"}],"event_choices":[{"damage_healed":0.0,"max_hp_gain":0.0,"max_hp_loss":0.0,"gold_gain":175.0,"event_name":"Liars Game","player_choice":"AGREE","floor":3.0,"gold_loss":0.0,"damage_taken":0.0,"cards_obtained":["Doubt"]},{"cards_removed":["Doubt"],"damage_healed":0,"gold_gain":0,"player_choice":"Forget","damage_taken":0,"max_hp_gain":0,"max_hp_loss":0,"event_name":"Living Wall","floor":4,"gold_loss":0},{"cards_removed":["Strike_G"],"damage_healed":0,"gold_gain":0,"player_choice":"Card Removal","damage_taken":0,"max_hp_gain":0,"max_hp_loss":0,"event_name":"The Cleric","floor":5,"gold_loss":50}],"is_beta":false,"boss_relics":[{"not_picked":["infinitespire:Cupcake","Sozu"],"picked":"Painkiller Herb"}],"items_purged_floors":[],"is_endless":false,"potions_floor_spawned":[1,11,12,14],"killed_by":"Cultist and Chosen","ascension_level":1}