{"gold_per_floor":[109,121,74,87,105,130,55,55,55,55,35,58,58,7,7,7],"floor_reached":16,"playtime":1598,"items_purged":["Strike_R"],"score":125,"play_id":"535d5aa4-c27b-4427-81c5-a80d74a2d190","local_time":"20190201185721","is_ascension_mode":false,"campfire_choices":[{"floor":8,"key":"REST"},{"floor":13,"key":"REST"},{"data":"Limit Break","floor":15,"key":"SMITH"}],"neow_cost":"PERCENT_DAMAGE","seed_source_timestamp":1212595536926276,"circlet_count":0,"master_deck":["Strike_R","Strike_R","Strike_R","Strike_R","Defend_R","Defend_R","Defend_R","Defend_R","Bash","Limit Break+1","Rage","Rampage","Flex","Carnage","Flex","Flex","Body Slam","Flex"],"relics":["Burning Blood","Happy Flower","PreservedInsect","Golden Idol"],"potions_floor_usage":[6,12,16,16],"damage_taken":[{"damage":7,"enemies":"2 Louse","floor":1,"turns":3},{"damage":0,"enemies":"Cultist","floor":2,"turns":5},{"damage":3,"enemies":"Small Slimes","floor":4,"turns":3},{"damage":11,"enemies":"Red Slaver","floor":5,"turns":4},{"damage":27,"enemies":"3 Sentries","floor":6,"turns":9},{"damage":0,"enemies":"Looter","floor":12,"turns":2},{"damage":81,"enemies":"Slime Boss","floor":16,"turns":10}],"seed_played":"-5253435265743080408","potions_obtained":[{"floor":1,"key":"Fire Potion"},{"floor":2,"key":"FearPotion"},{"floor":6,"key":"Explosive Potion"},{"floor":11,"key":"Fruit Juice"}],"is_trial":false,"path_per_floor":["M","M","$","M","M","E","$","R","T","?","?","M","R","$","R","B"],"character_chosen":"IRONCLAD","items_purchased":["Flex","Flex"],"campfire_rested":2,"item_purchase_floors":[3,14],"current_hp_per_floor":[55,61,61,64,59,38,38,62,62,42,42,48,72,72,72,0],"gold":7,"neow_bonus":"THREE_RARE_CARDS","is_prod":false,"is_daily":false,"chose_seed":false,"campfire_upgraded":1,"win_rate":0.0,"timestamp":1549043841,"path_taken":["M","M","$","M","M","E","$","R","T","?","?","M","R","$","R","BOSS"],"build_version":"2019-01-23","purchased_purges":1,"victory":false,"max_hp_per_floor":[80,80,80,80,80,80,80,80,80,80,80,80,80,80,80,85],"card_choices":[{"not_picked":["Fiend Fire","Reaper"],"picked":"Limit Break","floor":0},{"not_picked":["Shockwave","Sever Soul"],"picked":"Rage","floor":1},{"not_picked":["Entrench","Thunderclap"],"picked":"Rampage","floor":2},{"not_picked":["Clash","Corruption"],"picked":"Carnage","floor":4},{"not_picked":["Iron Wave","True Grit"],"picked":"Flex","floor":5},{"not_picked":["Fire Breathing","Carnage"],"picked":"Flex","floor":6},{"not_picked":["Perfected Strike","Feel No Pain"],"picked":"Body Slam","floor":12}],"player_experience":64888,"relics_obtained":[{"floor":6,"key":"Happy Flower"},{"floor":9,"key":"PreservedInsect"}],"event_choices":[{"damage_healed":0,"gold_gain":0,"player_choice":"Take Damage","damage_taken":20,"relics_obtained":["Golden Idol"],"max_hp_gain":0,"max_hp_loss":0,"event_name":"Golden Idol","floor":10,"gold_loss":0},{"damage_healed":0,"gold_gain":0,"player_choice":"Bought 1 Potion","damage_taken":0,"max_hp_gain":0,"max_hp_loss":0,"event_name":"The Woman in Blue","floor":11,"gold_loss":0}],"is_beta":false,"boss_relics":[],"items_purged_floors":[7],"is_endless":false,"potions_floor_spawned":[1,2,6],"killed_by":"Slime Boss","ascension_level":0}