{"gold_per_floor":[113,113,113,136,151,151,184,202,252,202,79,90,102,131,131,131],"floor_reached":16,"playtime":907,"items_purged":["Defend_G"],"score":142,"play_id":"ef7b36cc-bcd2-46ec-9459-a72effe052c0","local_time":"20190101132012","is_ascension_mode":true,"campfire_choices":[{"data":"Neutralize","floor":6,"key":"SMITH"},{"data":"Crippling Poison","floor":15,"key":"SMITH"}],"neow_cost":"NONE","seed_source_timestamp":939039103189930,"circlet_count":0,"master_deck":["Defend_G","Defend_G","Defend_G","Strike_G","Strike_G","Strike_G","Strike_G","Strike_G","Survivor","Neutralize+1","Backstab","Crippling Poison+1","Bane"],"relics":["Ring of the Snake","NeowsBlessing","Letter Opener","Snake Skull","Mummified Hand","Smiling Mask","Toxic Egg 2"],"potions_floor_usage":[16,16,16],"damage_taken":[{"damage":0,"enemies":"Jaw Worm","floor":1,"turns":1},{"damage":0,"enemies":"2 Louse","floor":5,"turns":1},{"damage":0,"enemies":"Gremlin Nob","floor":7,"turns":1},{"damage":3,"enemies":"Cultist","floor":8,"turns":4},{"damage":0,"enemies":"3 Louse","floor":12,"turns":3},{"damage":0,"enemies":"2 Fungi Beasts","floor":13,"turns":3},{"damage":25,"enemies":"3 Sentries","floor":14,"turns":9},{"damage":43,"enemies":"Slime Boss","floor":16,"turns":12}],"seed_played":"-1405655369769160066","potions_obtained":[{"floor":1,"key":"Explosive Potion"},{"floor":12,"key":"Block Potion"},{"floor":14,"key":"EssenceOfSteel"}],"is_trial":false,"path_per_floor":["M","?","?","T","M","R","E","M","T","?","$","M","M","E","R","B"],"character_chosen":"THE_SILENT","items_purchased":["Crippling Poison"],"campfire_rested":0,"item_purchase_floors":[11],"current_hp_per_floor":[70,70,70,70,70,70,70,67,67,67,67,67,67,42,42,0],"gold":131,"neow_bonus":"THREE_ENEMY_KILL","is_prod":false,"is_daily":false,"chose_seed":false,"campfire_upgraded":2,"win_rate":0,"timestamp":1546370412,"path_taken":["M","?","?","?","M","R","E","?","T","?","$","M","M","E","R","BOSS"],"build_version":"2018-12-20","purchased_purges":1,"victory":false,"max_hp_per_floor":[70,70,70,70,70,70,70,70,70,70,70,70,70,70,70,70],"card_choices":[{"not_picked":["Eviscerate","Dagger Spray","Acrobatics"],"picked":"SKIP","floor":1},{"not_picked":["Acrobatics","Distraction"],"picked":"Backstab","floor":5},{"not_picked":["Sucker Punch","Cloak And Dagger","Quick Slash"],"picked":"SKIP","floor":7},{"not_picked":["Sucker Punch","Accuracy","Malaise"],"picked":"SKIP","floor":8},{"not_picked":["Skewer","Underhanded Strike","Calculated Gamble"],"picked":"SKIP","floor":12},{"not_picked":["Dodge and Roll","Backflip"],"picked":"Bane","floor":13},{"not_picked":["Setup","Bane","Endless Agony"],"picked":"SKIP","floor":14}],"player_experience":191864,"relics_obtained":[{"floor":4,"key":"Snake Skull"},{"floor":7,"key":"Mummified Hand"},{"floor":9,"key":"Smiling Mask"},{"floor":14,"key":"Toxic Egg 2"}],"event_choices":[{"cards_removed":["Defend_G"],"damage_healed":0,"gold_gain":0,"player_choice":"Forget","damage_taken":0,"max_hp_gain":0,"max_hp_loss":0,"event_name":"Living Wall","floor":2,"gold_loss":0},{"damage_healed":0,"gold_gain":0,"player_choice":"Box","damage_taken":0,"relics_obtained":["Letter Opener"],"max_hp_gain":0,"max_hp_loss":0,"event_name":"Big Fish","floor":3,"gold_loss":0,"cards_obtained":["Regret"]},{"cards_removed":["Regret"],"damage_healed":0,"gold_gain":0,"player_choice":"Card Removal","damage_taken":0,"max_hp_gain":0,"max_hp_loss":0,"event_name":"The Cleric","floor":10,"gold_loss":50}],"is_beta":false,"boss_relics":[],"items_purged_floors":[11],"is_endless":false,"potions_floor_spawned":[1,12,14],"killed_by":"Slime Boss","ascension_level":1}