{"path_per_floor":["M","?","M","?","$","M","R","E","T","R","M","R","E","?","R","B",null,"M","$","M","?","M","R","?","R","T","M","R","M","M","M","R","B",null,"M","$","?","?","M","R","M","R","T","R","E","?","R","M","R"],"character_chosen":"THE_SILENT","items_purchased":["Noxious Fumes","Torii","Secret Technique","Heel Hook"],"gold_per_floor":[118,118,130,130,130,150,150,183,183,183,199,199,233,408,408,513,543,557,103,122,212,227,227,227,227,254,264,264,284,298,318,318,419,419,431,71,124,124,143,143,160,160,160,160,185,185,185,204,204],"floor_reached":50,"campfire_rested":6,"playtime":5638,"current_hp_per_floor":[65,65,65,58,58,53,53,25,25,46,58,58,45,45,66,45,75,69,69,59,45,1,23,23,45,45,45,45,38,23,22,44,14,75,74,74,28,65,52,52,33,33,33,33,25,25,44,46,46],"items_purged":["Doubt","Strike_G"],"gold":204,"play_id":"c6f668a6-489d-4833-aa17-bc7b3390410c","is_prod":false,"is_daily":false,"campfire_rituals":0,"campfire_upgraded":7,"is_hardmode":false,"path_taken":["M","?","M","?","?","M","R","E","T","R","M","R","E","?","R","BOSS","M","$","M","?","M","R","?","R","T","M","R","M","M","M","R","BOSS","M","$","?","?","M","R","M","R","T","R","E","?","R","M","R","BOSS"],"build_version":"2018-01-11-PROD2","purchased_purges":3,"victory":false,"master_deck":["Defend_G","Defend_G","Defend_G","Defend_G","Defend_G","Strike_G","Strike_G","Strike_G","Strike_G","Survivor","Neutralize","Heel Hook","Escape Plan","Noxious Fumes","Noxious Fumes","Backflip","Dagger Throw","Adrenaline","Leg Sweep","Prepared","Noxious Fumes","Burst","Prepared","Adrenaline","Bane","Predator","Infinite Blades","Quick Slash","Bullet Time","Blur","Secret Technique","Heel Hook","Catalyst","Heel Hook","Noxious Fumes"],"max_hp_per_floor":[70,70,70,70,70,70,70,70,70,70,70,70,70,70,70,70,75,75,75,75,75,75,75,75,75,75,75,75,75,75,75,75,75,75,75,75,75,65,65,65,65,65,65,65,65,65,65,65,65],"relics":["Ring of the Snake","Molten Egg","Pen Nib","Ancient Tea Set","Tiny House","Torii","Blood Vial","Runic Pyramid","Thread and Needle","Lantern","Bottled Flame"],"campfire_meditates":0,"card_choices":[{"not_picked":["All Out Attack","Leg Sweep"],"picked":"Heel Hook"},{"not_picked":["Distraction","Outmaneuver"],"picked":"Escape Plan"},{"not_picked":["Deflect","Eviscerate"],"picked":"Noxious Fumes"},{"not_picked":["Sucker Punch","Eviscerate"],"picked":"Noxious Fumes"},{"not_picked":["Dash","Poisoned Stab"],"picked":"Backflip"},{"not_picked":["Riddle With Holes","Distraction"],"picked":"Dagger Throw"},{"not_picked":["Die Die Die","Night Terror"],"picked":"Adrenaline"},{"not_picked":["Deflect","Distraction"],"picked":"Leg Sweep"},{"not_picked":["Dodge and Roll","Bane"],"picked":"Prepared"},{"not_picked":["Masterful Stab","Noxious Fumes"],"picked":"Burst"},{"not_picked":["Choke","Leg Sweep"],"picked":"Prepared"},{"not_picked":["Acrobatics","Outmaneuver"],"picked":"Bane"},{"not_picked":["Poisoned Stab","Prepared"],"picked":"Predator"},{"not_picked":["Prepared","Malaise"],"picked":"Infinite Blades"},{"not_picked":["Dodge and Roll","Backflip"],"picked":"Quick Slash"},{"not_picked":["Burst","Die Die Die"],"picked":"Bullet Time"},{"not_picked":["Bane","Dodge and Roll"],"picked":"Blur"},{"not_picked":["Terror","Heel Hook"],"picked":"Catalyst"},{"not_picked":["Dagger Throw","Bane"],"picked":"Heel Hook"},{"not_picked":["Outmaneuver","All Out Attack"],"picked":"Noxious Fumes"}],"player_experience":8745,"potions_floor_usage":[11,13,13,22,22,31,37,39,41,48],"damage_taken":[{"damage":5,"enemies":"Jaw Worm","floor":1,"turns":6},{"damage":0,"enemies":"Blue Slaver","floor":3,"turns":6},{"damage":5,"enemies":"2 Louse","floor":6,"turns":3},{"damage":28,"enemies":"Gremlin Nob","floor":8,"turns":5},{"damage":0,"enemies":"Red Slaver","floor":11,"turns":4},{"damage":13,"enemies":"3 Sentries","floor":13,"turns":4},{"damage":21,"enemies":"The Guardian","floor":16,"turns":8},{"damage":6,"enemies":"Shell Parasite","floor":18,"turns":7},{"damage":10,"enemies":"Spheric Guardian","floor":20,"turns":6},{"damage":44,"enemies":"Slaver and Parasite","floor":22,"turns":6},{"damage":2,"enemies":"3 Cultists","floor":27,"turns":4},{"damage":9,"enemies":"Centurion and Healer","floor":29,"turns":7},{"damage":17,"enemies":"Sentry and Sphere","floor":30,"turns":5},{"damage":3,"enemies":"3 Cultists","floor":31,"turns":5},{"damage":32,"enemies":"Automaton","floor":33,"turns":9},{"damage":1,"enemies":"3 Shapes","floor":35,"turns":5},{"damage":47,"enemies":"Mysterious Sphere","floor":37,"turns":7},{"damage":13,"enemies":"Orb Walker","floor":39,"turns":4},{"damage":21,"enemies":"Sphere and 2 Shapes","floor":41,"turns":5},{"damage":10,"enemies":"Nemesis","floor":45,"turns":7},{"damage":0,"enemies":"Maw","floor":48,"turns":8},{"damage":49,"enemies":"Awakened One","floor":50,"turns":5}],"event_choices":[{"event_name":"The Lab","player_choice":"Got Potions","floor":2,"damage_taken":0},{"event_name":"Wheel of Change","player_choice":"Damage","floor":4,"damage_taken":0},{"event_name":"Liars Game","player_choice":"agreed","floor":14,"damage_taken":0},{"event_name":"Knowing Skull","player_choice":"GOLD ","floor":21,"damage_taken":0},{"event_name":"Duplicator","player_choice":"One dupe","floor":24,"damage_taken":0},{"event_name":"Mysterious Sphere","player_choice":"Fight","floor":37,"damage_taken":0},{"event_name":"The Moai Head","player_choice":"Heal","floor":38,"damage_taken":0},{"event_name":"Accursed Blacksmith","player_choice":"Forge","floor":46,"damage_taken":0}],"boss_relics":[{"not_picked":["Lizard Tail","Ectoplasm"],"picked":"Tiny House"},{"not_picked":["Snecko Eye","Black Star"],"picked":"Runic Pyramid"}],"potions_floor_spawned":[1,6,8,20,29,30,35,37,39],"seed_played":"4962839281873054315","killed_by":"Awakened One","is_trial":false}