{"gold_per_floor":[114,132,132,148,159,159,188,199,223,235,235],"floor_reached":11,"playtime":1477,"items_purged":[],"score":77,"play_id":"5f7e79bc-a2ea-4d45-99dc-7b677a83ffea","local_time":"20190130141254","is_ascension_mode":false,"campfire_choices":[{"data":"Caltrops","floor":6,"key":"SMITH"}],"neow_cost":"NONE","seed_source_timestamp":1022850103123658,"circlet_count":0,"master_deck":["Defend_G","Defend_G","Defend_G","Defend_G","Defend_G","Strike_G","Strike_G","Strike_G","Strike_G","Strike_G","Survivor","Neutralize","Deep Breath","Deadly Poison","Infinite Blades","Decay","Predator","Caltrops+1","Slice","A Thousand Cuts","Acrobatics"],"relics":["Ring of the Snake","Darkstone Periapt","Regal Pillow"],"potions_floor_usage":[10,11],"damage_taken":[{"damage":0,"enemies":"Jaw Worm","floor":1,"turns":7},{"damage":0,"enemies":"Cultist","floor":2,"turns":4},{"damage":0,"enemies":"2 Louse","floor":4,"turns":3},{"damage":7,"enemies":"Large Slime","floor":5,"turns":8},{"damage":42,"enemies":"Gremlin Nob","floor":7,"turns":5},{"damage":20,"enemies":"Exordium Thugs","floor":8,"turns":4},{"damage":0,"enemies":"2 Fungi Beasts","floor":10,"turns":4},{"damage":3,"enemies":"Gremlin Gang","floor":11,"turns":2}],"seed_played":"392586169100529034","potions_obtained":[{"floor":8,"key":"PowerPotion"},{"floor":10,"key":"GhostInAJar"}],"is_trial":false,"path_per_floor":["M","M","?","M","M","R","E","M","T","M","M"],"character_chosen":"THE_SILENT","items_purchased":[],"campfire_rested":0,"item_purchase_floors":[],"current_hp_per_floor":[70,70,70,70,63,63,21,1,1,1,0],"gold":235,"neow_bonus":"RANDOM_COLORLESS","is_prod":false,"is_daily":false,"chose_seed":false,"campfire_upgraded":1,"win_rate":0.0,"timestamp":1548853974,"path_taken":["M","M","?","?","M","R","E","?","T","M","M"],"build_version":"2019-01-23","purchased_purges":0,"victory":false,"max_hp_per_floor":[70,70,70,70,70,70,70,70,70,70,70],"card_choices":[{"not_picked":["Dodge and Roll","Prepared"],"picked":"Deadly Poison","floor":1},{"not_picked":["Slice","All Out Attack"],"picked":"Infinite Blades","floor":2},{"not_picked":["Calculated Gamble","Choke"],"picked":"Predator","floor":4},{"not_picked":["Prepared","Deflect"],"picked":"Caltrops","floor":5},{"not_picked":["Dodge and Roll","Backflip"],"picked":"Slice","floor":7},{"not_picked":["Dagger Throw","Escape Plan"],"picked":"A Thousand Cuts","floor":8},{"not_picked":["Dash","Backstab"],"picked":"Acrobatics","floor":10}],"player_experience":13230,"relics_obtained":[{"floor":7,"key":"Darkstone Periapt"},{"floor":9,"key":"Regal Pillow"}],"event_choices":[{"damage_healed":0,"gold_gain":0,"player_choice":"1 cards matched","damage_taken":0,"max_hp_gain":0,"max_hp_loss":0,"event_name":"Match and Keep!","floor":3,"gold_loss":0,"cards_obtained":["Decay"]},{"damage_healed":0,"gold_gain":0,"player_choice":"1 cards matched","damage_taken":0,"max_hp_gain":0,"max_hp_loss":0,"event_name":"Match and Keep!","floor":3,"gold_loss":0,"cards_obtained":["Decay"]}],"is_beta":false,"boss_relics":[],"items_purged_floors":[],"is_endless":false,"potions_floor_spawned":[8,10],"killed_by":"Gremlin Gang","ascension_level":0}