{"gold_per_floor":[111,111,121,121,46,71,71,83,108,140,40,50,50,50,50,153,153,168,168,368,383,15,15,46,121,145,176,194,94,109,121,121,224,224,239,22,0,100,119,154,154,181,181,181,181,181,207,222,222,222],"floor_reached":51,"playtime":1338,"items_purged":["Doubt","Strike_R","Anger"],"score":1156,"play_id":"b9178eb8-1d5c-4192-8917-32168c550a8a","local_time":"20181215175405","is_ascension_mode":true,"campfire_choices":[{"data":"Anger","floor":7,"key":"SMITH"},{"data":"Flex","floor":15,"key":"SMITH"},{"data":"Whirlwind","floor":23,"key":"SMITH"},{"floor":32,"key":"REST"},{"data":"Inflame","floor":41,"key":"SMITH"},{"data":"Limit Break","floor":44,"key":"SMITH"},{"floor":49,"key":"DIG"}],"neow_cost":"NONE","seed_source_timestamp":26645662317585,"circlet_count":0,"master_deck":["Defend_R","Defend_R","Defend_R","Defend_R","Bash","Bandage Up","Clash","Anger+1","Cleave","Flex+1","Inflame+1","Clash","Whirlwind+1","Anger+1","Bite","Bite","Bite","Bite","Bite","Flame Barrier+1","Reaper","Fire Breathing+1","Rage","Uppercut+1","Limit Break+1"],"relics":["Burning Blood","NeowsBlessing","Bag of Preparation","Nunchaku","Strawberry","Orrery","Gremlin Horn","Orichalcum","Paper Frog","Centennial Puzzle","Red Skull","Sozu","Anchor","Red Mask","Mango","Letter Opener","Turnip","Frozen Egg 2","Calipers","Shovel","Happy Flower"],"potions_floor_usage":[10,21,24,24,28,31,33,33,40],"damage_taken":[{"damage":0,"enemies":"Cultist","floor":1,"turns":1},{"damage":0,"enemies":"Small Slimes","floor":3,"turns":1},{"damage":0,"enemies":"3 Sentries","floor":6,"turns":1},{"damage":7,"enemies":"Jaw Worm","floor":8,"turns":2},{"damage":13,"enemies":"Gremlin Nob","floor":10,"turns":3},{"damage":10,"enemies":"2 Fungi Beasts","floor":12,"turns":3},{"damage":57,"enemies":"Hexaghost","floor":16,"turns":7},{"damage":23,"enemies":"2 Thieves","floor":18,"turns":4},{"damage":12,"enemies":"Chosen","floor":21,"turns":3},{"damage":91,"enemies":"Slavers","floor":24,"turns":7},{"damage":13,"enemies":"Gremlin Leader","floor":27,"turns":3},{"damage":21,"enemies":"Snake Plant","floor":28,"turns":3},{"damage":0,"enemies":"3 Cultists","floor":30,"turns":2},{"damage":13,"enemies":"Snecko","floor":31,"turns":3},{"damage":4,"enemies":"Collector","floor":33,"turns":6},{"damage":19,"enemies":"3 Shapes","floor":35,"turns":5},{"damage":33,"enemies":"Mind Bloom Boss Battle","floor":38,"turns":6},{"damage":9,"enemies":"3 Darklings","floor":39,"turns":4},{"damage":30,"enemies":"Reptomancer","floor":40,"turns":4},{"damage":66,"enemies":"Giant Head","floor":42,"turns":7},{"damage":11,"enemies":"Reptomancer","floor":47,"turns":3},{"damage":30,"enemies":"4 Shapes","floor":48,"turns":5},{"damage":79,"enemies":"Donu and Deca","floor":50,"turns":7}],"seed_played":"6191691482410720460","potions_obtained":[{"floor":6,"key":"SteroidPotion"},{"floor":10,"key":"Regen Potion"},{"floor":12,"key":"Strength Potion"},{"floor":16,"key":"BloodPotion"},{"floor":24,"key":"Block Potion"},{"floor":30,"key":"Swift Potion"},{"floor":33,"key":"Fire Potion"}],"is_trial":false,"path_per_floor":["M","$","M","?","$","E","R","M","T","E","$","M","?","?","R","B",null,"M","?","?","M","$","R","E","T","T","E","M","$","M","M","R","B",null,"M","$","?","?","M","E","R","E","T","R","?","T","E","M","R","B",null],"character_chosen":"IRONCLAD","items_purchased":["Gremlin Horn","Block Potion","FearPotion","Anchor","Rage"],"campfire_rested":1,"item_purchase_floors":[22,29,29,36,36],"current_hp_per_floor":[78,78,80,80,80,80,80,80,80,77,77,79,86,86,86,40,75,64,64,64,68,68,68,22,22,22,27,22,22,38,39,65,87,87,78,78,78,87,101,94,94,49,49,49,88,88,88,68,68,25],"gold":222,"neow_bonus":"THREE_ENEMY_KILL","is_prod":false,"is_daily":false,"chose_seed":false,"campfire_upgraded":5,"win_rate":0,"timestamp":1544914445,"path_taken":["M","?","M","?","$","E","R","M","T","E","$","?","?","?","R","BOSS","M","?","?","?","$","R","E","?","T","E","M","?","M","M","R","BOSS","M","$","?","?","M","E","R","E","T","R","?","?","E","M","R","BOSS"],"build_version":"2018-12-13","purchased_purges":3,"victory":true,"max_hp_per_floor":[80,80,80,80,80,80,80,80,80,80,80,80,87,87,87,87,87,87,87,87,87,87,87,87,87,87,87,87,87,87,87,87,87,87,87,87,87,101,101,101,101,101,101,101,88,88,88,88,88,88],"card_choices":[{"not_picked":["Iron Wave","Battle Trance"],"picked":"Anger","floor":1},{"not_picked":["Body Slam","Iron Wave","Warcry"],"picked":"SKIP","floor":3},{"not_picked":["Offering","Sword Boomerang"],"picked":"Anger","floor":6},{"not_picked":["Dropkick","Clash"],"picked":"Cleave","floor":8},{"not_picked":["Feel No Pain","Perfected Strike"],"picked":"Flex","floor":10},{"not_picked":["True Grit","Shrug It Off"],"picked":"Inflame","floor":12},{"not_picked":["Cleave","Body Slam"],"picked":"Clash","floor":17},{"not_picked":["Cleave","Feel No Pain"],"picked":"Whirlwind","floor":17},{"not_picked":["Headbutt","Flex"],"picked":"Anger+1","floor":18},{"not_picked":["Shockwave+1","Body Slam","Sword Boomerang"],"picked":"SKIP","floor":21},{"not_picked":["Infernal Blade","Reckless Charge","Warcry"],"picked":"SKIP","floor":24},{"not_picked":["Uppercut+1","Havoc"],"picked":"Flame Barrier+1","floor":27},{"not_picked":["True Grit","Rupture+1","Thunderclap"],"picked":"SKIP","floor":28},{"not_picked":["Entrench","Rage","Heavy Blade+1"],"picked":"SKIP","floor":30},{"not_picked":["Iron Wave+1","Ghostly Armor","Perfected Strike"],"picked":"SKIP","floor":31},{"not_picked":["Barricade","Fiend Fire"],"picked":"Reaper","floor":33},{"not_picked":["Searing Blow","Shrug It Off"],"picked":"Fire Breathing+1","floor":35},{"not_picked":["Corruption","Flex"],"picked":"Uppercut+1","floor":38},{"not_picked":["Entrench+1","Second Wind","Anger+1"],"picked":"SKIP","floor":39},{"not_picked":["Twin Strike","Cleave+1","Rampage"],"picked":"SKIP","floor":40},{"not_picked":["Barricade","Armaments"],"picked":"Limit Break","floor":42},{"not_picked":["Armaments+1","Combust+1","Cleave"],"picked":"SKIP","floor":47},{"not_picked":["Sever Soul+1","Rupture+1","Anger+1"],"picked":"SKIP","floor":48}],"player_experience":585615,"relics_obtained":[{"floor":6,"key":"Bag of Preparation"},{"floor":9,"key":"Blood Vial"},{"floor":10,"key":"Nunchaku"},{"floor":24,"key":"Orichalcum"},{"floor":25,"key":"Paper Frog"},{"floor":26,"key":"Centennial Puzzle"},{"floor":27,"key":"Red Skull"},{"floor":38,"key":"Mango"},{"floor":40,"key":"Letter Opener"},{"floor":42,"key":"Turnip"},{"floor":43,"key":"Frozen Egg 2"},{"floor":46,"key":"Calipers"},{"floor":47,"key":"Shovel"},{"floor":49,"key":"Happy Flower"}],"event_choices":[{"damage_healed":0,"gold_gain":0,"player_choice":"3 cards matched","damage_taken":0,"max_hp_gain":0,"max_hp_loss":0,"event_name":"Match and Keep!","floor":4,"gold_loss":0,"cards_obtained":["Doubt","Bandage Up","Clash"]},{"damage_healed":0,"gold_gain":0,"player_choice":"Box","damage_taken":0,"relics_obtained":["Strawberry"],"max_hp_gain":0,"max_hp_loss":0,"event_name":"Big Fish","floor":13,"gold_loss":0,"cards_obtained":["Regret"]},{"cards_removed":["Regret"],"damage_healed":0,"gold_gain":0,"player_choice":"Forget","damage_taken":0,"max_hp_gain":0,"max_hp_loss":0,"event_name":"Living Wall","floor":14,"gold_loss":0},{"damage_healed":0,"gold_gain":0,"player_choice":"Became a vampire (Vial)","damage_taken":0,"max_hp_gain":0,"max_hp_loss":0,"event_name":"Vampires","floor":19,"relics_lost":["Blood Vial"],"gold_loss":0,"cards_obtained":["Bite","Bite","Bite","Bite","Bite"]},{"damage_healed":0,"gold_gain":250,"player_choice":"Bet on Owner","damage_taken":0,"max_hp_gain":0,"max_hp_loss":0,"event_name":"The Joust","floor":20,"gold_loss":50},{"damage_healed":0,"gold_gain":0,"player_choice":"Paid","damage_taken":0,"relics_obtained":["Red Mask"],"max_hp_gain":0,"max_hp_loss":0,"event_name":"Tomb of Lord Red Mask","floor":37,"gold_loss":22},{"damage_healed":0,"gold_gain":0,"player_choice":"Fight","damage_taken":0,"max_hp_gain":0,"max_hp_loss":0,"event_name":"MindBloom","floor":38,"gold_loss":0},{"damage_healed":88,"gold_gain":0,"player_choice":"Heal","damage_taken":0,"max_hp_gain":0,"max_hp_loss":13,"event_name":"The Moai Head","floor":45,"gold_loss":0}],"is_beta":true,"boss_relics":[{"not_picked":["Cursed Key","Runic Cube"],"picked":"Orrery"},{"not_picked":["Snecko Eye","Black Blood"],"picked":"Sozu"}],"items_purged_floors":[5,11,22],"is_endless":false,"potions_floor_spawned":[6,10,12,16,24,30,33,39,42,47],"ascension_level":8}