{"gold_per_floor":[117,67,84,100,100,126,126,301,355,100,112,12,40,50,50,50],"floor_reached":16,"playtime":1101,"items_purged":["Doubt","Strike_G"],"score":121,"play_id":"b678f278-5720-4d4f-82d1-770179ed52f0","local_time":"20190211191531","is_ascension_mode":true,"campfire_choices":[{"floor":7,"key":"REST"},{"floor":15,"key":"REST"}],"neow_cost":"NONE","seed_source_timestamp":1352432689631561,"circlet_count":0,"master_deck":["Defend_G","Defend_G","Defend_G","Defend_G","Defend_G","Strike_G","Strike_G","Strike_G","Survivor","Neutralize","Dagger Throw","Backflip","Dagger Throw","Dagger Throw","Outmaneuver","All Out Attack","Die Die Die"],"relics":["Ring of the Snake","Art of War","Orichalcum","Omamori","Bag of Preparation","Incense Burner"],"potions_floor_usage":[4,6],"damage_taken":[{"damage":0,"enemies":"2 Louse","floor":1,"turns":4},{"damage":0,"enemies":"Small Slimes","floor":3,"turns":3},{"damage":0,"enemies":"Cultist","floor":4,"turns":3},{"damage":63,"enemies":"Lagavulin","floor":6,"turns":15},{"damage":5,"enemies":"Exordium Thugs","floor":11,"turns":6},{"damage":23,"enemies":"Gremlin Nob","floor":13,"turns":5},{"damage":0,"enemies":"3 Louse","floor":14,"turns":2},{"damage":28,"enemies":"The Guardian","floor":16,"turns":11}],"seed_played":"-255801024656422656","potions_obtained":[{"floor":3,"key":"SteroidPotion"},{"floor":4,"key":"Ancient Potion"}],"is_trial":false,"path_per_floor":["M","?","M","M","?","E","R","?","T","$","M","$","E","M","R","B"],"character_chosen":"THE_SILENT","items_purchased":["Dagger Throw","Bag of Preparation"],"campfire_rested":2,"item_purchase_floors":[10,10],"current_hp_per_floor":[70,70,70,70,75,12,34,34,34,34,29,29,6,6,28,0],"gold":50,"neow_bonus":"RANDOM_COMMON_RELIC","is_prod":false,"is_daily":false,"chose_seed":false,"campfire_upgraded":0,"win_rate":0,"timestamp":1549930531,"path_taken":["M","?","M","M","?","E","R","?","T","$","M","?","E","?","R","BOSS"],"build_version":"2019-01-23","purchased_purges":2,"victory":false,"max_hp_per_floor":[70,70,70,70,75,75,75,75,75,75,75,75,75,75,75,75],"card_choices":[{"not_picked":["Outmaneuver","Dodge and Roll"],"picked":"Dagger Throw","floor":1},{"not_picked":["Deflect","Slice"],"picked":"Backflip","floor":3},{"not_picked":["Crippling Poison","Sucker Punch","Outmaneuver"],"picked":"SKIP","floor":4},{"not_picked":["Blade Dance","Calculated Gamble"],"picked":"Dagger Throw","floor":6},{"not_picked":["Bane","Acrobatics"],"picked":"Outmaneuver","floor":11},{"not_picked":["Quick Slash","Caltrops"],"picked":"All Out Attack","floor":13},{"not_picked":["Masterful Stab","Underhanded Strike"],"picked":"Die Die Die","floor":14}],"player_experience":119584,"relics_obtained":[{"floor":6,"key":"Orichalcum"},{"floor":9,"key":"Omamori"},{"floor":13,"key":"Incense Burner"}],"event_choices":[{"cards_removed":["Strike_G"],"damage_healed":0,"gold_gain":0,"player_choice":"Card Removal","damage_taken":0,"max_hp_gain":0,"max_hp_loss":0,"event_name":"The Cleric","floor":2,"gold_loss":50},{"damage_healed":0,"gold_gain":0,"player_choice":"Donut","damage_taken":0,"max_hp_gain":5,"max_hp_loss":0,"event_name":"Big Fish","floor":5,"gold_loss":0},{"damage_healed":0,"gold_gain":175,"player_choice":"AGREE","damage_taken":0,"max_hp_gain":0,"max_hp_loss":0,"event_name":"Liars Game","floor":8,"gold_loss":0,"cards_obtained":["Doubt"]}],"is_beta":false,"boss_relics":[],"items_purged_floors":[10,12],"is_endless":false,"potions_floor_spawned":[3,4,13],"killed_by":"The Guardian","ascension_level":2}