{"gold_per_floor":[118,193,143,163,8,8,8,8,8,8,33,33,44,69,69,174,174,193,212,212],"floor_reached":20,"playtime":613,"items_purged":[],"score":225,"play_id":"c68386b4-61d5-44ad-8974-c890943506a4","local_time":"20181205235203","is_ascension_mode":true,"campfire_choices":[{"data":"Armaments","floor":6,"key":"SMITH"},{"floor":12,"key":"RECALL"},{"floor":15,"key":"REST"}],"neow_cost":"NONE","seed_source_timestamp":1493509270272100,"circlet_count":0,"master_deck":["Strike_R","Strike_R","Strike_R","Strike_R","Defend_R","Defend_R","Defend_R","Defend_R","Bash+1","Armaments+1","Spot Weakness+1","Offering","Battle Trance","Immolate"],"relics":["Burning Blood","Art of War","Strawberry","Orichalcum","Question Card","StoneCalendar","Black Star"],"potions_floor_usage":[14,14,16,20],"damage_taken":[{"damage":4,"enemies":"Small Slimes","floor":1,"turns":3},{"damage":3,"enemies":"2 Louse","floor":4,"turns":3},{"damage":26,"enemies":"Lagavulin","floor":11,"turns":8},{"damage":2,"enemies":"Jaw Worm","floor":13,"turns":4},{"damage":30,"enemies":"Gremlin Nob","floor":14,"turns":4},{"damage":19,"enemies":"The Guardian","floor":16,"turns":10},{"damage":32,"enemies":"2 Thieves","floor":18,"turns":4},{"damage":24,"enemies":"Spheric Guardian","floor":19,"turns":4},{"damage":39,"enemies":"Snake Plant","floor":20,"turns":4}],"seed_played":"-5354588033503166623","potions_obtained":[{"floor":11,"key":"Explosive Potion"},{"floor":13,"key":"Regen Potion"},{"floor":14,"key":"Fire Potion"},{"floor":16,"key":"SneckoOil"},{"floor":19,"key":"Explosive Potion"}],"is_trial":false,"path_per_floor":["M","?","?","M","$","R","?","?","T","T","E","R","M","E","R","B",null,"M","M","M"],"character_chosen":"IRONCLAD","items_purchased":["Strawberry"],"campfire_rested":1,"item_purchase_floors":[5],"current_hp_per_floor":[80,69,69,72,79,79,79,62,62,62,42,42,46,34,60,47,77,51,33,0],"gold":212,"neow_bonus":"RANDOM_COMMON_RELIC","is_prod":false,"is_daily":false,"chose_seed":false,"campfire_upgraded":1,"win_rate":0,"timestamp":1544050323,"path_taken":["M","?","?","?","$","R","?","?","T","?","E","R","M","E","R","BOSS","M","M","M"],"build_version":"2018-11-15","purchased_purges":0,"victory":false,"max_hp_per_floor":[80,80,80,80,87,87,87,87,87,87,87,87,87,87,87,87,87,87,87,87],"card_choices":[{"not_picked":["Wild Strike","Shockwave"],"picked":"Armaments","floor":1},{"not_picked":["Dual Wield","Cleave"],"picked":"Spot Weakness","floor":4},{"not_picked":["Thunderclap","Flex","Combust"],"picked":"SKIP","floor":11},{"not_picked":["Bloodletting","Wild Strike","Spot Weakness"],"picked":"Offering","floor":13},{"not_picked":["Pummel","Warcry","Barricade"],"picked":"Battle Trance","floor":14},{"not_picked":["Exhume","Juggernaut","Berserk"],"picked":"Immolate","floor":16},{"not_picked":["Body Slam","Thunderclap+1","Bloodletting","Battle Trance"],"picked":"SKIP","floor":18},{"not_picked":["Pommel Strike","Iron Wave","Thunderclap","Offering"],"picked":"SKIP","floor":19}],"player_experience":785128,"relics_obtained":[{"floor":10,"key":"Orichalcum"},{"floor":11,"key":"Question Card"},{"floor":14,"key":"StoneCalendar"}],"event_choices":[{"damage_healed":0,"gold_gain":75,"player_choice":"Gather Gold","damage_taken":11,"max_hp_gain":0,"max_hp_loss":0,"event_name":"World of Goop","floor":2,"gold_loss":0},{"cards_removed":["Strike_R"],"damage_healed":0,"gold_gain":0,"player_choice":"Card Removal","damage_taken":0,"max_hp_gain":0,"max_hp_loss":0,"event_name":"The Cleric","floor":3,"gold_loss":50},{"damage_healed":0,"gold_gain":0,"player_choice":"Ignored","damage_taken":0,"max_hp_gain":0,"max_hp_loss":0,"event_name":"Liars Game","floor":7,"gold_loss":0},{"damage_healed":0,"gold_gain":0,"player_choice":"Entered Light","damage_taken":17,"max_hp_gain":0,"max_hp_loss":0,"event_name":"Shining Light","floor":8,"gold_loss":0,"cards_upgraded":["Spot Weakness","Bash"]}],"is_beta":false,"boss_relics":[{"not_picked":["Fusion Hammer","Snecko Eye"],"picked":"Black Star"}],"items_purged_floors":[],"is_endless":false,"potions_floor_spawned":[11,13,14,16,19],"killed_by":"Snake Plant","ascension_level":5}