{"gold_per_floor":[111,111,111,126,126,126,169,189,189,189,203,203,224,237,237,362,362,380,400,425,204,228,228,249,272,321,321,321,364,185,100,100,100],"floor_reached":33,"playtime":4278,"items_purged":["Injury","Strike_R"],"score":282,"play_id":"35220727-c5e3-467e-9c4f-12a3a79df7aa","local_time":"20190205233054","is_ascension_mode":true,"campfire_choices":[{"floor":6.0,"key":"RECALL"},{"floor":10.0,"key":"REST"},{"floor":12.0,"key":"REST"},{"floor":15.0,"key":"REST"},{"data":"Armaments","floor":23,"key":"SMITH"},{"floor":27,"key":"REST"},{"floor":32,"key":"REST"}],"neow_cost":"NONE","seed_source_timestamp":176867042231246,"circlet_count":0,"master_deck":["Strike_R","Strike_R","Strike_R","Strike_R","Defend_R+1","Bash+1","True Grit+1","Infernal Blade","Feel No Pain","Shrug It Off","Seeing Red","Burning Pact","Fiend Fire","Metallicize+1","Fire Breathing+1","Whirlwind+1","Seeing Red+1","Disarm","Metallicize","Armaments+1","Clothesline","Seeing Red","Spot Weakness+1","Fiend Fire","Feel No Pain+1","Shockwave"],"special_seed":0,"relics":["Burning Blood","Pantograph","Golden Idol","Juzu Bracelet","Dodecahedron","Astrolabe","Sundial","Paper Frog"],"potions_floor_usage":[25],"damage_taken":[{"damage":6.0,"enemies":"Jaw Worm","floor":1.0,"turns":6.0},{"damage":0.0,"enemies":"2 Louse","floor":4.0,"turns":3.0},{"damage":30.0,"enemies":"3 Sentries","floor":7.0,"turns":16.0},{"damage":0.0,"enemies":"Cultist","floor":8.0,"turns":4.0},{"damage":12.0,"enemies":"Blue Slaver","floor":11.0,"turns":5.0},{"damage":0.0,"enemies":"Large Slime","floor":13.0,"turns":4.0},{"damage":8.0,"enemies":"Lots of Slimes","floor":14.0,"turns":6.0},{"damage":78.0,"enemies":"Slime Boss","floor":16.0,"turns":20.0},{"damage":26.0,"enemies":"Spheric Guardian","floor":18.0,"turns":7.0},{"damage":11.0,"enemies":"Shell Parasite","floor":19.0,"turns":5.0},{"damage":18.0,"enemies":"Snecko","floor":20.0,"turns":6.0},{"damage":0.0,"enemies":"Snake Plant","floor":22.0,"turns":7.0},{"damage":13,"enemies":"Shelled Parasite and Fungi","floor":24,"turns":7},{"damage":8,"enemies":"Centurion and Healer","floor":25,"turns":8},{"damage":45,"enemies":"Slavers","floor":29,"turns":7},{"damage":88,"enemies":"Champ","floor":33,"turns":17}],"seed_played":"5907781086781737044","potions_obtained":[{"floor":1.0,"key":"PowerPotion"},{"floor":8.0,"key":"PowerPotion"},{"floor":14.0,"key":"EssenceOfSteel"},{"floor":18.0,"key":"LiquidBronze"},{"floor":20.0,"key":"Block Potion"},{"floor":22.0,"key":"Weak Potion"}],"is_trial":false,"path_per_floor":["M","?","?","M","?","R","E","M","T","R","M","R","M","M","R","B",null,"M","M","M","$","M","R","M","M","T","R","?","E","$","?","R","B"],"character_chosen":"IRONCLAD","items_purchased":["Metallicize","Armaments","Clothesline","Shockwave"],"campfire_rested":5,"item_purchase_floors":[21,21,21,30],"current_hp_per_floor":[88,76,58,64,64,64,40,46,46,72,66,88,88,86,88,16,88,68,63,51,51,57,57,50,48,48,74,74,35,35,35,61,0],"gold":100,"neow_bonus":"TEN_PERCENT_HP_BONUS","is_prod":false,"is_daily":false,"chose_seed":false,"campfire_upgraded":1,"win_rate":0,"timestamp":1549405854,"path_taken":["M","?","?","M","?","R","E","M","T","R","M","R","M","M","R","BOSS","M","M","M","$","M","R","M","M","T","R","?","E","$","?","R","BOSS"],"build_version":"2019-01-23","purchased_purges":2,"victory":false,"max_hp_per_floor":[88,88,88,88,88,88,88,88,88,88,88,88,88,88,88,88,88,88,88,88,88,88,88,88,88,88,88,88,88,88,88,88,88],"card_choices":[{"not_picked":["Combust","Sword Boomerang"],"picked":"True Grit","floor":1.0},{"not_picked":["Armaments","True Grit"],"picked":"Infernal Blade","floor":4.0},{"not_picked":["Inflame","Body Slam"],"picked":"Feel No Pain","floor":7.0},{"not_picked":["Headbutt","Clothesline"],"picked":"Shrug It Off","floor":8.0},{"not_picked":["Evolve","Thunderclap","Twin Strike"],"picked":"SKIP","floor":11.0},{"not_picked":["Thunderclap","Armaments"],"picked":"Seeing Red","floor":13.0},{"not_picked":["Hemokinesis","Pummel"],"picked":"Burning Pact","floor":14.0},{"not_picked":["Brutality","Exhume"],"picked":"Fiend Fire","floor":16.0},{"not_picked":["Twin Strike","Havoc","Body Slam"],"picked":"SKIP","floor":18.0},{"not_picked":["Cleave","Sword Boomerang+1"],"picked":"Seeing Red+1","floor":19.0},{"not_picked":["Wild Strike","Cleave+1"],"picked":"Disarm","floor":20.0},{"not_picked":["Sever Soul","Perfected Strike"],"picked":"Seeing Red","floor":22.0},{"not_picked":["Pommel Strike","Shrug It Off"],"picked":"Spot Weakness+1","floor":24},{"not_picked":["Evolve","Second Wind"],"picked":"Fiend Fire","floor":25},{"not_picked":["Cleave","Iron Wave+1"],"picked":"Feel No Pain+1","floor":29}],"player_experience":155467,"relics_obtained":[{"floor":7.0,"key":"Juzu Bracelet"},{"floor":9.0,"key":"Dodecahedron"},{"floor":29,"key":"Sundial"}],"event_choices":[{"damage_healed":0.0,"max_hp_gain":0.0,"max_hp_loss":0.0,"gold_gain":0.0,"event_name":"Scrap Ooze","player_choice":"Success","floor":2.0,"gold_loss":0.0,"damage_taken":12.0,"relics_obtained":["Pantograph"]},{"damage_healed":0.0,"max_hp_gain":0.0,"max_hp_loss":0.0,"gold_gain":0.0,"event_name":"Shining Light","player_choice":"Entered Light","floor":3.0,"gold_loss":0.0,"damage_taken":18.0,"cards_upgraded":["Bash","Defend_R"]},{"damage_healed":0.0,"max_hp_gain":0.0,"max_hp_loss":0.0,"gold_gain":0.0,"event_name":"Golden Idol","player_choice":"Take Wound","floor":5.0,"gold_loss":0.0,"damage_taken":0.0,"relics_obtained":["Golden Idol"],"cards_obtained":["Injury"]},{"damage_healed":0,"gold_gain":0,"player_choice":"Upgraded","damage_taken":0,"max_hp_gain":0,"max_hp_loss":0,"event_name":"Upgrade Shrine","floor":28,"gold_loss":0,"cards_upgraded":["True Grit"]},{"damage_healed":0,"gold_gain":0,"player_choice":"Obtained Relic","damage_taken":0,"relics_obtained":["Paper Frog"],"max_hp_gain":0,"max_hp_loss":0,"event_name":"Addict","floor":31,"gold_loss":85}],"is_beta":false,"boss_relics":[{"not_picked":["Lizard Tail","Ectoplasm"],"picked":"Astrolabe"}],"items_purged_floors":[21,30],"is_endless":false,"potions_floor_spawned":[1,8,14,18,20,22],"killed_by":"Champ","ascension_level":1}