{"gold_per_floor":[112,125,23,38,38,67,80,80,131,147,147,163,163,206,206,206],"floor_reached":16,"playtime":911,"items_purged":[],"score":185,"play_id":"d072950a-2ced-45dd-855f-a9fb78c8715b","local_time":"20190211192520","is_ascension_mode":true,"campfire_choices":[{"floor":8,"key":"REST"},{"floor":15,"key":"REST"}],"neow_cost":"NONE","seed_source_timestamp":2015716637531012,"circlet_count":0,"master_deck":["AscendersBane","Strike_B","Strike_B","Strike_B","Defend_B","Defend_B","Defend_B","Defend_B","Zap","Dualcast","Cold Snap","Electrodynamics","Coolheaded","Sweeping Beam","Turbo","Cold Snap","Streamline","Cold Snap"],"relics":["Cracked Core","NeowsBlessing","The Courier","Bag of Preparation","Orichalcum","Golden Idol","Strawberry"],"potions_floor_usage":[14],"damage_taken":[{"damage":0,"enemies":"Small Slimes","floor":1,"turns":1},{"damage":0,"enemies":"Jaw Worm","floor":2,"turns":1},{"damage":0,"enemies":"2 Louse","floor":4,"turns":1},{"damage":23,"enemies":"Gremlin Nob","floor":6,"turns":4},{"damage":6,"enemies":"Blue Slaver","floor":7,"turns":2},{"damage":4,"enemies":"Red Slaver","floor":10,"turns":2},{"damage":2,"enemies":"Looter","floor":12,"turns":3},{"damage":2,"enemies":"3 Sentries","floor":14,"turns":3},{"damage":51,"enemies":"Slime Boss","floor":16,"turns":8}],"seed_played":"9062905357034531707","potions_obtained":[{"floor":1,"key":"SteroidPotion"},{"floor":4,"key":"SkillPotion"}],"is_trial":false,"path_per_floor":["M","M","$","M","?","E","M","R","T","M","?","M","?","E","R","B"],"character_chosen":"DEFECT","items_purchased":["Coolheaded","Sweeping Beam"],"campfire_rested":2,"item_purchase_floors":[3,3],"current_hp_per_floor":[68,68,68,68,43,20,14,36,36,32,32,30,23,28,50,0],"gold":206,"neow_bonus":"THREE_ENEMY_KILL","is_prod":false,"is_daily":false,"chose_seed":false,"campfire_upgraded":0,"win_rate":0,"timestamp":1549913120,"path_taken":["M","M","$","M","?","E","M","R","T","M","?","M","?","E","R","BOSS"],"build_version":"2019-01-23","purchased_purges":0,"victory":false,"max_hp_per_floor":[75,75,75,75,75,75,75,75,75,75,69,69,69,76,76,76],"card_choices":[{"not_picked":["Recycle","Ball Lightning"],"picked":"Cold Snap","floor":1},{"not_picked":["Cold Snap","Barrage"],"picked":"Electrodynamics","floor":2},{"not_picked":["Sweeping Beam","Stack"],"picked":"Turbo","floor":4},{"not_picked":["Barrage","Doom and Gloom"],"picked":"Cold Snap","floor":6},{"not_picked":["Gash","Cold Snap"],"picked":"Streamline","floor":7},{"not_picked":["Streamline","Rainbow","Skim"],"picked":"SKIP","floor":10},{"not_picked":["Turbo","Scrape","Tempest"],"picked":"SKIP","floor":12},{"not_picked":["Compile Driver","Streamline"],"picked":"Cold Snap","floor":14}],"player_experience":1323118,"relics_obtained":[{"floor":6,"key":"Bag of Preparation"},{"floor":9,"key":"Orichalcum"},{"floor":14,"key":"Strawberry"}],"event_choices":[{"damage_healed":0,"gold_gain":0,"player_choice":"Success","damage_taken":25,"relics_obtained":["The Courier"],"max_hp_gain":0,"max_hp_loss":0,"event_name":"Scrap Ooze","floor":5,"gold_loss":0},{"damage_healed":0,"gold_gain":0,"player_choice":"Lose Max HP","damage_taken":0,"relics_obtained":["Golden Idol"],"max_hp_gain":0,"max_hp_loss":6,"event_name":"Golden Idol","floor":11,"gold_loss":0},{"cards_removed":["Strike_B"],"damage_healed":0,"gold_gain":0,"player_choice":"Card Removal","damage_taken":7,"max_hp_gain":0,"max_hp_loss":0,"event_name":"Golden Wing","floor":13,"gold_loss":0}],"is_beta":false,"boss_relics":[],"items_purged_floors":[],"is_endless":false,"potions_floor_spawned":[1,4,6,12],"killed_by":"Slime Boss","ascension_level":13}