{"gold_per_floor":[110,130,142,142,165,165,201,201,224,238,238,278,303,316,316,440,440,456,481,334,358,373,373,391,391,391,406,420,443,443,118,118,118],"floor_reached":33,"playtime":1819,"items_purged":["Strike_G","Strike_G"],"score":410,"play_id":"45e1bf25-319b-4747-9aa5-276843e23775","local_time":"20190107182528","is_ascension_mode":true,"campfire_choices":[{"data":"Footwork","floor":6,"key":"SMITH"},{"data":"Replay:Poison Smokescreen","floor":8,"key":"SMITH"},{"data":"After Image","floor":11,"key":"SMITH"},{"data":"Deadly Poison","floor":15,"key":"SMITH"},{"floor":23,"key":"REST"},{"floor":32,"key":"REST"}],"neow_cost":"NONE","seed_source_timestamp":154456210819563,"circlet_count":0,"master_deck":["Defend_G","Defend_G","Defend_G","Defend_G","Defend_G","Strike_G","Strike_G","Strike_G","Survivor","Neutralize","Dramatic Entrance","Dagger Spray","Footwork+1","Replay:Poison Smokescreen+1","After Image+1","Dash","Deadly Poison+1","Corpse Explosion","Backflip+1","Footwork","Catalyst","Deflect","Crippling Poison+1"],"relics":["Ring of the Snake","Golden Idol","Replay:Rubber Ducky","Anchor","Omamori","Runic Pyramid","Bronze Scales","ReplayTheSpireMod:CursedCoin","Toxic Egg 2","Vajra","Membership Card","Lantern"],"potions_floor_usage":[12,31,33],"damage_taken":[{"damage":1,"enemies":"Jaw Worm","floor":1,"turns":5},{"damage":0,"enemies":"Small Slimes","floor":2,"turns":2},{"damage":0,"enemies":"Cultist","floor":3,"turns":4},{"damage":1,"enemies":"3 Louse","floor":5,"turns":3},{"damage":29,"enemies":"Erikyupuro","floor":7,"turns":9},{"damage":0,"enemies":"Exordium Thugs","floor":10,"turns":5},{"damage":16,"enemies":"Gremlin Nob","floor":12,"turns":7},{"damage":0,"enemies":"Blue Slaver","floor":13,"turns":4},{"damage":0,"enemies":"Red Slaver","floor":14,"turns":3},{"damage":0,"enemies":"Hexaghost","floor":16,"turns":9},{"damage":19,"enemies":"2 Thieves","floor":18,"turns":4},{"damage":2,"enemies":"Chosen","floor":19,"turns":6},{"damage":26,"enemies":"Sentry and Sphere","floor":21,"turns":8},{"damage":1,"enemies":"Shelled Parasite and Fungi","floor":22,"turns":4},{"damage":0,"enemies":"Centurion and Healer","floor":24,"turns":6},{"damage":5,"enemies":"Snecko","floor":27,"turns":6},{"damage":0,"enemies":"Chosen and Byrds","floor":28,"turns":5},{"damage":1,"enemies":"Centurion and Healer","floor":29,"turns":5},{"damage":59,"enemies":"Collector","floor":33,"turns":7}],"seed_played":"-2295101487606439027","potions_obtained":[{"floor":3,"key":"Weak Potion"},{"floor":5,"key":"Swift Potion"},{"floor":10,"key":"GhostInAJar"},{"floor":14,"key":"GhostInAJar"},{"floor":16,"key":"AttackPotion"},{"floor":29,"key":"Fruit Juice"}],"is_trial":false,"path_per_floor":["M","M","M","?","M","R","E","R","T","M","R","E","M","M","R","B",null,"M","M","$","M","M","R","M","?","T","M","M","M","?","$","R","B"],"character_chosen":"THE_SILENT","items_purchased":["Footwork","Bronze Scales","ReplayTheSpireMod:CursedCoin","Membership Card","Lantern"],"campfire_rested":2,"item_purchase_floors":[20,20,20,31,31],"current_hp_per_floor":[62,62,62,62,61,61,32,32,32,32,32,16,16,16,16,16,53,34,32,32,6,5,24,24,24,24,19,19,18,18,23,44,0],"gold":118,"neow_bonus":"RANDOM_COLORLESS","is_prod":false,"is_daily":false,"chose_seed":false,"campfire_upgraded":4,"win_rate":0,"timestamp":1546907128,"path_taken":["M","M","M","?","M","R","E","R","T","M","R","E","M","M","R","BOSS","M","M","$","M","M","R","M","?","T","M","M","M","?","$","R","BOSS"],"build_version":"2019-01-03v4","purchased_purges":2,"victory":false,"max_hp_per_floor":[70,70,70,65,65,65,65,65,65,65,65,65,65,65,65,65,65,65,65,65,65,65,65,65,65,65,65,65,65,65,70,70,70],"card_choices":[{"not_picked":["Poisoned Stab","Dagger Throw"],"picked":"Dagger Spray","floor":1},{"not_picked":["Leg Sweep","Dagger Spray"],"picked":"Footwork","floor":2},{"not_picked":["Slice","ReplayTheSpireMod:Shiv Toss","Bane"],"picked":"SKIP","floor":3},{"not_picked":["Dagger Throw","Dodge and Roll"],"picked":"Replay:Poison Smokescreen","floor":5},{"not_picked":["Bane","Calculated Gamble"],"picked":"After Image","floor":7},{"not_picked":["Footwork","Riddle With Holes"],"picked":"Dash","floor":10},{"not_picked":["Predator","Acrobatics","Sneak Up"],"picked":"SKIP","floor":12},{"not_picked":["Eviscerate","Prepared"],"picked":"Deadly Poison","floor":13},{"not_picked":["Sucker Punch","Dagger Spray","ReplayTheSpireMod:Shiv Toss"],"picked":"SKIP","floor":14},{"not_picked":["Atom Bomb","Venomology"],"picked":"Corpse Explosion","floor":16},{"not_picked":["Quick Slash+1","Draining Mist+1"],"picked":"Backflip+1","floor":18},{"not_picked":["Tactician","Blade Dance","Flying Knee"],"picked":"SKIP","floor":19},{"not_picked":["Fluid Movement","Prepared"],"picked":"Catalyst","floor":21},{"not_picked":["Draining Mist","Tactician"],"picked":"Deflect","floor":22},{"not_picked":["Predator","Deflect","All Out Attack"],"picked":"SKIP","floor":24},{"not_picked":["Dagger Throw","Sucker Punch","Dagger Spray"],"picked":"SKIP","floor":27},{"not_picked":["Replay:Poison Smokescreen+1","Slice"],"picked":"Crippling Poison+1","floor":28},{"not_picked":["Poisoned Stab","Dagger Throw","Hidden Blade+1"],"picked":"SKIP","floor":29}],"player_experience":127726,"relics_obtained":[{"floor":7,"key":"Replay:Rubber Ducky"},{"floor":9,"key":"Anchor"},{"floor":12,"key":"Omamori"},{"floor":26,"key":"Toxic Egg 2"}],"event_choices":[{"damage_healed":0,"gold_gain":0,"player_choice":"Lose Max HP","damage_taken":0,"relics_obtained":["Golden Idol"],"max_hp_gain":0,"max_hp_loss":5,"event_name":"Golden Idol","floor":4,"gold_loss":0},{"damage_healed":0,"gold_gain":0,"player_choice":"Ignored","damage_taken":0,"max_hp_gain":0,"max_hp_loss":0,"event_name":"Ghosts","floor":25,"gold_loss":0}],"is_beta":false,"boss_relics":[{"not_picked":["Pandora\u0027s Box","Snecko Scales"],"picked":"Runic Pyramid"}],"items_purged_floors":[20,31],"is_endless":false,"potions_floor_spawned":[3,5,10,14,16,24,27,28,29],"killed_by":"Collector","ascension_level":6}