{"gold_per_floor":[10,10,10,10,22,22,50,50,73,100,100,129,140,159,159,264,264,278,193,193,118,130,130,160,180,205,9,9,26,26,26,26,125,125,145,191,191,39,52,52,52],"floor_reached":41,"playtime":6931,"items_purged":["Regret"],"score":446,"play_id":"c3c8f6e1-4f5d-4e88-af11-0fad5be6c01d","local_time":"20190205123637","is_ascension_mode":true,"campfire_choices":[{"floor":6.0,"key":"RECALL"},{"floor":11.0,"key":"REST"},{"floor":15.0,"key":"REST"},{"floor":23,"key":"REST"},{"floor":28,"key":"REST"},{"data":"Barricade","floor":32,"key":"SMITH"},{"floor":40,"key":"REST"}],"neow_cost":"NO_GOLD","seed_source_timestamp":0,"circlet_count":0,"master_deck":["Strike_R","Strike_R","Strike_R","Strike_R","Strike_R","Defend_R","Defend_R","Defend_R","Defend_R","Bash","Shockwave","Reckless Charge","Hemokinesis","Double Tap","Spot Weakness","Inflame","Feed","Barricade+1","Rage+1","Juggernaut","Metallicize","Shockwave+1","Warcry"],"special_seed":0,"relics":["Burning Blood","Champion Belt","Kunai","Self Forming Clay","Bag of Marbles","Ornamental Fan","Lizard Tail","Peace Pipe","Thread and Needle","Bronze Scales","MealTicket","Runic Cube","Magic Flower","Dream Catcher"],"potions_floor_usage":[18,29,33,36,41],"damage_taken":[{"damage":2.0,"enemies":"Small Slimes","floor":1.0,"turns":4.0},{"damage":16.0,"enemies":"2 Louse","floor":5.0,"turns":4.0},{"damage":30.0,"enemies":"Gremlin Nob","floor":7.0,"turns":5.0},{"damage":51.0,"enemies":"3 Sentries","floor":10.0,"turns":10.0},{"damage":26.0,"enemies":"Lagavulin","floor":12.0,"turns":7.0},{"damage":6.0,"enemies":"Jaw Worm","floor":13.0,"turns":3.0},{"damage":14.0,"enemies":"Large Slime","floor":14.0,"turns":8.0},{"damage":51.0,"enemies":"The Guardian","floor":16.0,"turns":11.0},{"damage":10,"enemies":"Chosen","floor":18,"turns":6},{"damage":32,"enemies":"Spheric Guardian","floor":22,"turns":6},{"damage":43,"enemies":"Book of Stabbing","floor":24,"turns":6},{"damage":16,"enemies":"Shelled Parasite and Fungi","floor":25,"turns":7},{"damage":15,"enemies":"Chosen and Byrds","floor":29,"turns":5},{"damage":108,"enemies":"Automaton","floor":33,"turns":16},{"damage":25,"enemies":"Orb Walker","floor":35,"turns":5},{"damage":48,"enemies":"2 Orb Walkers","floor":36,"turns":5},{"damage":21,"enemies":"3 Darklings","floor":39,"turns":11},{"damage":83,"enemies":"Reptomancer","floor":41,"turns":8}],"seed_played":"-7012494139275967376","potions_obtained":[{"floor":10.0,"key":"PowerPotion"},{"floor":12.0,"key":"Regen Potion"},{"floor":14.0,"key":"FearPotion"},{"floor":16.0,"key":"Swift Potion"},{"floor":25,"key":"Strength Potion"},{"floor":29,"key":"Fire Potion"},{"floor":33,"key":"FearPotion"},{"floor":39,"key":"AttackPotion"}],"is_trial":false,"path_per_floor":["M","?","?","?","M","R","E","?","T","E","R","E","M","M","R","B",null,"M","?","?","$","M","R","E","M","T","$","R","M","$","?","R","B",null,"M","?","?","$","M","R","E"],"character_chosen":"IRONCLAD","items_purchased":["MealTicket","Dream Catcher"],"campfire_rested":5,"item_purchase_floors":[27,38],"current_hp_per_floor":[80,80,80,80,70,70,46,80,80,35,59,39,39,31,55,19,80,76,76,61,61,35,60,26,19,19,19,46,40,55,94,94,47,94,75,33,33,48,36,64,0],"gold":52,"neow_bonus":"ONE_RARE_RELIC","is_prod":false,"is_daily":false,"chose_seed":false,"campfire_upgraded":1,"win_rate":0,"timestamp":1549366597,"path_taken":["M","?","?","?","?","R","E","?","T","E","R","E","?","M","R","BOSS","M","?","?","$","M","R","E","M","T","$","R","M","$","?","R","BOSS","M","?","?","$","M","R","E"],"build_version":"2019-01-23","purchased_purges":1,"victory":false,"max_hp_per_floor":[80,80,80,80,80,80,80,80,80,80,80,80,80,80,80,80,80,80,80,85,85,85,85,88,91,91,91,91,94,94,94,94,94,94,94,94,94,94,94,94,94],"card_choices":[{"not_picked":["Armaments","Sword Boomerang"],"picked":"Reckless Charge","floor":1.0},{"not_picked":["Sword Boomerang","Wild Strike"],"picked":"Reckless Charge","floor":5.0},{"not_picked":["Carnage","Shockwave"],"picked":"Hemokinesis","floor":7.0},{"not_picked":["Second Wind","Iron Wave"],"picked":"Bloodletting","floor":10.0},{"not_picked":["Carnage","Twin Strike"],"picked":"Double Tap","floor":12.0},{"not_picked":["Clash","Pommel Strike"],"picked":"Spot Weakness","floor":13.0},{"not_picked":["Shrug It Off","Clash"],"picked":"Inflame","floor":14.0},{"not_picked":["Fiend Fire","Berserk"],"picked":"Feed","floor":16.0},{"not_picked":["Wild Strike","Twin Strike","Flex"],"picked":"SKIP","floor":18},{"not_picked":["Sword Boomerang","Carnage"],"picked":"Barricade","floor":22},{"not_picked":["Sword Boomerang+1","Perfected Strike","Flex"],"picked":"SKIP","floor":24},{"not_picked":["Cleave","Burning Pact+1","True Grit+1"],"picked":"SKIP","floor":25},{"not_picked":["Iron Wave+1","Feel No Pain"],"picked":"Rage+1","floor":29},{"not_picked":["Berserk","Reaper"],"picked":"Juggernaut","floor":33},{"not_picked":["Corruption+1","Hemokinesis"],"picked":"Metallicize","floor":35},{"not_picked":["Clothesline","Spot Weakness+1"],"picked":"Shockwave+1","floor":36},{"not_picked":["Ghostly Armor","Thunderclap+1","Searing Blow"],"picked":"SKIP","floor":39},{"not_picked":["Armaments","Shrug It Off+1"],"picked":"Warcry","floor":40}],"player_experience":146046,"relics_obtained":[{"floor":7.0,"key":"Self Forming Clay"},{"floor":10.0,"key":"Bag of Marbles"},{"floor":12.0,"key":"Ornamental Fan"},{"floor":24,"key":"Thread and Needle"},{"floor":26,"key":"Bronze Scales"},{"floor":36,"key":"Magic Flower"}],"event_choices":[{"damage_healed":0.0,"max_hp_gain":0.0,"max_hp_loss":0.0,"gold_gain":0.0,"event_name":"The Cleric","player_choice":"Leave","floor":2.0,"gold_loss":0.0,"damage_taken":0.0},{"damage_healed":0.0,"max_hp_gain":0.0,"max_hp_loss":0.0,"gold_gain":0.0,"cards_transformed":["Reckless Charge"],"event_name":"Living Wall","player_choice":"Change","floor":3.0,"gold_loss":0.0,"damage_taken":0.0,"cards_obtained":["Shockwave"]},{"damage_healed":0.0,"max_hp_gain":0.0,"max_hp_loss":0.0,"gold_gain":0.0,"event_name":"Big Fish","player_choice":"Box","floor":4.0,"gold_loss":0.0,"damage_taken":0.0,"relics_obtained":["Kunai"],"cards_obtained":["Regret"]},{"damage_healed":34.0,"max_hp_gain":0.0,"max_hp_loss":0.0,"gold_gain":0.0,"event_name":"Wheel of Change","player_choice":"Full Heal","floor":8.0,"gold_loss":0.0,"damage_taken":0.0},{"damage_healed":0,"gold_gain":0,"player_choice":"Obtained Relic","damage_taken":0,"relics_obtained":["Peace Pipe"],"max_hp_gain":0,"max_hp_loss":0,"event_name":"Addict","floor":19,"gold_loss":85},{"damage_healed":0,"gold_gain":0,"player_choice":"Shed Blood","damage_taken":20,"max_hp_gain":5,"max_hp_loss":0,"event_name":"Forgotten Altar","floor":20,"gold_loss":0},{"cards_removed":["Bloodletting"],"damage_healed":39,"gold_gain":0,"player_choice":"Offered Uncommon","damage_taken":0,"max_hp_gain":0,"max_hp_loss":0,"event_name":"Bonfire Elementals","floor":31,"gold_loss":0},{"damage_healed":0,"gold_gain":0,"player_choice":"Fight","damage_taken":0,"max_hp_gain":0,"max_hp_loss":0,"event_name":"Mysterious Sphere","floor":36,"gold_loss":0},{"damage_healed":0,"gold_gain":0,"player_choice":"Ignored","damage_taken":0,"max_hp_gain":0,"max_hp_loss":0,"event_name":"Tomb of Lord Red Mask","floor":37,"gold_loss":0}],"is_beta":false,"boss_relics":[{"not_picked":["Tiny House","Sozu"],"picked":"Lizard Tail"},{"not_picked":["White Beast Statue","Busted Crown"],"picked":"Runic Cube"}],"items_purged_floors":[21],"is_endless":false,"potions_floor_spawned":[10,12,14,16,25,29,33,39],"killed_by":"Reptomancer","ascension_level":1}