{"gold_per_floor":[116,133,308,308,19,52,52,66,66,93,93,113,36,36,36,133,133,144,59,59,59,112,112],"floor_reached":23,"playtime":1375,"items_purged":["Doubt"],"score":330,"play_id":"b4816491-b201-4e38-a72a-7559d37a1b48","local_time":"20190102195259","is_ascension_mode":true,"campfire_choices":[{"data":"Streamline","floor":7,"key":"SMITH"},{"floor":15,"key":"REST"}],"neow_cost":"NONE","seed_source_timestamp":1199858984708042,"circlet_count":0,"master_deck":["AscendersBane","Strike_B","Defend_B","Defend_B","Defend_B","Defend_B","Zap","Dualcast","Beam Cell","Coolheaded","Biased Cognition","Streamline+1","Glacier","Cold Snap","Seek","Go for the Eyes","Sweeping Beam","Gash","BootSequence","Creative AI","Self Repair+1"],"relics":["Cracked Core","NeowsBlessing","Runic Capacitor","Juzu Bracelet","Bottled Tornado","Bronze Scales","Sozu","Incense Burner","Dream Catcher"],"potions_floor_usage":[16,16],"damage_taken":[{"damage":0,"enemies":"Jaw Worm","floor":1,"turns":1},{"damage":0,"enemies":"2 Louse","floor":2,"turns":1},{"damage":0,"enemies":"3 Sentries","floor":6,"turns":1},{"damage":0,"enemies":"Small Slimes","floor":8,"turns":3},{"damage":16,"enemies":"Lagavulin","floor":10,"turns":6},{"damage":2,"enemies":"Red Slaver","floor":12,"turns":2},{"damage":39,"enemies":"Hexaghost","floor":16,"turns":10},{"damage":10,"enemies":"Chosen","floor":18,"turns":5},{"damage":25,"enemies":"Colosseum Slavers","floor":20,"turns":5},{"damage":50,"enemies":"Gremlin Leader","floor":23,"turns":8}],"seed_played":"5643709368094894927","potions_obtained":[{"floor":1,"key":"Fire Potion"},{"floor":2,"key":"Explosive Potion"}],"is_trial":false,"path_per_floor":["M","M","?","?","$","E","R","M","T","E","?","M","$","?","R","B",null,"M","?","?","?","T","E"],"character_chosen":"DEFECT","items_purchased":["Streamline","Runic Capacitor","Sweeping Beam","Gash"],"campfire_rested":1,"item_purchase_floors":[5,5,13,13],"current_hp_per_floor":[68,68,68,68,68,68,68,68,68,52,45,43,43,43,65,26,63,53,53,38,38,38,0],"gold":112,"neow_bonus":"THREE_ENEMY_KILL","is_prod":false,"is_daily":false,"chose_seed":false,"campfire_upgraded":1,"win_rate":0,"timestamp":1546458779,"path_taken":["M","M","?","?","$","E","R","M","T","E","?","M","$","?","R","BOSS","M","?","?","?","?","E"],"build_version":"2018-12-20","purchased_purges":1,"victory":false,"max_hp_per_floor":[75,75,75,75,75,75,75,75,75,75,75,75,75,75,75,75,75,75,75,75,75,75,75],"card_choices":[{"not_picked":["Reprogram","Scrape"],"picked":"Beam Cell","floor":1},{"not_picked":["Steam","Turbo"],"picked":"Coolheaded","floor":2},{"not_picked":["Doom and Gloom","Leap"],"picked":"Glacier","floor":6},{"not_picked":["Compile Driver","Leap"],"picked":"Cold Snap","floor":8},{"not_picked":["Streamline","BootSequence"],"picked":"Seek","floor":10},{"not_picked":["Compile Driver","Streamline"],"picked":"Go for the Eyes","floor":12},{"not_picked":["Seek","Amplify"],"picked":"Creative AI","floor":16},{"not_picked":["Beam Cell+1","Hologram"],"picked":"Self Repair+1","floor":18}],"player_experience":1119082,"relics_obtained":[{"floor":6,"key":"Juzu Bracelet"},{"floor":9,"key":"Bottled Tornado"},{"floor":10,"key":"Bronze Scales"},{"floor":22,"key":"Dream Catcher"}],"event_choices":[{"damage_healed":0,"gold_gain":175,"player_choice":"AGREE","damage_taken":0,"max_hp_gain":0,"max_hp_loss":0,"event_name":"Liars Game","floor":3,"gold_loss":0,"cards_obtained":["Doubt"]},{"damage_healed":0,"gold_gain":0,"cards_transformed":["Strike_B"],"player_choice":"Change","damage_taken":0,"max_hp_gain":0,"max_hp_loss":0,"event_name":"Living Wall","floor":4,"gold_loss":0,"cards_obtained":["Biased Cognition"]},{"cards_removed":["Strike_B"],"damage_healed":0,"gold_gain":0,"player_choice":"Card Removal","damage_taken":7,"max_hp_gain":0,"max_hp_loss":0,"event_name":"Golden Wing","floor":11,"gold_loss":0},{"damage_healed":0,"gold_gain":0,"cards_transformed":["Strike_B"],"player_choice":"Transformed","damage_taken":0,"max_hp_gain":0,"max_hp_loss":0,"event_name":"Transmorgrifier","floor":14,"gold_loss":0,"cards_obtained":["BootSequence"]},{"damage_healed":0,"gold_gain":0,"player_choice":"Obtained Relic","damage_taken":0,"relics_obtained":["Incense Burner"],"max_hp_gain":0,"max_hp_loss":0,"event_name":"Addict","floor":19,"gold_loss":85},{"damage_healed":0,"gold_gain":0,"player_choice":"Fight","damage_taken":0,"max_hp_gain":0,"max_hp_loss":0,"event_name":"Colosseum","floor":20,"gold_loss":0},{"damage_healed":0,"gold_gain":0,"player_choice":"Fled From Nobs","damage_taken":0,"max_hp_gain":0,"max_hp_loss":0,"event_name":"Colosseum","floor":20,"gold_loss":0},{"damage_healed":0,"gold_gain":0,"player_choice":"Ignored","damage_taken":0,"max_hp_gain":0,"max_hp_loss":0,"event_name":"Beggar","floor":21,"gold_loss":0}],"is_beta":false,"boss_relics":[{"not_picked":["Calling Bell","Ectoplasm"],"picked":"Sozu"}],"items_purged_floors":[5],"is_endless":false,"potions_floor_spawned":[1,2],"killed_by":"Gremlin Leader","ascension_level":10}