{"gold_per_floor":[109,109,129,139,139,139,174,194,221,249,249,284,284,284,284,415,415,436,457,478,492,83,83,83],"floor_reached":24,"playtime":2018,"items_purged":["Defend_B"],"score":216,"play_id":"1b7bdfe4-6390-4361-9aa1-0648b43c061d","local_time":"20190131171442","is_ascension_mode":false,"campfire_choices":[{"floor":6,"key":"RECALL"},{"floor":11,"key":"REST"},{"floor":13,"key":"REST"},{"floor":15,"key":"REST"},{"floor":23,"key":"REST"}],"neow_cost":"NONE","seed_source_timestamp":401420834146429,"circlet_count":0,"master_deck":["Strike_B","Strike_B","Strike_B","Strike_B","Defend_B","Defend_B","Defend_B","Zap","Dualcast+1","Leap","Coolheaded","Capacitor","Melter","Auto Shields","Conserve Battery","Machine Learning","BootSequence","Hologram+1","Lockon","Core Surge"],"relics":["Cracked Core","Centennial Puzzle","Omamori","Smiling Mask","Golden Idol","Nuclear Battery","Runic Capacitor"],"potions_floor_usage":[10,10,10,16,21],"damage_taken":[{"damage":0,"enemies":"2 Louse","floor":1,"turns":3},{"damage":0,"enemies":"Cultist","floor":3,"turns":4},{"damage":0,"enemies":"Jaw Worm","floor":4,"turns":3},{"damage":33,"enemies":"3 Sentries","floor":7,"turns":10},{"damage":9,"enemies":"3 Louse","floor":8,"turns":4},{"damage":19,"enemies":"Gremlin Nob","floor":10,"turns":4},{"damage":11,"enemies":"Lagavulin","floor":12,"turns":11},{"damage":40,"enemies":"Hexaghost","floor":16,"turns":16},{"damage":7,"enemies":"Shell Parasite","floor":18,"turns":7},{"damage":21,"enemies":"3 Byrds","floor":19,"turns":7},{"damage":18,"enemies":"Snecko","floor":20,"turns":8},{"damage":11,"enemies":"Centurion and Healer","floor":21,"turns":12},{"damage":50,"enemies":"Book of Stabbing","floor":24,"turns":8}],"seed_played":"-2230514417050582179","potions_obtained":[{"floor":1,"key":"Strength Potion"},{"floor":7,"key":"SkillPotion"},{"floor":8,"key":"SpeedPotion"},{"floor":12,"key":"FearPotion"},{"floor":19,"key":"PowerPotion"}],"is_trial":false,"path_per_floor":["M","?","M","M","?","R","E","M","T","E","R","E","R","?","R","B",null,"M","M","M","M","$","R","E"],"character_chosen":"DEFECT","items_purchased":["Core Surge","Runic Capacitor"],"campfire_rested":4,"item_purchase_floors":[22,22],"current_hp_per_floor":[75,75,75,75,80,80,47,38,38,19,43,32,56,36,60,20,80,73,52,34,23,23,47,0],"gold":83,"neow_bonus":"THREE_CARDS","is_prod":false,"is_daily":false,"chose_seed":false,"campfire_upgraded":0,"win_rate":0,"timestamp":1548962082,"path_taken":["M","?","?","?","?","R","E","M","T","E","R","E","R","?","R","BOSS","M","M","M","M","$","R","E"],"build_version":"2019-01-23","purchased_purges":1,"victory":false,"max_hp_per_floor":[75,75,75,75,80,80,80,80,80,80,80,80,80,80,80,80,80,80,80,80,80,80,80,80],"card_choices":[{"not_picked":["Beam Cell","Stack"],"picked":"Leap","floor":0},{"not_picked":["Aggregate","Compile Driver"],"picked":"Coolheaded","floor":1},{"not_picked":["Consume","Turbo"],"picked":"Capacitor","floor":3},{"not_picked":["Barrage","Rebound"],"picked":"Melter","floor":4},{"not_picked":["Heatsinks","Rebound"],"picked":"Auto Shields","floor":7},{"not_picked":["Compile Driver","Sweeping Beam","Steam"],"picked":"SKIP","floor":8},{"not_picked":["Auto Shields","Leap"],"picked":"Conserve Battery","floor":10},{"not_picked":["Barrage","Aggregate","Hologram"],"picked":"SKIP","floor":12},{"not_picked":["Fission","All For One"],"picked":"Machine Learning","floor":16},{"not_picked":["Go for the Eyes","Streamline","BootSequence"],"picked":"SKIP","floor":18},{"not_picked":["Go for the Eyes","Streamline"],"picked":"BootSequence","floor":18},{"not_picked":["Steam","Go for the Eyes"],"picked":"Hologram+1","floor":19},{"not_picked":["Barrage","Coolheaded"],"picked":"Lockon","floor":20},{"not_picked":["Streamline","Leap+1","Compile Driver"],"picked":"SKIP","floor":21}],"player_experience":340285,"relics_obtained":[{"floor":7,"key":"Centennial Puzzle"},{"floor":10,"key":"Omamori"},{"floor":12,"key":"Smiling Mask"}],"event_choices":[{"damage_healed":0,"gold_gain":0,"player_choice":"Forge","damage_taken":0,"max_hp_gain":0,"max_hp_loss":0,"event_name":"Accursed Blacksmith","floor":2,"gold_loss":0,"cards_upgraded":["Dualcast"]},{"damage_healed":0,"gold_gain":0,"player_choice":"Donut","damage_taken":0,"max_hp_gain":5,"max_hp_loss":0,"event_name":"Big Fish","floor":5,"gold_loss":0},{"damage_healed":0,"gold_gain":0,"player_choice":"Take Damage","damage_taken":20,"relics_obtained":["Golden Idol"],"max_hp_gain":0,"max_hp_loss":0,"event_name":"Golden Idol","floor":14,"gold_loss":0}],"is_beta":false,"boss_relics":[{"not_picked":["Snecko Eye","Runic Dome"],"picked":"Nuclear Battery"}],"items_purged_floors":[22],"is_endless":false,"potions_floor_spawned":[1,7,8,12,19],"killed_by":"Book of Stabbing","ascension_level":0}