{"gold_per_floor":[118,193,19,33,45,79,79,95,95,122,134,159,182,214,226,333,345,375,403,415,427,439,92,92,102,126,152,168,168,168,168,168,264,264,281,134,154,164,178,178,209,209,235,247,247,247,0,19,19,19],"floor_reached":50,"playtime":4374,"items_purged":["Strike_B"],"score":794,"play_id":"eb670780-802f-455d-9c2e-0253abea6f5f","local_time":"20181203001206","is_ascension_mode":true,"campfire_choices":[{"floor":11,"key":"REST"},{"floor":15,"key":"REST"},{"floor":24,"key":"REST"},{"floor":29,"key":"REST"},{"floor":32,"key":"REST"},{"floor":40,"key":"REST"},{"floor":42,"key":"REST"},{"floor":46,"key":"REST"},{"data":"Metamorphosis","floor":49,"key":"SMITH"}],"neow_cost":"NONE","seed_source_timestamp":173234112935543,"circlet_count":0,"master_deck":["Dualcast","Rip and Tear","Sweeping Beam","Self Repair","Conserve Battery","Rebound","White Noise","Beam Cell","Defragment","Melter","Rip and Tear","Ball Lightning","Cold Snap","Capacitor","All For One","Turbo","Undo","Auto Shields","Cold Snap","Ball Lightning","Aggregate","Ball Lightning","Coolheaded+1","Conserve Battery","Metamorphosis+1","Gash","Conserve Battery","Blind","Glacier","Beam Cell+1","Conserve Battery+1","Cold Snap","Melter","Core Surge","Steam+1","FTL","Leap","Sweeping Beam","Beam Cell","Gash+1","Hologram+1","Madness","Madness","Go for the Eyes"],"relics":["Cracked Core","Dream Catcher","MawBank","Pandora\u0027s Box","Pocketwatch","Ancient Tea Set","Meat on the Bone","Busted Crown","Pantograph","Art of War","Red Mask"],"potions_floor_usage":[6,6,12,27,27,33,33,33,37,39,41,50],"damage_taken":[{"damage":3,"enemies":"2 Louse","floor":1,"turns":3},{"damage":0,"enemies":"Small Slimes","floor":4,"turns":3},{"damage":7,"enemies":"Jaw Worm","floor":5,"turns":3},{"damage":15,"enemies":"3 Sentries","floor":6,"turns":4},{"damage":9,"enemies":"Red Slaver","floor":8,"turns":4},{"damage":33,"enemies":"Gremlin Gang","floor":10,"turns":4},{"damage":0,"enemies":"3 Louse","floor":12,"turns":2},{"damage":5,"enemies":"2 Fungi Beasts","floor":13,"turns":2},{"damage":23,"enemies":"Gremlin Gang","floor":14,"turns":4},{"damage":35,"enemies":"Slime Boss","floor":16,"turns":9},{"damage":0,"enemies":"Spheric Guardian","floor":18,"turns":2},{"damage":15,"enemies":"2 Thieves","floor":19,"turns":4},{"damage":23,"enemies":"Snecko","floor":25,"turns":5},{"damage":31,"enemies":"Book of Stabbing","floor":27,"turns":6},{"damage":0,"enemies":"Sentry and Sphere","floor":28,"turns":2},{"damage":21,"enemies":"Champ","floor":33,"turns":9},{"damage":32,"enemies":"3 Shapes","floor":35,"turns":4},{"damage":23,"enemies":"3 Darklings","floor":37,"turns":7},{"damage":12,"enemies":"Jaw Worm Horde","floor":38,"turns":5},{"damage":12,"enemies":"Transient","floor":39,"turns":5},{"damage":36,"enemies":"Giant Head","floor":41,"turns":8},{"damage":50,"enemies":"3 Darklings","floor":44,"turns":6},{"damage":0,"enemies":"4 Shapes","floor":48,"turns":3},{"damage":112,"enemies":"Time Eater","floor":50,"turns":10}],"seed_played":"-8838098534597069349","potions_obtained":[{"floor":1,"key":"AttackPotion"},{"floor":5,"key":"PowerPotion"},{"floor":10,"key":"FocusPotion"},{"floor":16,"key":"FocusPotion"},{"floor":18,"key":"Dexterity Potion"},{"floor":27,"key":"PowerPotion"},{"floor":31,"key":"LiquidBronze"},{"floor":31,"key":"Swift Potion"},{"floor":33,"key":"Strength Potion"},{"floor":35,"key":"Fruit Juice"},{"floor":38,"key":"Explosive Potion"},{"floor":39,"key":"Fire Potion"},{"floor":44,"key":"SneckoOil"}],"is_trial":false,"path_per_floor":["M","?","$","M","M","E","?","M","T","M","R","M","M","M","R","B",null,"M","M","?","?","T","$","R","M","T","E","M","R","?","?","R","B",null,"M","$","M","M","M","R","E","R","T","M","?","R","?","M","R","B"],"character_chosen":"DEFECT","items_purchased":["Sweeping Beam","Self Repair","Metamorphosis","Gash","Conserve Battery","Blind","FTL","Leap","Sweeping Beam"],"campfire_rested":8,"item_purchase_floors":[3,3,23,23,23,23,36,36,36],"current_hp_per_floor":[72,61,61,68,68,60,65,56,56,23,49,56,51,35,61,33,74,81,73,73,56,56,56,83,60,60,36,48,75,75,75,92,78,89,64,64,65,60,67,96,67,96,96,65,53,82,82,89,89,0],"gold":19,"neow_bonus":"TEN_PERCENT_HP_BONUS","is_prod":false,"is_daily":false,"chose_seed":false,"campfire_upgraded":1,"win_rate":0,"timestamp":1543795926,"path_taken":["M","?","$","M","M","E","?","M","T","M","R","M","M","M","R","BOSS","M","M","?","?","?","$","R","?","T","E","?","R","?","?","R","BOSS","M","$","M","M","?","R","E","R","T","M","?","R","?","M","R","BOSS"],"build_version":"2018-11-15","purchased_purges":1,"victory":false,"max_hp_per_floor":[82,82,82,82,82,82,87,87,87,87,87,87,87,87,87,87,87,87,87,87,92,92,92,92,92,92,92,92,92,92,92,92,92,92,92,92,97,97,97,97,97,97,97,97,97,97,97,97,97,97],"card_choices":[{"not_picked":["Aggregate","Recycle"],"picked":"Rip and Tear","floor":1},{"not_picked":["Doom and Gloom","Double Energy"],"picked":"Conserve Battery","floor":4},{"not_picked":["Turbo","White Noise"],"picked":"Rebound","floor":5},{"not_picked":["Steam","Genetic Algorithm"],"picked":"White Noise","floor":6},{"not_picked":["Double Energy","Fusion"],"picked":"Beam Cell","floor":8},{"not_picked":["Rebound","Go for the Eyes"],"picked":"Defragment","floor":10},{"not_picked":["Blizzard","Compile Driver"],"picked":"Melter","floor":11},{"not_picked":["Turbo","Multi-Cast"],"picked":"Rip and Tear","floor":12},{"not_picked":["Hologram","Genetic Algorithm"],"picked":"Ball Lightning","floor":13},{"not_picked":["Conserve Battery","Gash"],"picked":"Cold Snap","floor":14},{"not_picked":["Static Discharge","Conserve Battery"],"picked":"Capacitor","floor":15},{"not_picked":["Fission","Reboot"],"picked":"All For One","floor":16},{"not_picked":["Genetic Algorithm+1","Redo"],"picked":"Coolheaded+1","floor":18},{"not_picked":["Streamline+1","Heatsinks"],"picked":"Conserve Battery","floor":19},{"not_picked":["Coolheaded","Redo+1"],"picked":"Glacier","floor":24},{"not_picked":["Streamline","Conserve Battery"],"picked":"Beam Cell+1","floor":25},{"not_picked":["Steam Power","Barrage+1","Rebound+1"],"picked":"SKIP","floor":27},{"not_picked":["Streamline","Turbo"],"picked":"Conserve Battery+1","floor":28},{"not_picked":["Turbo+1","Recycle+1"],"picked":"Cold Snap","floor":29},{"not_picked":["Reinforced Body","Redo"],"picked":"Melter","floor":32},{"not_picked":["Biased Cognition","Fission"],"picked":"Core Surge","floor":33},{"not_picked":[],"picked":"Steam+1","floor":35},{"not_picked":["Rebound+1"],"picked":"SKIP","floor":37},{"not_picked":["Steam Power+1"],"picked":"SKIP","floor":38},{"not_picked":["Darkness"],"picked":"SKIP","floor":39},{"not_picked":[],"picked":"Beam Cell","floor":40},{"not_picked":["Ball Lightning"],"picked":"SKIP","floor":41},{"not_picked":[],"picked":"Gash+1","floor":42},{"not_picked":[],"picked":"Hologram+1","floor":44},{"not_picked":[],"picked":"Go for the Eyes","floor":48}],"player_experience":931649,"relics_obtained":[{"floor":6,"key":"Dream Catcher"},{"floor":9,"key":"MawBank"},{"floor":22,"key":"Pocketwatch"},{"floor":26,"key":"Ancient Tea Set"},{"floor":27,"key":"Meat on the Bone"},{"floor":41,"key":"Pantograph"},{"floor":43,"key":"Art of War"}],"event_choices":[{"damage_healed":0,"gold_gain":75,"player_choice":"Gather Gold","damage_taken":11,"max_hp_gain":0,"max_hp_loss":0,"event_name":"World of Goop","floor":2,"gold_loss":0},{"damage_healed":0,"gold_gain":0,"player_choice":"Donut","damage_taken":0,"max_hp_gain":5,"max_hp_loss":0,"event_name":"Big Fish","floor":7,"gold_loss":0},{"damage_healed":0,"gold_gain":0,"player_choice":"Ignored","damage_taken":0,"max_hp_gain":0,"max_hp_loss":0,"event_name":"Vampires","floor":20,"gold_loss":0},{"damage_healed":0,"gold_gain":0,"player_choice":"Shed Blood","damage_taken":22,"max_hp_gain":5,"max_hp_loss":0,"event_name":"Forgotten Altar","floor":21,"gold_loss":0},{"cards_removed":["Zap"],"damage_healed":0,"gold_gain":0,"player_choice":"Elegance","damage_taken":0,"max_hp_gain":0,"max_hp_loss":0,"event_name":"Back to Basics","floor":30,"gold_loss":0},{"damage_healed":0,"gold_gain":0,"player_choice":"Got Potions","damage_taken":0,"max_hp_gain":0,"max_hp_loss":0,"event_name":"Lab","floor":31,"gold_loss":0},{"damage_healed":0,"gold_gain":0,"player_choice":"Embrace Madness","damage_taken":12,"max_hp_gain":0,"max_hp_loss":0,"event_name":"Winding Halls","floor":45,"gold_loss":0,"cards_obtained":["Madness","Madness"]},{"damage_healed":0,"gold_gain":0,"player_choice":"Paid","damage_taken":0,"relics_obtained":["Red Mask"],"max_hp_gain":0,"max_hp_loss":0,"event_name":"Tomb of Lord Red Mask","floor":47,"gold_loss":247}],"is_beta":false,"boss_relics":[{"not_picked":["Eternal Feather","Ectoplasm"],"picked":"Pandora\u0027s Box"},{"not_picked":["Astrolabe","Coffee Dripper"],"picked":"Busted Crown"}],"items_purged_floors":[3],"is_endless":false,"potions_floor_spawned":[1,5,10,16,18,27,33,35,38,39,44],"killed_by":"Time Eater","ascension_level":9}