{"gold_per_floor":[116,130,30,50,50,50,72,88,88,88,115,131,131,149,149,250,250,268,283,283,283,293,293,293,293,293,41,55,55,155,165,165,165],"floor_reached":33,"playtime":2699,"items_purged":["Pain"],"score":247,"play_id":"807cdc68-ae36-425d-b96c-8db9b8e30443","local_time":"20181012135732","is_ascension_mode":false,"campfire_choices":[{"data":"Neutralize","floor":6.0,"key":"SMITH"},{"data":"All Out Attack","floor":10.0,"key":"SMITH"},{"data":"All Out Attack","floor":13.0,"key":"SMITH"},{"data":"Sucker Punch","floor":15.0,"key":"SMITH"},{"data":"Terror","floor":23.0,"key":"SMITH"},{"floor":29.0,"key":"REST"},{"data":"Catalyst","floor":32.0,"key":"SMITH"}],"neow_cost":"CURSE","seed_source_timestamp":0,"circlet_count":0,"master_deck":["Defend_G","Defend_G","Defend_G","Defend_G","Strike_G","Strike_G","Strike_G","Survivor","Neutralize+1","Deflect","Cloak And Dagger","Sucker Punch+1","Flying Knee","All Out Attack+1","Backstab","Adrenaline","Cloak And Dagger","All Out Attack+1","Envenom+1","Deadly Poison","Die Die Die","Deadly Poison","Terror+1","Dagger Spray","Calculated Gamble","Flying Knee+1","Writhe","Bouncing Flask","Outmaneuver","All Out Attack","Noxious Fumes","Prepared","Dash+1","Catalyst+1"],"special_seed":0,"relics":["Ring of the Snake","Tingsha","Odd Mushroom","PreservedInsect","Letter Opener","Orrery","Centennial Puzzle","Gambling Chip","Lantern"],"potions_floor_usage":[33],"damage_taken":[{"damage":1.0,"enemies":"2 Louse","floor":1.0,"turns":3.0},{"damage":3.0,"enemies":"Cultist","floor":2.0,"turns":5.0},{"damage":0.0,"enemies":"Jaw Worm","floor":4.0,"turns":4.0},{"damage":1.0,"enemies":"The Mushroom Lair","floor":7.0,"turns":4.0},{"damage":1.0,"enemies":"Blue Slaver","floor":8.0,"turns":3.0},{"damage":7.0,"enemies":"Gremlin Nob","floor":11.0,"turns":3.0},{"damage":0.0,"enemies":"3 Louse","floor":12.0,"turns":1.0},{"damage":0.0,"enemies":"Large Slime","floor":14.0,"turns":3.0},{"damage":10.0,"enemies":"Slime Boss","floor":16.0,"turns":8.0},{"damage":22.0,"enemies":"Spheric Guardian","floor":18.0,"turns":4.0},{"damage":3.0,"enemies":"2 Thieves","floor":19.0,"turns":2.0},{"damage":1.0,"enemies":"Cultist and Chosen","floor":22.0,"turns":6.0},{"damage":15.0,"enemies":"Snake Plant","floor":28.0,"turns":3.0},{"damage":8.0,"enemies":"Snecko","floor":31.0,"turns":4.0},{"damage":52,"enemies":"Champ","floor":33,"turns":9}],"seed_played":"3035667073217956438","potions_obtained":[{"floor":2.0,"key":"FearPotion"},{"floor":4.0,"key":"Fire Potion"},{"floor":11.0,"key":"Fire Potion"},{"floor":19.0,"key":"SteroidPotion"}],"is_trial":false,"path_per_floor":["M","M","$","M","?","R","?","M","T","R","E","M","R","M","R","B",null,"M","M","?","?","M","R","?","$","T","$","M","R","?","M","R"],"character_chosen":"THE_SILENT","items_purchased":["Sucker Punch","Noxious Fumes","Prepared","Lantern"],"campfire_rested":1,"item_purchase_floors":[3,27,27,27],"current_hp_per_floor":[69,66,66,66,66,66,65,64,64,64,57,57,57,57,57,47,70,48,45,45,45,44,44,44,44,44,44,29,50,50,42,42,0],"gold":165,"neow_bonus":"ONE_RARE_RELIC","is_prod":false,"is_daily":false,"chose_seed":false,"campfire_upgraded":6,"win_rate":0,"timestamp":1539367052,"path_taken":["M","M","$","M","?","R","?","M","T","R","E","M","R","M","R","BOSS","M","?","?","?","M","R","?","?","T","$","M","R","?","M","R","BOSS"],"build_version":"2018-10-11","purchased_purges":1,"victory":false,"max_hp_per_floor":[70,70,70,70,70,70,70,70,70,70,70,70,70,70,70,70,70,70,70,70,70,70,70,70,70,70,70,70,70,70,70,70,70],"card_choices":[{"not_picked":["Quick Slash","Acrobatics"],"picked":"Deflect","floor":1.0},{"not_picked":["Slice","Tactician"],"picked":"Cloak And Dagger","floor":2.0},{"not_picked":["Eviscerate","Outmaneuver"],"picked":"Flying Knee","floor":4.0},{"not_picked":["Dodge and Roll","Prepared"],"picked":"Backstab","floor":7.0},{"not_picked":["Setup","Infinite Blades"],"picked":"Adrenaline","floor":8.0},{"not_picked":["Tactician","Acrobatics"],"picked":"Cloak And Dagger","floor":11.0},{"not_picked":["Bane","Blade Dance"],"picked":"All Out Attack","floor":12.0},{"not_picked":["Deflect","Cloak And Dagger","Blade Dance"],"picked":"SKIP","floor":14.0},{"not_picked":["Adrenaline","Bullet Time"],"picked":"Envenom","floor":16.0},{"not_picked":["Riddle With Holes","Heel Hook"],"picked":"Deadly Poison","floor":17.0},{"not_picked":["PiercingWail","Crippling Poison"],"picked":"Die Die Die","floor":17.0},{"not_picked":["Flying Knee","Finisher"],"picked":"Deadly Poison","floor":17.0},{"not_picked":["Concentrate","Slice"],"picked":"Terror","floor":17.0},{"not_picked":["Blade Dance","Outmaneuver"],"picked":"Dagger Spray","floor":17.0},{"not_picked":["Bane","Outmaneuver"],"picked":"Calculated Gamble","floor":18.0},{"not_picked":["Acrobatics","Dodge and Roll"],"picked":"Flying Knee+1","floor":19.0},{"not_picked":["Cloak And Dagger","Skewer"],"picked":"Bouncing Flask","floor":22.0},{"not_picked":["Underhanded Strike+1","Setup+1"],"picked":"Dash+1","floor":28.0},{"not_picked":["PiercingWail","Storm of Steel"],"picked":"Catalyst","floor":31.0}],"player_experience":3011209,"relics_obtained":[{"floor":7.0,"key":"Odd Mushroom"},{"floor":9.0,"key":"PreservedInsect"},{"floor":11.0,"key":"Letter Opener"},{"floor":26.0,"key":"Gambling Chip"}],"event_choices":[{"event_name":"Transmorgrifier","player_choice":"Transform","floor":5.0,"damage_taken":0.0},{"event_name":"Mushrooms","player_choice":"Fought Mushrooms","floor":7.0,"damage_taken":0.0},{"event_name":"The Mausoleum","player_choice":"Yes","floor":20.0,"damage_taken":0.0},{"event_name":"Upgrade Shrine","player_choice":"Upgraded","floor":21.0,"damage_taken":0.0},{"event_name":"Drug Dealer","player_choice":"Became Test Subject","floor":24.0,"damage_taken":0.0},{"event_name":"Golden Shrine","player_choice":"Pray","floor":30.0,"damage_taken":0.0}],"is_beta":false,"boss_relics":[{"not_picked":["Sozu","Eternal Feather"],"picked":"Orrery"}],"items_purged_floors":[3],"is_endless":false,"potions_floor_spawned":[2,4,11,19],"killed_by":"Champ","ascension_level":0}