{"gold_per_floor":[112,112,62,76,76,110,110,130,130,130,130,150,163,189,189,264,264,280,280,280,292,309,338,338,358,358,376,406,425,489,506,506,585,585,601,601,601,620,635,663,663,693,693,308,325,325,344,379,379,379,379,379,89,123,123],"floor_reached":56,"playtime":2744,"items_purged":[],"score":2031,"play_id":"7a9cb479-7e9a-42b8-8c4e-9eb2b9ffa9ac","local_time":"20190211224936","is_ascension_mode":true,"campfire_choices":[{"data":"Whirlwind","floor":7,"key":"SMITH"},{"data":"Anger","floor":10,"key":"SMITH"},{"floor":15,"key":"REST"},{"data":"Heavy Blade","floor":24,"key":"SMITH"},{"data":"Shrug It Off","floor":32,"key":"SMITH"},{"data":"Limit Break","floor":41,"key":"SMITH"},{"data":"Pummel","floor":46,"key":"SMITH"},{"floor":49,"key":"RECALL"},{"data":"Offering","floor":52,"key":"SMITH"}],"neow_cost":"NONE","seed_source_timestamp":1220945274441067,"circlet_count":0,"master_deck":["AscendersBane","Defend_R","Defend_R+1","Defend_R","Defend_R","Bash","Whirlwind+1","Shrug It Off+1","Inflame+1","Anger+1","Shrug It Off","Flex","Limit Break+1","Feed","Iron Wave+1","Bite","Bite","Bite","Bite","Bite","Inflame+1","Metallicize+1","Heavy Blade+1","Pummel+1","Flex","Shrug It Off+1","Thunderclap","Limit Break+1","Pummel+1","Shrug It Off","Spot Weakness+1","Sword Boomerang+1","Offering+1","Metallicize+1"],"relics":["Black Blood","Omamori","Frozen Egg 2","Vajra","Thread and Needle","Mummified Hand","War Paint","Gremlin Horn","Red Skull","Tiny Chest","Coffee Dripper","Torii","Anchor","Bottled Tornado","Bag of Preparation","Centennial Puzzle","Paper Frog","Incense Burner"],"potions_floor_usage":[6,14,16,23,28,30,30,33,39,42,50,55,55],"damage_taken":[{"damage":6,"enemies":"Cultist","floor":1,"turns":3},{"damage":12,"enemies":"Small Slimes","floor":4,"turns":3},{"damage":20,"enemies":"Gremlin Nob","floor":6,"turns":4},{"damage":7,"enemies":"Jaw Worm","floor":8,"turns":2},{"damage":16,"enemies":"3 Louse","floor":12,"turns":2},{"damage":10,"enemies":"Gremlin Gang","floor":13,"turns":4},{"damage":29,"enemies":"Lagavulin","floor":14,"turns":5},{"damage":32,"enemies":"Hexaghost","floor":16,"turns":8},{"damage":13,"enemies":"Chosen","floor":18,"turns":5},{"damage":13,"enemies":"Spheric Guardian","floor":21,"turns":4},{"damage":26,"enemies":"Snake Plant","floor":22,"turns":3},{"damage":16,"enemies":"Gremlin Leader","floor":23,"turns":5},{"damage":22,"enemies":"Chosen and Byrds","floor":25,"turns":6},{"damage":0,"enemies":"Sentry and Sphere","floor":27,"turns":3},{"damage":28,"enemies":"Book of Stabbing","floor":28,"turns":5},{"damage":7,"enemies":"Shelled Parasite and Fungi","floor":29,"turns":3},{"damage":14,"enemies":"Gremlin Leader","floor":30,"turns":7},{"damage":3,"enemies":"Chosen and Byrds","floor":31,"turns":2},{"damage":37,"enemies":"Champ","floor":33,"turns":9},{"damage":9,"enemies":"3 Darklings","floor":35,"turns":4},{"damage":26,"enemies":"3 Shapes","floor":38,"turns":5},{"damage":22,"enemies":"Transient","floor":39,"turns":5},{"damage":0,"enemies":"Reptomancer","floor":40,"turns":3},{"damage":23,"enemies":"Nemesis","floor":42,"turns":5},{"damage":1,"enemies":"Jaw Worm Horde","floor":45,"turns":2},{"damage":0,"enemies":"3 Darklings","floor":47,"turns":3},{"damage":1,"enemies":"Giant Head","floor":48,"turns":5},{"damage":53,"enemies":"Donu and Deca","floor":50,"turns":8},{"damage":7,"enemies":"Shield and Spear","floor":54,"turns":2},{"damage":57,"enemies":"The Heart","floor":55,"turns":7}],"seed_played":"-5000788176454822391","potions_obtained":[{"floor":1,"key":"GamblersBrew"},{"floor":12,"key":"FearPotion"},{"floor":13,"key":"Energy Potion"},{"floor":14,"key":"SteroidPotion"},{"floor":21,"key":"EssenceOfSteel"},{"floor":25,"key":"Block Potion"},{"floor":28,"key":"Explosive Potion"},{"floor":30,"key":"FearPotion"},{"floor":35,"key":"SpeedPotion"},{"floor":39,"key":"SkillPotion"},{"floor":42,"key":"Ancient Potion"},{"floor":47,"key":"Block Potion"}],"is_trial":false,"path_per_floor":["M","$","?","M","$","E","R","M","T","R","?","M","M","E","R","B",null,"M","?","?","M","M","E","R","M","T","M","E","M","E","M","R","B",null,"M","?","?","M","M","E","R","E","T","$","M","R","M","E","R","B",null,"R","$","E","B",null],"character_chosen":"IRONCLAD","items_purchased":["Bottled Tornado","Bag of Preparation","Paper Frog","Block Potion"],"campfire_rested":1,"item_purchase_floors":[44,44,53,53],"current_hp_per_floor":[72,72,72,66,66,52,52,51,51,51,51,41,37,14,38,12,63,63,58,58,58,46,54,54,53,53,61,51,64,64,64,64,56,64,67,67,61,53,51,65,65,58,58,58,70,70,70,70,70,29,60,60,60,67,31],"gold":123,"neow_bonus":"RANDOM_COMMON_RELIC","is_prod":false,"is_daily":false,"chose_seed":false,"campfire_upgraded":7,"win_rate":0,"timestamp":1549946976,"path_taken":["M","?","?","M","?","E","R","M","T","R","?","?","M","E","R","BOSS","M","?","?","M","M","E","R","M","T","M","E","?","E","M","R","BOSS","M","?","?","M","M","E","R","E","T","$","M","R","M","E","R","BOSS","R","$","E","BOSS"],"build_version":"2019-01-23","purchased_purges":0,"victory":true,"max_hp_per_floor":[80,80,80,80,80,80,80,80,80,80,80,80,80,80,80,80,80,83,58,58,58,58,58,58,61,61,61,61,64,64,64,64,67,67,67,67,67,67,67,67,67,67,67,67,70,70,70,70,70,70,70,70,70,70,70],"card_choices":[{"not_picked":["Flame Barrier","Havoc"],"picked":"Whirlwind","floor":1},{"not_picked":["Perfected Strike","Body Slam"],"picked":"Shrug It Off","floor":4},{"not_picked":["Feel No Pain","Clothesline"],"picked":"Inflame","floor":6},{"not_picked":["Sword Boomerang","Double Tap"],"picked":"Anger","floor":8},{"not_picked":["Anger","Headbutt"],"picked":"Shrug It Off","floor":12},{"not_picked":["Seeing Red","Armaments"],"picked":"Flex","floor":13},{"not_picked":["Sword Boomerang","Havoc"],"picked":"Limit Break","floor":14},{"not_picked":["Dark Embrace+1","Double Tap"],"picked":"Feed","floor":16},{"not_picked":["Pommel Strike","Havoc"],"picked":"Iron Wave+1","floor":18},{"not_picked":["Pommel Strike","Feel No Pain+1"],"picked":"Inflame+1","floor":21},{"not_picked":["Armaments","Perfected Strike+1"],"picked":"Metallicize+1","floor":22},{"not_picked":["Wild Strike","Combust+1"],"picked":"Heavy Blade","floor":23},{"not_picked":["Pommel Strike","True Grit","Armaments"],"picked":"SKIP","floor":25},{"not_picked":["Searing Blow+1","Perfected Strike","Clothesline"],"picked":"SKIP","floor":27},{"not_picked":["Whirlwind","Warcry"],"picked":"Pummel+1","floor":28},{"not_picked":["Wild Strike","Clash"],"picked":"Flex","floor":29},{"not_picked":["Feel No Pain+1","Clash"],"picked":"Shrug It Off","floor":30},{"not_picked":["Body Slam","Juggernaut+1"],"picked":"Thunderclap","floor":31},{"not_picked":["Feed","Offering"],"picked":"Limit Break","floor":33},{"not_picked":["Thunderclap+1","Wild Strike","Iron Wave"],"picked":"SKIP","floor":35},{"not_picked":["Feel No Pain+1","Pommel Strike"],"picked":"Pummel","floor":38},{"not_picked":["Perfected Strike+1","Headbutt","Cleave+1"],"picked":"SKIP","floor":39},{"not_picked":["Sword Boomerang","Corruption+1"],"picked":"Shrug It Off","floor":40},{"not_picked":["Wild Strike","Iron Wave","Headbutt"],"picked":"SKIP","floor":42},{"not_picked":["Warcry","Dropkick"],"picked":"Spot Weakness+1","floor":45},{"not_picked":["Pommel Strike","Shrug It Off"],"picked":"Sword Boomerang+1","floor":47},{"not_picked":["Immolate","Cleave+1"],"picked":"Offering","floor":48},{"not_picked":["Armaments","Warcry"],"picked":"Metallicize+1","floor":54}],"player_experience":556801,"relics_obtained":[{"floor":6,"key":"Frozen Egg 2"},{"floor":9,"key":"Vajra"},{"floor":14,"key":"Thread and Needle"},{"floor":23,"key":"War Paint"},{"floor":26,"key":"Gremlin Horn"},{"floor":28,"key":"Red Skull"},{"floor":30,"key":"Tiny Chest"},{"floor":40,"key":"Torii"},{"floor":42,"key":"Anchor"},{"floor":48,"key":"Centennial Puzzle"},{"floor":54,"key":"Incense Burner"}],"event_choices":[{"cards_removed":["Strike_R"],"damage_healed":0,"gold_gain":0,"player_choice":"Card Removal","damage_taken":0,"max_hp_gain":0,"max_hp_loss":0,"event_name":"The Cleric","floor":3,"gold_loss":50},{"damage_healed":0,"gold_gain":0,"player_choice":"Upgraded","damage_taken":0,"max_hp_gain":0,"max_hp_loss":0,"event_name":"Upgrade Shrine","floor":11,"gold_loss":0,"cards_upgraded":["Shrug It Off"]},{"damage_healed":0,"gold_gain":0,"player_choice":"Became a vampire","damage_taken":0,"max_hp_gain":0,"max_hp_loss":25,"event_name":"Vampires","floor":19,"gold_loss":0,"cards_obtained":["Bite","Bite","Bite","Bite","Bite"]},{"damage_healed":0,"gold_gain":0,"player_choice":"Opened","damage_taken":0,"relics_obtained":["Mummified Hand"],"max_hp_gain":0,"max_hp_loss":0,"event_name":"The Mausoleum","floor":20,"gold_loss":0,"cards_obtained":["Writhe"]},{"damage_healed":0,"gold_gain":0,"player_choice":"Ignored","damage_taken":0,"max_hp_gain":0,"max_hp_loss":0,"event_name":"Tomb of Lord Red Mask","floor":36,"gold_loss":0},{"damage_healed":0,"gold_gain":0,"player_choice":"Damaged","damage_taken":6,"max_hp_gain":0,"max_hp_loss":0,"event_name":"Wheel of Change","floor":37,"gold_loss":0}],"is_beta":false,"boss_relics":[{"not_picked":["Snecko Eye","Runic Dome"],"picked":"Black Blood"},{"not_picked":["Runic Cube","Orrery"],"picked":"Coffee Dripper"}],"items_purged_floors":[],"is_endless":false,"potions_floor_spawned":[1,12,13,14,21,25,28,30,35,39,42,47],"ascension_level":13}