{"gold_per_floor":[110,110,9,9,25,54,54,68,115,140,140,153,165,193,193,267,267,280,300,323,36,36,36,55,55,55,55,55,55,55,154,154,154],"floor_reached":33,"playtime":2570,"items_purged":["Regret"],"score":486,"play_id":"66a4d68e-2bc7-440f-a099-27e263589696","local_time":"20190106203000","is_ascension_mode":true,"campfire_choices":[{"data":"Clothesline","floor":7,"key":"SMITH"},{"floor":15,"key":"REST"},{"floor":23,"key":"REST"},{"floor":25,"key":"REST"},{"floor":27,"key":"RECALL"},{"floor":30,"key":"REST"},{"floor":32,"key":"REST"}],"neow_cost":"NONE","seed_source_timestamp":1546492408369368,"circlet_count":0,"master_deck":["AscendersBane","Strike_R","Strike_R","Strike_R","Defend_R+1","Defend_R","Defend_R","Defend_R","Bash","Clothesline+1","True Grit+1","Flame Barrier+1","Shrug It Off","Double Tap","Bludgeon","Decay","Shrug It Off","Corruption","Ghostly Armor","Dark Embrace","Clothesline+1","Dropkick","True Grit","Armaments","Reaper","Flame Barrier","True Grit+1"],"relics":["Burning Blood","NeowsBlessing","Strawberry","War Paint","Vajra","Pear","Mummified Hand","Fusion Hammer","Regal Pillow","Juzu Bracelet","Gremlin Horn"],"potions_floor_usage":[10,16,16,19],"damage_taken":[{"damage":0,"enemies":"Small Slimes","floor":1,"turns":1},{"damage":0,"enemies":"Jaw Worm","floor":5,"turns":1},{"damage":0,"enemies":"Lagavulin","floor":6,"turns":1},{"damage":2,"enemies":"Cultist","floor":8,"turns":6},{"damage":12,"enemies":"Gremlin Nob","floor":10,"turns":3},{"damage":1,"enemies":"3 Louse","floor":12,"turns":4},{"damage":15,"enemies":"Gremlin Gang","floor":13,"turns":10},{"damage":32,"enemies":"3 Sentries","floor":14,"turns":9},{"damage":27,"enemies":"The Guardian","floor":16,"turns":17},{"damage":16,"enemies":"Spheric Guardian","floor":18,"turns":6},{"damage":2,"enemies":"3 Byrds","floor":19,"turns":3},{"damage":15,"enemies":"Snecko","floor":24,"turns":7},{"damage":97,"enemies":"Collector","floor":33,"turns":6}],"seed_played":"155408701087582533","potions_obtained":[{"floor":5,"key":"Dexterity Potion"},{"floor":6,"key":"AttackPotion"},{"floor":14,"key":"PowerPotion"},{"floor":16,"key":"LiquidBronze"},{"floor":19,"key":"SpeedPotion"}],"is_trial":false,"path_per_floor":["M","?","$","?","M","E","R","M","T","E","?","M","M","E","R","B",null,"M","M","T","$","?","R","M","R","T","R","$","?","R","?","R","B"],"character_chosen":"IRONCLAD","items_purchased":["True Grit","Dropkick","True Grit","Juzu Bracelet","Armaments"],"campfire_rested":5,"item_purchase_floors":[3,21,21,21,21],"current_hp_per_floor":[74,81,81,81,82,82,82,82,82,86,86,91,82,56,83,62,85,75,79,79,79,79,92,92,92,92,92,92,92,92,92,92,0],"gold":154,"neow_bonus":"THREE_ENEMY_KILL","is_prod":false,"is_daily":false,"chose_seed":false,"campfire_upgraded":1,"win_rate":0,"timestamp":1546806600,"path_taken":["M","?","$","?","?","E","R","M","T","E","?","M","?","E","R","BOSS","M","M","?","?","?","R","M","R","T","R","$","?","R","?","R","BOSS"],"build_version":"2019-01-03v4","purchased_purges":1,"victory":false,"max_hp_per_floor":[75,82,82,82,82,82,82,82,82,92,92,92,92,92,92,92,92,92,92,92,92,92,92,92,92,92,92,92,92,92,92,92,92],"card_choices":[{"not_picked":["Perfected Strike","Flex"],"picked":"Clothesline","floor":1},{"not_picked":["Twin Strike","Intimidate","Flame Barrier"],"picked":"SKIP","floor":5},{"not_picked":["Twin Strike","Intimidate"],"picked":"Flame Barrier","floor":5},{"not_picked":["Flame Barrier","Thunderclap"],"picked":"Shrug It Off","floor":6},{"not_picked":["Armaments","Heavy Blade"],"picked":"Double Tap","floor":8},{"not_picked":["Fire Breathing","Twin Strike"],"picked":"Bludgeon","floor":10},{"not_picked":["Wild Strike","Armaments"],"picked":"Shrug It Off","floor":12},{"not_picked":["Iron Wave","Blood for Blood"],"picked":"Corruption","floor":13},{"not_picked":["Havoc","Combust"],"picked":"Ghostly Armor","floor":14},{"not_picked":["Feed","Exhume"],"picked":"Dark Embrace","floor":16},{"not_picked":["Havoc","Wild Strike"],"picked":"Clothesline+1","floor":18},{"not_picked":["Clash","Pommel Strike","True Grit"],"picked":"SKIP","floor":19},{"not_picked":["Sword Boomerang","Havoc"],"picked":"True Grit","floor":24}],"player_experience":1137881,"relics_obtained":[{"floor":6,"key":"War Paint"},{"floor":9,"key":"Vajra"},{"floor":10,"key":"Pear"},{"floor":14,"key":"Mummified Hand"},{"floor":20,"key":"Regal Pillow"},{"floor":26,"key":"Gremlin Horn"}],"event_choices":[{"damage_healed":0,"gold_gain":0,"player_choice":"Box","damage_taken":0,"relics_obtained":["Strawberry"],"max_hp_gain":0,"max_hp_loss":0,"event_name":"Big Fish","floor":2,"gold_loss":0,"cards_obtained":["Regret"]},{"damage_healed":0,"gold_gain":0,"player_choice":"Upgraded","damage_taken":0,"max_hp_gain":0,"max_hp_loss":0,"event_name":"Upgrade Shrine","floor":4,"gold_loss":0,"cards_upgraded":["True Grit"]},{"damage_healed":0,"gold_gain":0,"player_choice":"Cursed","damage_taken":0,"max_hp_gain":0,"max_hp_loss":0,"event_name":"Wheel of Change","floor":11,"gold_loss":0,"cards_obtained":["Decay"]},{"damage_healed":0,"gold_gain":0,"cards_transformed":["Strike_R","Strike_R"],"player_choice":"Became Test Subject","damage_taken":0,"max_hp_gain":0,"max_hp_loss":0,"event_name":"Drug Dealer","floor":22,"gold_loss":0,"cards_obtained":["Reaper","Flame Barrier"]},{"damage_healed":0,"gold_gain":0,"player_choice":"Forge","damage_taken":0,"max_hp_gain":0,"max_hp_loss":0,"event_name":"Accursed Blacksmith","floor":29,"gold_loss":0,"cards_upgraded":["True Grit"]},{"damage_healed":0,"gold_gain":99,"player_choice":"Stole From Cult","damage_taken":0,"max_hp_gain":0,"max_hp_loss":0,"event_name":"Nest","floor":31,"gold_loss":0}],"is_beta":false,"boss_relics":[{"not_picked":["Philosopher\u0027s Stone","Velvet Choker"],"picked":"Fusion Hammer"}],"items_purged_floors":[3],"is_endless":false,"potions_floor_spawned":[5,6,14,16,19],"killed_by":"Collector","ascension_level":14}