{"gold_per_floor":[113,113,131,151,167,167,211,234,234,234,234,250,250,94,94,224,224,242,261,16,0,0,0,16,16,42,42],"floor_reached":27,"playtime":1965,"items_purged":["Defend_G"],"score":245,"play_id":"7647fda1-5ab7-4571-8233-aefb019cfd78","local_time":"20181111034855","is_ascension_mode":true,"campfire_choices":[{"data":"Neutralize","floor":6,"key":"SMITH"},{"data":"Eviscerate","floor":10,"key":"SMITH"},{"data":"Tactician","floor":13,"key":"SMITH"},{"data":"Footwork","floor":15,"key":"SMITH"},{"data":"Calculated Gamble","floor":23,"key":"SMITH"}],"neow_cost":"NONE","seed_source_timestamp":911131126171928,"circlet_count":0,"master_deck":["Defend_G","Defend_G","Defend_G","Defend_G","Strike_G","Strike_G","Strike_G","Strike_G","Strike_G","Survivor","Neutralize+1","Forethought","Eviscerate+1","Quick Slash","Calculated Gamble+1","Blur","Tactician+1","Outmaneuver","Dodge and Roll","Cloak And Dagger","Footwork+1","After Image","Underhanded Strike","Prepared","Accuracy","Cloak And Dagger","Reflex","Acrobatics","Slice"],"relics":["Ring of the Snake","Golden Idol","Centennial Puzzle","Calipers","WristBlade","PreservedInsect"],"potions_floor_usage":[7,7,16,19,20,24],"damage_taken":[{"damage":7,"enemies":"Small Slimes","floor":1,"turns":6},{"damage":0,"enemies":"2 Louse","floor":3,"turns":4},{"damage":1,"enemies":"Cultist","floor":4,"turns":4},{"damage":16,"enemies":"Exordium Wildlife","floor":5,"turns":7},{"damage":24,"enemies":"Gremlin Nob","floor":7,"turns":5},{"damage":0,"enemies":"2 Fungi Beasts","floor":8,"turns":5},{"damage":4,"enemies":"Blue Slaver","floor":12,"turns":4},{"damage":25,"enemies":"The Guardian","floor":16,"turns":21},{"damage":9,"enemies":"Spheric Guardian","floor":18,"turns":4},{"damage":1,"enemies":"3 Byrds","floor":19,"turns":8},{"damage":44,"enemies":"3 Cultists","floor":24,"turns":10},{"damage":23,"enemies":"Colosseum Slavers","floor":27,"turns":2}],"seed_played":"8251810212185410841","potions_obtained":[{"floor":1,"key":"Block Potion"},{"floor":3,"key":"Regen Potion"},{"floor":8,"key":"Swift Potion"},{"floor":16,"key":"SpeedPotion"},{"floor":18,"key":"SkillPotion"},{"floor":19,"key":"SpeedPotion"}],"is_trial":false,"path_per_floor":["M","?","M","M","M","R","E","M","T","R","?","M","R","$","R","B",null,"M","M","$","?","?","R","M","$","T","?"],"character_chosen":"THE_SILENT","items_purchased":["Footwork","Fruit Juice","Accuracy","Cloak And Dagger","Reflex"],"campfire_rested":0,"item_purchase_floors":[14,20,20,20,20],"current_hp_per_floor":[63,63,63,62,46,46,36,36,36,36,36,32,32,32,32,7,65,56,55,60,60,60,60,16,16,16,0],"gold":42,"neow_bonus":"RANDOM_COLORLESS","is_prod":false,"is_daily":false,"chose_seed":false,"campfire_upgraded":5,"win_rate":0,"timestamp":1541926135,"path_taken":["M","?","M","M","M","R","E","M","T","R","?","M","R","$","R","BOSS","M","M","?","?","?","R","M","?","T","?"],"build_version":"2018-11-08","purchased_purges":1,"victory":false,"max_hp_per_floor":[70,65,65,65,65,65,65,65,65,65,65,65,65,65,65,65,65,65,65,70,70,70,70,70,70,70,70],"card_choices":[{"not_picked":["Heel Hook","Calculated Gamble"],"picked":"Eviscerate","floor":1},{"not_picked":["Flying Knee","Poisoned Stab"],"picked":"Quick Slash","floor":3},{"not_picked":["Dodge and Roll","Cloak And Dagger"],"picked":"Calculated Gamble","floor":4},{"not_picked":["Quick Slash","Storm of Steel"],"picked":"Blur","floor":5},{"not_picked":["Bane","Footwork"],"picked":"Tactician","floor":7},{"not_picked":["Infinite Blades","Bouncing Flask"],"picked":"Outmaneuver","floor":8},{"not_picked":["PiercingWail","Dagger Spray"],"picked":"Cloak And Dagger","floor":12},{"not_picked":["Grand Finale","Corpse Explosion"],"picked":"After Image","floor":16},{"not_picked":["Dash","Escape Plan+1"],"picked":"Underhanded Strike","floor":18},{"not_picked":["Cloak And Dagger+1","Poisoned Stab"],"picked":"Prepared","floor":19},{"not_picked":["Footwork","Poisoned Stab"],"picked":"Slice","floor":24}],"player_experience":248943,"relics_obtained":[{"floor":7,"key":"Centennial Puzzle"},{"floor":9,"key":"Calipers"},{"floor":26,"key":"PreservedInsect"}],"event_choices":[{"damage_healed":0,"gold_gain":0,"player_choice":"Lose Max HP","damage_taken":0,"relics_obtained":["Golden Idol"],"max_hp_gain":0,"max_hp_loss":5,"event_name":"Golden Idol","floor":2,"gold_loss":0},{"damage_healed":0,"gold_gain":0,"player_choice":"1 cards matched","damage_taken":0,"max_hp_gain":0,"max_hp_loss":0,"event_name":"Match and Keep!","floor":11,"gold_loss":0,"cards_obtained":["Dodge and Roll"]},{"damage_healed":0,"gold_gain":0,"player_choice":"Paid Fearfully","damage_taken":0,"max_hp_gain":0,"max_hp_loss":0,"event_name":"Masked Bandits","floor":21,"gold_loss":16},{"damage_healed":0,"gold_gain":0,"player_choice":"Read","damage_taken":0,"max_hp_gain":0,"max_hp_loss":0,"event_name":"The Library","floor":22,"gold_loss":0,"cards_obtained":["Acrobatics"]},{"damage_healed":0,"gold_gain":0,"player_choice":"Fight","damage_taken":0,"max_hp_gain":0,"max_hp_loss":0,"event_name":"Colosseum","floor":27,"gold_loss":0}],"is_beta":false,"boss_relics":[{"not_picked":["Astrolabe","Velvet Choker"],"picked":"WristBlade"}],"items_purged_floors":[14],"is_endless":false,"potions_floor_spawned":[1,3,8,16,18,19],"killed_by":"Colosseum Slavers","ascension_level":3}