{"gold_per_floor":[111,141,152,152,163,163,192,192,237,237,262,100,100,22,22,119,119,131,131,131,131,91,126,146,146,146,146,176,191,191,1,1,97,97,111,131,131,1130,1144,1144,1171,1171,1171,548,565,591,602,32,32,32],"floor_reached":51,"playtime":3350,"items_purged":["Strike_G","Pain","Defend_G"],"score":797,"play_id":"5ce36c35-59cf-4f84-a305-5f14e38e1937","local_time":"20190211143340","is_ascension_mode":false,"campfire_choices":[{"data":"Neutralize","floor":6,"key":"SMITH"},{"data":"Well Laid Plans","floor":8,"key":"SMITH"},{"data":"Noxious Fumes","floor":10,"key":"SMITH"},{"floor":13,"key":"REST"},{"data":"Dagger Spray","floor":15,"key":"SMITH"},{"data":"Leg Sweep","floor":25,"key":"SMITH"},{"data":"Adrenaline","floor":27,"key":"SMITH"},{"data":"Noxious Fumes","floor":32,"key":"SMITH"},{"data":"Venomology","floor":40,"key":"SMITH"},{"floor":42,"key":"REST"},{"data":"Bouncing Flask","floor":49,"key":"SMITH"}],"neow_cost":"NONE","seed_source_timestamp":9156117311342,"circlet_count":0,"master_deck":["Defend_G","Defend_G","Defend_G","Defend_G","Survivor","Neutralize+1","Noxious Fumes+1","Dagger Spray+1","Well Laid Plans+1","Adrenaline+1","Caltrops","PiercingWail","Leg Sweep+1","Deflect+1","Caltrops","Noxious Fumes+1","Backflip","Backstab","Venomology+1","PiercingWail+1","Backflip+1","Backstab","Escape Plan+1","Deadly Poison+1","Bouncing Flask+1"],"relics":["Ring of the Snake","NeowsBlessing","Tiny Chest","Art of War","Juzu Bracelet","Darkstone Periapt","Empty Cage","Nilry\u0027s Codex","Sundial","PreservedInsect","Omamori","Bronze Scales","Lantern","Cursed Key","Kunai","Bottled Tornado","ClockworkSouvenir","Vajra","Mummified Hand","The Specimen"],"potions_floor_usage":[7,11,16,29,36,39,39,39,39,39,39,44,45,46,47,48,50],"damage_taken":[{"damage":0,"enemies":"Jaw Worm","floor":1,"turns":1},{"damage":0,"enemies":"2 Louse","floor":3,"turns":1},{"damage":0,"enemies":"Cultist","floor":5,"turns":1},{"damage":13,"enemies":"3 Sentries","floor":7,"turns":8},{"damage":21,"enemies":"Lagavulin","floor":11,"turns":7},{"damage":8,"enemies":"Slime Boss","floor":16,"turns":11},{"damage":8,"enemies":"2 Thieves","floor":18,"turns":5},{"damage":10,"enemies":"Gremlin Leader","floor":23,"turns":7},{"damage":4,"enemies":"Shell Parasite","floor":24,"turns":6},{"damage":1,"enemies":"Book of Stabbing","floor":28,"turns":5},{"damage":0,"enemies":"Sentry and Sphere","floor":29,"turns":5},{"damage":1,"enemies":"Automaton","floor":33,"turns":9},{"damage":1,"enemies":"3 Darklings","floor":35,"turns":4},{"damage":0,"enemies":"3 Shapes","floor":36,"turns":6},{"damage":3,"enemies":"Transient","floor":39,"turns":5},{"damage":25,"enemies":"Giant Head","floor":41,"turns":10},{"damage":0,"enemies":"Spire Growth","floor":45,"turns":6},{"damage":17,"enemies":"Nemesis","floor":46,"turns":7},{"damage":0,"enemies":"Sphere and 2 Shapes","floor":47,"turns":5},{"damage":19,"enemies":"Donu and Deca","floor":50,"turns":7}],"seed_played":"1100342584689187368","potions_obtained":[{"floor":1,"key":"Energy Potion"},{"floor":5,"key":"FearPotion"},{"floor":11,"key":"Explosive Potion"},{"floor":23,"key":"EntropicBrew"},{"floor":28,"key":"SkillPotion"},{"floor":29,"key":"Fire Potion"},{"floor":45,"key":"PowerPotion"}],"is_trial":false,"path_per_floor":["M","?","M","?","M","R","E","R","T","R","E","$","R","$","R","B",null,"M","?","?","T","$","E","M","R","T","R","E","M","?","$","R","B",null,"M","M","?","?","M","R","E","R","T","$","M","E","M","$","R","B",null],"character_chosen":"THE_SILENT","items_purchased":["Caltrops","PiercingWail","Leg Sweep","Caltrops","Lantern","Backstab","ClockworkSouvenir","Vajra","Fruit Juice","Backstab","The Specimen","Fruit Juice","Bouncing Flask"],"campfire_rested":2,"item_purchase_floors":[12,12,14,22,31,31,44,44,44,44,48,48,48],"current_hp_per_floor":[70,52,52,52,52,52,39,39,39,39,18,18,39,39,39,31,70,62,62,46,46,46,36,32,32,32,32,31,31,31,31,31,30,70,69,69,69,69,66,66,41,62,68,73,73,56,56,61,61,42],"gold":32,"neow_bonus":"THREE_ENEMY_KILL","is_prod":false,"is_daily":false,"chose_seed":false,"campfire_upgraded":9,"win_rate":0,"timestamp":1549892020,"path_taken":["M","?","M","?","?","R","E","R","T","R","E","$","R","$","R","BOSS","M","?","?","?","$","E","M","R","T","R","E","M","?","?","R","BOSS","M","M","?","?","M","R","E","R","T","$","M","E","M","$","R","BOSS"],"build_version":"2019-01-23","purchased_purges":3,"victory":true,"max_hp_per_floor":[70,70,70,70,70,70,70,70,70,70,70,70,70,70,70,70,70,70,70,70,70,70,70,70,70,70,70,70,70,70,70,70,70,70,70,70,70,70,70,70,70,70,76,81,81,81,81,86,86,86],"card_choices":[{"not_picked":["Backflip","Prepared"],"picked":"Backstab","floor":1},{"not_picked":["Acrobatics","Accuracy"],"picked":"Noxious Fumes","floor":3},{"not_picked":["Flechettes","Underhanded Strike"],"picked":"Dagger Spray","floor":5},{"not_picked":["Deflect","Terror"],"picked":"Well Laid Plans","floor":7},{"not_picked":["Dodge and Roll","Outmaneuver"],"picked":"Adrenaline","floor":11},{"not_picked":["Slice+1","Cloak And Dagger"],"picked":"Deflect+1","floor":18},{"not_picked":["Dagger Throw","Slice","Eviscerate"],"picked":"SKIP","floor":23},{"not_picked":["Calculated Gamble+1","Finisher"],"picked":"Noxious Fumes","floor":24},{"not_picked":["Well Laid Plans","Bane","Blade Dance"],"picked":"SKIP","floor":28},{"not_picked":["Sucker Punch","Cloak And Dagger"],"picked":"Backflip","floor":29},{"not_picked":["Grand Finale","Unload"],"picked":"Venomology","floor":33},{"not_picked":["Well Laid Plans+1","Dagger Throw+1"],"picked":"PiercingWail+1","floor":35},{"not_picked":["Sucker Punch+1","Dagger Spray","Poisoned Stab"],"picked":"SKIP","floor":36},{"not_picked":["Tactician+1","Deflect","Cloak And Dagger"],"picked":"SKIP","floor":39},{"not_picked":["All Out Attack","Skewer"],"picked":"Backflip+1","floor":41},{"not_picked":["Outmaneuver+1","Eviscerate"],"picked":"Escape Plan+1","floor":45},{"not_picked":["Slice","Dagger Throw"],"picked":"Deadly Poison+1","floor":46},{"not_picked":["Flying Knee","Dodge and Roll","Tactician"],"picked":"SKIP","floor":47}],"player_experience":121260,"relics_obtained":[{"floor":7,"key":"Art of War"},{"floor":9,"key":"Juzu Bracelet"},{"floor":11,"key":"Darkstone Periapt"},{"floor":20,"key":"Nilry\u0027s Codex"},{"floor":21,"key":"Sundial"},{"floor":23,"key":"PreservedInsect"},{"floor":26,"key":"Omamori"},{"floor":28,"key":"Bronze Scales"},{"floor":41,"key":"Kunai"},{"floor":43,"key":"Bottled Tornado"},{"floor":46,"key":"Mummified Hand"}],"event_choices":[{"damage_healed":0,"gold_gain":0,"player_choice":"Success","damage_taken":18,"relics_obtained":["Tiny Chest"],"max_hp_gain":0,"max_hp_loss":0,"event_name":"Scrap Ooze","floor":2,"gold_loss":0},{"cards_removed":["Strike_G"],"damage_healed":0,"gold_gain":0,"player_choice":"Purged","damage_taken":0,"max_hp_gain":0,"max_hp_loss":0,"event_name":"Purifier","floor":4,"gold_loss":0},{"cards_removed":["Strike_G"],"damage_healed":0,"gold_gain":0,"player_choice":"Purged","damage_taken":0,"max_hp_gain":0,"max_hp_loss":0,"event_name":"Purifier","floor":19,"gold_loss":0},{"damage_healed":0,"gold_gain":0,"player_choice":"Obtained Book","damage_taken":16,"max_hp_gain":0,"max_hp_loss":0,"event_name":"Cursed Tome","floor":20,"gold_loss":0},{"damage_healed":0,"gold_gain":0,"player_choice":"Ignored","damage_taken":0,"max_hp_gain":0,"max_hp_loss":0,"event_name":"N\u0027loth","floor":30,"gold_loss":0},{"cards_removed":["Backstab"],"damage_healed":0,"gold_gain":0,"player_choice":"Removed Attack","damage_taken":0,"max_hp_gain":0,"max_hp_loss":0,"event_name":"Falling","floor":37,"gold_loss":0},{"damage_healed":0,"gold_gain":999,"player_choice":"Gold","damage_taken":0,"max_hp_gain":0,"max_hp_loss":0,"event_name":"MindBloom","floor":38,"gold_loss":0,"cards_obtained":["Normality","Normality"]}],"is_beta":false,"boss_relics":[{"not_picked":["Runic Dome","Fusion Hammer"],"picked":"Empty Cage"},{"not_picked":["Snecko Eye","Calling Bell"],"picked":"Cursed Key"}],"items_purged_floors":[12,44,48],"is_endless":false,"potions_floor_spawned":[1,5,11,23,28,29,35,45,46],"ascension_level":0}