{"gold_per_floor":[117,117,127,144,157,185,202,222,248,262,282,282],"floor_reached":12,"playtime":941,"items_purged":[],"score":133,"play_id":"d19644b1-5e1e-4f7a-9fbe-6aed4606219f","local_time":"20190123120307","is_ascension_mode":true,"campfire_choices":[],"neow_cost":"NONE","seed_source_timestamp":347510214063756,"circlet_count":0,"master_deck":["AscendersBane","Defend_G","Defend_G","Defend_G","Defend_G","Defend_G","Strike_G","Strike_G","Strike_G","Strike_G","Strike_G","Survivor","Neutralize","Blur","Sucker Punch","Dagger Spray","Cloak And Dagger","Heel Hook","Noxious Fumes","Cloak And Dagger","Underhanded Strike","Bouncing Flask"],"relics":["Philosopher\u0027s Stone","Lantern"],"potions_floor_usage":[6,6,10,11],"damage_taken":[{"damage":6,"enemies":"Jaw Worm","floor":1,"turns":5},{"damage":0,"enemies":"Cultist","floor":3,"turns":5},{"damage":0,"enemies":"Small Slimes","floor":4,"turns":4},{"damage":5,"enemies":"Blue Slaver","floor":5,"turns":4},{"damage":15,"enemies":"Gremlin Nob","floor":6,"turns":5},{"damage":13,"enemies":"Exordium Thugs","floor":7,"turns":7},{"damage":2,"enemies":"Looter","floor":8,"turns":4},{"damage":7,"enemies":"2 Fungi Beasts","floor":10,"turns":3},{"damage":0,"enemies":"Exordium Thugs","floor":11,"turns":4},{"damage":17,"enemies":"3 Sentries","floor":12,"turns":4}],"seed_played":"2397636241054284051","potions_obtained":[{"floor":4,"key":"AttackPotion"},{"floor":5,"key":"Weak Potion"},{"floor":8,"key":"EssenceOfSteel"},{"floor":10,"key":"Fire Potion"}],"is_trial":false,"path_per_floor":["M","?","M","M","M","E","M","M","T","M","M","E"],"character_chosen":"THE_SILENT","items_purchased":[],"campfire_rested":0,"item_purchase_floors":[],"current_hp_per_floor":[57,57,57,57,52,37,24,22,22,15,15,0],"gold":282,"neow_bonus":"BOSS_RELIC","is_prod":false,"is_daily":false,"chose_seed":false,"campfire_upgraded":0,"win_rate":0,"timestamp":1548244987,"path_taken":["M","?","?","M","M","E","M","M","T","M","M","E"],"build_version":"2019-01-17v2","purchased_purges":0,"victory":false,"max_hp_per_floor":[70,70,70,70,70,70,70,70,70,70,70,70],"card_choices":[{"not_picked":["Prepared","Finisher"],"picked":"Blur","floor":1},{"not_picked":["Deadly Poison","PiercingWail"],"picked":"Sucker Punch","floor":3},{"not_picked":["Prepared","Slice"],"picked":"Dagger Spray","floor":4},{"not_picked":["Quick Slash","Deadly Poison"],"picked":"Cloak And Dagger","floor":5},{"not_picked":["Underhanded Strike","Tactician"],"picked":"Heel Hook","floor":6},{"not_picked":["Leg Sweep","Caltrops"],"picked":"Noxious Fumes","floor":7},{"not_picked":["Endless Agony","Underhanded Strike"],"picked":"Cloak And Dagger","floor":8},{"not_picked":["Flying Knee","Deflect"],"picked":"Underhanded Strike","floor":10},{"not_picked":["Eviscerate","Choke"],"picked":"Bouncing Flask","floor":11}],"player_experience":1227189,"relics_obtained":[{"floor":6,"key":"Lantern"}],"event_choices":[{"damage_healed":0,"gold_gain":0,"player_choice":"Ignored","damage_taken":0,"max_hp_gain":0,"max_hp_loss":0,"event_name":"Purifier","floor":2,"gold_loss":0}],"is_beta":false,"boss_relics":[],"items_purged_floors":[],"is_endless":false,"potions_floor_spawned":[4,5,8,10],"killed_by":"3 Sentries","ascension_level":11}