{"gold_per_floor":[112,112,127,52,52,52,83,83,107,107,138,138,213,231,231,334,334,354,164,164,180,197,197,112,43,43,43,43,53,53,67,67,168,168,168],"floor_reached":35,"playtime":1042,"items_purged":["Strike_B","Strike_B"],"score":405,"play_id":"03754a5a-865f-4d7c-8c33-3548b9cac14e","local_time":"20181028041055","is_ascension_mode":true,"campfire_choices":[{"data":"Dualcast","floor":6,"key":"SMITH"},{"data":"Zap","floor":8,"key":"SMITH"},{"data":"Blizzard","floor":10,"key":"SMITH"},{"data":"Chaos","floor":12,"key":"SMITH"},{"data":"Rebound","floor":15,"key":"SMITH"},{"data":"Panacea","floor":23,"key":"SMITH"},{"data":"Defragment","floor":30,"key":"SMITH"},{"floor":32,"key":"REST"}],"neow_cost":"NONE","seed_source_timestamp":61320194626865,"circlet_count":0,"master_deck":["Defend_B+1","Defend_B","Defend_B+1","Zap+1","Dualcast+1","Blizzard+1","Chaos+1","Rebound+1","Biased Cognition","Panacea+1","Steam","Biased Cognition","Defragment+1","Self Repair","Shame","Writhe","Shame"],"relics":["FrozenCore","NeowsBlessing","Ginger","Ornamental Fan","War Paint","Bottled Lightning","Blood Vial","Vajra","Calling Bell","Omamori","Mummified Hand","Thread and Needle"],"potions_floor_usage":[11,18,18,33,35],"damage_taken":[{"damage":0,"enemies":"Jaw Worm","floor":1,"turns":1},{"damage":0,"enemies":"Small Slimes","floor":3,"turns":1},{"damage":0,"enemies":"3 Sentries","floor":7,"turns":1},{"damage":16,"enemies":"Lagavulin","floor":11,"turns":8},{"damage":7,"enemies":"2 Louse","floor":14,"turns":2},{"damage":20,"enemies":"Hexaghost","floor":16,"turns":9},{"damage":13,"enemies":"2 Thieves","floor":18,"turns":4},{"damage":0,"enemies":"3 Byrds","floor":21,"turns":5},{"damage":33,"enemies":"Centurion and Healer","floor":22,"turns":6},{"damage":10,"enemies":"Snake Plant","floor":29,"turns":3},{"damage":6,"enemies":"Cultist and Chosen","floor":31,"turns":6},{"damage":8,"enemies":"Champ","floor":33,"turns":11},{"damage":0,"enemies":"3 Darklings","floor":35,"turns":2}],"seed_played":"4003465770664767701","potions_obtained":[{"floor":1,"key":"Block Potion"},{"floor":5,"key":"PowerPotion"},{"floor":5,"key":"Explosive Potion"},{"floor":11,"key":"SpeedPotion"},{"floor":16,"key":"EssenceOfSteel"},{"floor":29,"key":"AttackPotion"},{"floor":33,"key":"Block Potion"}],"is_trial":false,"path_per_floor":["M","?","M","$","?","R","E","R","T","R","E","R","?","M","R","B",null,"M","$","?","M","M","R","?","$","T","?","?","M","R","M","R","B",null],"character_chosen":"DEFECT","items_purchased":["Panacea","Self Repair"],"campfire_rested":1,"item_purchase_floors":[19,25],"current_hp_per_floor":[75,68,68,68,68,68,68,68,68,68,52,52,41,34,34,14,75,62,62,62,62,29,29,29,29,29,29,29,28,28,31,53,54,75,75],"gold":168,"neow_bonus":"THREE_ENEMY_KILL","is_prod":false,"is_daily":false,"chose_seed":false,"campfire_upgraded":7,"win_rate":0,"timestamp":1540714255,"path_taken":["M","?","M","$","?","R","E","R","T","R","E","R","?","M","R","BOSS","M","$","?","M","?","R","?","?","T","?","?","M","R","M","R","BOSS","M"],"build_version":"2018-10-25v2","purchased_purges":2,"victory":false,"max_hp_per_floor":[75,75,75,75,75,75,75,75,75,75,75,75,75,75,75,75,75,75,75,75,75,75,75,75,75,75,75,75,75,75,75,75,75,75,75],"card_choices":[{"not_picked":["Hello World","Static Discharge"],"picked":"Blizzard","floor":1},{"not_picked":["Lockon","Turbo","Coolheaded"],"picked":"SKIP","floor":3},{"not_picked":["Turbo","Reinforced Body","Leap"],"picked":"SKIP","floor":7},{"not_picked":["Multi-Cast","Reinforced Body"],"picked":"Chaos","floor":11},{"not_picked":["Sweeping Beam","Cold Snap"],"picked":"Rebound","floor":14},{"not_picked":["Reboot","Rainbow"],"picked":"Biased Cognition","floor":16},{"not_picked":["Lockon","Steam+1","Rip and Tear+1"],"picked":"SKIP","floor":18},{"not_picked":["Force Field","Recycle+1"],"picked":"Defragment","floor":21},{"not_picked":["Sunder+1","Lockon","Coolheaded+1"],"picked":"SKIP","floor":22},{"not_picked":["Steam","Darkness","Cold Snap"],"picked":"SKIP","floor":29},{"not_picked":["Steam","Redo+1","Chill"],"picked":"SKIP","floor":31}],"player_experience":526491,"relics_obtained":[{"floor":7,"key":"Ornamental Fan"},{"floor":9,"key":"War Paint"},{"floor":11,"key":"Bottled Lightning"},{"floor":26,"key":"Vajra"},{"floor":34,"key":"Omamori"},{"floor":34,"key":"Mummified Hand"},{"floor":34,"key":"Thread and Needle"}],"event_choices":[{"damage_healed":0,"gold_gain":0,"player_choice":"Success","damage_taken":7,"relics_obtained":["Ginger"],"max_hp_gain":0,"max_hp_loss":0,"event_name":"Scrap Ooze","floor":2,"gold_loss":0},{"damage_healed":0,"gold_gain":0,"player_choice":"Got Potions","damage_taken":0,"max_hp_gain":0,"max_hp_loss":0,"event_name":"The Lab","floor":5,"gold_loss":0},{"damage_healed":0,"gold_gain":75,"player_choice":"Gather Gold","damage_taken":11,"max_hp_gain":0,"max_hp_loss":0,"event_name":"World of Goop","floor":13,"gold_loss":0},{"damage_healed":0,"gold_gain":0,"cards_transformed":["Strike_B","Strike_B"],"player_choice":"Became Test Subject","damage_taken":0,"max_hp_gain":0,"max_hp_loss":0,"event_name":"Drug Dealer","floor":20,"gold_loss":0,"cards_obtained":["Steam","Biased Cognition"]},{"damage_healed":0,"gold_gain":0,"player_choice":"Obtained Relic","damage_taken":0,"relics_obtained":["Blood Vial"],"max_hp_gain":0,"max_hp_loss":0,"event_name":"Addict","floor":24,"gold_loss":85},{"cards_removed":["Defend_B"],"damage_healed":0,"gold_gain":0,"player_choice":"Elegance","damage_taken":0,"max_hp_gain":0,"max_hp_loss":0,"event_name":"Back to Basics","floor":27,"gold_loss":0},{"damage_healed":0,"gold_gain":0,"player_choice":"Ignored","damage_taken":0,"max_hp_gain":0,"max_hp_loss":0,"event_name":"Ghosts","floor":28,"gold_loss":0}],"is_beta":true,"boss_relics":[{"not_picked":["Coffee Dripper","Snecko Eye"],"picked":"FrozenCore"},{"not_picked":["Eternal Feather","Fusion Hammer"],"picked":"Calling Bell"}],"items_purged_floors":[4,19],"is_endless":false,"potions_floor_spawned":[1,11,16,29,33],"killed_by":"3 Darklings","ascension_level":1}