{"gold_per_floor":[110,129,148,166,166,199,212,212,212,241,261,261,273,303,303,303],"floor_reached":16,"playtime":1168,"items_purged":[],"score":149,"play_id":"9856c2ca-bf1f-4e73-80be-a749070299b6","local_time":"20190103190048","is_ascension_mode":true,"campfire_choices":[{"floor":8,"key":"REST"},{"floor":15,"key":"REST"}],"neow_cost":"NONE","seed_source_timestamp":1132025844847196,"circlet_count":0,"master_deck":["Strike_B","Strike_B+1","Strike_B+1","Defend_B","Defend_B+1","Defend_B","Defend_B","Zap","Dualcast+1","Genetic Algorithm","Electrodynamics","Loop"],"relics":["Cracked Core","War Paint","Whetstone","Ornamental Fan","Darkstone Periapt","Frozen Egg 2"],"potions_floor_usage":[4,6,10,13,13,16],"damage_taken":[{"damage":0,"enemies":"Small Slimes","floor":1,"turns":2},{"damage":0,"enemies":"Cultist","floor":2,"turns":3},{"damage":4,"enemies":"Jaw Worm","floor":3,"turns":4},{"damage":17,"enemies":"Lots of Slimes","floor":4,"turns":4},{"damage":39,"enemies":"3 Sentries","floor":6,"turns":10},{"damage":2,"enemies":"2 Fungi Beasts","floor":7,"turns":3},{"damage":7,"enemies":"Gremlin Nob","floor":10,"turns":3},{"damage":13,"enemies":"Blue Slaver","floor":11,"turns":3},{"damage":2,"enemies":"Large Slime","floor":13,"turns":5},{"damage":10,"enemies":"Lagavulin","floor":14,"turns":7},{"damage":31,"enemies":"The Guardian","floor":16,"turns":9}],"seed_played":"5264980615394908644","potions_obtained":[{"floor":1,"key":"PowerPotion"},{"floor":4,"key":"SkillPotion"},{"floor":7,"key":"Energy Potion"},{"floor":10,"key":"Dexterity Potion"},{"floor":11,"key":"Explosive Potion"},{"floor":12,"key":"SpeedPotion"}],"is_trial":false,"path_per_floor":["M","M","M","M","?","E","M","R","T","E","M","?","M","E","R","B"],"character_chosen":"DEFECT","items_purchased":[],"campfire_rested":2,"item_purchase_floors":[],"current_hp_per_floor":[75,75,71,54,54,15,13,35,35,28,15,15,13,3,25,0],"gold":303,"neow_bonus":"RANDOM_COMMON_RELIC","is_prod":false,"is_daily":false,"chose_seed":false,"campfire_upgraded":0,"win_rate":0,"timestamp":1546563648,"path_taken":["M","M","M","M","?","E","M","R","T","E","?","?","M","E","R","BOSS"],"build_version":"2018-12-20","purchased_purges":0,"victory":false,"max_hp_per_floor":[75,75,75,75,75,75,75,75,75,75,75,75,75,75,75,75],"card_choices":[{"not_picked":["Undo","Hologram","Gash"],"picked":"SKIP","floor":1},{"not_picked":["Tempest","Beam Cell"],"picked":"Genetic Algorithm","floor":2},{"not_picked":["Gash","Redo","Go for the Eyes"],"picked":"SKIP","floor":3},{"not_picked":["Beam Cell","Static Discharge","Auto Shields"],"picked":"SKIP","floor":4},{"not_picked":["Aggregate","Leap","Chill"],"picked":"SKIP","floor":6},{"not_picked":["Turbo","Skim"],"picked":"Electrodynamics","floor":7},{"not_picked":["Lockon","Recycle","Sweeping Beam"],"picked":"SKIP","floor":10},{"not_picked":["Rebound","Barrage","Storm"],"picked":"SKIP","floor":11},{"not_picked":["Storm","Double Energy"],"picked":"Loop","floor":13},{"not_picked":["Go for the Eyes","Beam Cell","Undo"],"picked":"SKIP","floor":14}],"player_experience":209966,"relics_obtained":[{"floor":6,"key":"Whetstone"},{"floor":9,"key":"Ornamental Fan"},{"floor":10,"key":"Darkstone Periapt"},{"floor":14,"key":"Frozen Egg 2"}],"event_choices":[{"cards_removed":["Strike_B"],"damage_healed":0,"gold_gain":0,"player_choice":"Purged","damage_taken":0,"max_hp_gain":0,"max_hp_loss":0,"event_name":"Purifier","floor":5,"gold_loss":0},{"damage_healed":0,"gold_gain":0,"player_choice":"Got Potions","damage_taken":0,"max_hp_gain":0,"max_hp_loss":0,"event_name":"Lab","floor":12,"gold_loss":0}],"is_beta":false,"boss_relics":[],"items_purged_floors":[],"is_endless":false,"potions_floor_spawned":[1,4,7,10,11],"killed_by":"The Guardian","ascension_level":4}