{"gold_per_floor":[110,120,120,120,138,171,171,171,171,184,184,202,202,212,212,312,312,331,351,371,371,383,383,85,120,147,101,120,120,146,156,156,254,254,276,288,300,412,442,454,44,70,94,94,113,132,8,22,22,22],"floor_reached":50,"playtime":4345,"items_purged":["Pain","Regret"],"score":589,"play_id":"16db0c2e-78bd-4d5b-9659-73f9ff021c01","local_time":"20181209114955","is_ascension_mode":false,"campfire_choices":[{"floor":8,"key":"REST"},{"floor":13,"key":"REST"},{"floor":15,"key":"REST"},{"floor":23,"key":"REST"},{"floor":29,"key":"REST"},{"floor":32,"key":"REST"},{"floor":40,"key":"REST"},{"floor":44,"key":"REST"},{"floor":49,"key":"REST"}],"neow_cost":"NONE","seed_source_timestamp":4549351680110,"circlet_count":0,"master_deck":["Strike_R","Strike_R","Strike_R","Strike_R","Defend_R","Defend_R+1","Defend_R","Bash","Rampage","Metallicize","Seeing Red","Thunderclap","Dropkick","Barricade","Thunderclap+1","Infernal Blade","Anger","Pommel Strike+1","Headbutt","Feed","Pommel Strike+1","Uppercut","Hemokinesis+1","Cleave+1","Disarm+1","Offering","Cleave+1","Armaments","Wild Strike+1","True Grit+1","Shrug It Off+1","Carnage+1","Havoc+1","Double Tap","Violence","Madness","Armaments+1","Offering","Demon Form","Spot Weakness","Ghostly Armor+1"],"relics":["Burning Blood","Boot","Matryoshka","Lantern","Dream Catcher","Smiling Mask","Lizard Tail","WarpedTongs","Tiny Chest","Mummified Hand","Pear","Omamori","Ancient Tea Set","Calling Bell","MawBank","Singing Bowl","Magic Flower","Ginger","Whetstone","Oddly Smooth Stone","Strawberry"],"potions_floor_usage":[16,30,30,30,30,30,33,33,33,39,46,46,50,50,50],"damage_taken":[{"damage":2,"enemies":"Small Slimes","floor":1,"turns":4},{"damage":1,"enemies":"Jaw Worm","floor":2,"turns":4},{"damage":0,"enemies":"Cultist","floor":5,"turns":2},{"damage":47,"enemies":"3 Sentries","floor":6,"turns":9},{"damage":8,"enemies":"2 Fungi Beasts","floor":10,"turns":3},{"damage":16,"enemies":"Exordium Thugs","floor":12,"turns":3},{"damage":8,"enemies":"Red Slaver","floor":14,"turns":4},{"damage":25,"enemies":"Slime Boss","floor":16,"turns":10},{"damage":12,"enemies":"Chosen","floor":18,"turns":4},{"damage":24,"enemies":"Spheric Guardian","floor":19,"turns":4},{"damage":39,"enemies":"3 Cultists","floor":20,"turns":5},{"damage":33,"enemies":"Shelled Parasite and Fungi","floor":22,"turns":5},{"damage":32,"enemies":"Gremlin Leader","floor":25,"turns":7},{"damage":27,"enemies":"Sentry and Sphere","floor":28,"turns":4},{"damage":40,"enemies":"Slavers","floor":30,"turns":4},{"damage":18,"enemies":"Chosen and Byrds","floor":31,"turns":3},{"damage":16,"enemies":"Collector","floor":33,"turns":9},{"damage":7,"enemies":"3 Shapes","floor":35,"turns":3},{"damage":64,"enemies":"Mind Bloom Boss Battle","floor":38,"turns":6},{"damage":29,"enemies":"3 Darklings","floor":39,"turns":4},{"damage":42,"enemies":"Reptomancer","floor":42,"turns":9},{"damage":17,"enemies":"Jaw Worm Horde","floor":45,"turns":2},{"damage":16,"enemies":"Transient","floor":46,"turns":5},{"damage":14,"enemies":"3 Darklings","floor":48,"turns":3},{"damage":134,"enemies":"Time Eater","floor":50,"turns":10}],"seed_played":"8575124929313649510","potions_obtained":[{"floor":1,"key":"EssenceOfSteel"},{"floor":2,"key":"FearPotion"},{"floor":6,"key":"Ancient Potion"},{"floor":19,"key":"EntropicBrew"},{"floor":30,"key":"EssenceOfSteel"},{"floor":31,"key":"Regen Potion"},{"floor":33,"key":"SteroidPotion"},{"floor":45,"key":"Fire Potion"},{"floor":46,"key":"Poison Potion"}],"is_trial":false,"path_per_floor":["M","M","?","?","M","E","?","R","T","M","?","M","R","M","R","B",null,"M","M","M","?","M","R","$","E","T","$","M","R","E","M","R","B",null,"M","?","?","?","M","R","$","E","T","R","M","M","$","M","R","B"],"character_chosen":"IRONCLAD","items_purchased":["Tiny Chest","Offering","Armaments","Regen Potion","EssenceOfSteel","Whetstone","Offering","Spot Weakness","PowerPotion"],"campfire_rested":9,"item_purchase_floors":[24,24,27,41,41,41,41,47,47],"current_hp_per_floor":[80,80,73,73,79,38,38,62,62,60,44,34,58,56,80,61,80,74,59,29,29,49,75,75,49,59,59,38,67,36,24,54,63,106,111,111,103,48,30,66,66,33,40,79,73,92,92,89,128,0],"gold":22,"neow_bonus":"RANDOM_COMMON_RELIC","is_prod":false,"is_daily":false,"chose_seed":false,"campfire_upgraded":0,"win_rate":0,"timestamp":1544356195,"path_taken":["M","M","?","?","M","E","?","R","T","?","?","M","R","M","R","BOSS","M","M","M","?","?","R","$","E","T","$","M","R","E","M","R","BOSS","M","?","?","?","M","R","$","E","T","R","M","M","?","?","R","BOSS"],"build_version":"2018-12-06","purchased_purges":2,"victory":false,"max_hp_per_floor":[80,80,80,80,80,80,80,80,80,80,80,80,80,80,80,80,80,80,83,86,86,89,89,89,89,99,99,99,99,102,102,102,106,106,111,111,113,113,115,117,117,117,124,126,128,130,130,132,132,132],"card_choices":[{"not_picked":["Reckless Charge","Perfected Strike"],"picked":"Rampage","floor":1},{"not_picked":["Cleave","Flex"],"picked":"Metallicize","floor":2},{"not_picked":["Flex","Headbutt"],"picked":"Thunderclap","floor":5},{"not_picked":["Heavy Blade","Warcry"],"picked":"Dropkick","floor":6},{"not_picked":["Juggernaut","Warcry"],"picked":"Thunderclap","floor":10},{"not_picked":["Carnage","Heavy Blade"],"picked":"Infernal Blade","floor":12},{"not_picked":["Shrug It Off","Twin Strike"],"picked":"Anger","floor":13},{"not_picked":["Sever Soul","Thunderclap"],"picked":"Pommel Strike","floor":14},{"not_picked":["Pommel Strike","Havoc"],"picked":"Headbutt","floor":15},{"not_picked":["Double Tap","Limit Break"],"picked":"Feed","floor":16},{"not_picked":["Heavy Blade+1","Cleave"],"picked":"Pommel Strike+1","floor":18},{"not_picked":["Rupture","Cleave"],"picked":"Uppercut","floor":19},{"not_picked":["Havoc","Bludgeon"],"picked":"Hemokinesis+1","floor":20},{"not_picked":["Pummel","Sword Boomerang"],"picked":"Cleave","floor":22},{"not_picked":["Clothesline","Body Slam"],"picked":"Disarm+1","floor":23},{"not_picked":["Searing Blow","Clothesline"],"picked":"Cleave+1","floor":25},{"not_picked":["Headbutt","True Grit"],"picked":"Wild Strike+1","floor":28},{"not_picked":["Thunderclap","Armaments"],"picked":"True Grit+1","floor":29},{"not_picked":["Flex","Feed"],"picked":"Shrug It Off+1","floor":30},{"not_picked":["Clothesline","Headbutt"],"picked":"Carnage+1","floor":31},{"not_picked":["Warcry","Wild Strike"],"picked":"Havoc+1","floor":32},{"not_picked":["Reaper","Fiend Fire"],"picked":"Double Tap","floor":33},{"not_picked":["Sword Boomerang+1","Metallicize","Shockwave"],"picked":"Singing Bowl","floor":35},{"not_picked":["Discovery","Secret Weapon"],"picked":"Violence","floor":37},{"not_picked":["Bandage Up","Forethought"],"picked":"Madness","floor":37},{"not_picked":["Mayhem","Deep Breath","Flash of Steel"],"picked":"Singing Bowl","floor":37},{"not_picked":["Shrug It Off+1","Clothesline"],"picked":"Armaments+1","floor":38},{"not_picked":["Armaments+1","Whirlwind","Sever Soul+1"],"picked":"Singing Bowl","floor":39},{"not_picked":["Iron Wave","Shrug It Off+1","Sword Boomerang"],"picked":"Singing Bowl","floor":40},{"not_picked":["Dual Wield+1","Corruption+1"],"picked":"Demon Form","floor":42},{"not_picked":["Shockwave","Feel No Pain","True Grit+1"],"picked":"Singing Bowl","floor":44},{"not_picked":["Shrug It Off+1","Hemokinesis","Evolve"],"picked":"Singing Bowl","floor":45},{"not_picked":["Hemokinesis","Havoc","Cleave"],"picked":"Singing Bowl","floor":46},{"not_picked":["Perfected Strike+1","Shrug It Off+1","Uppercut"],"picked":"Singing Bowl","floor":48},{"not_picked":["Bloodletting","Burning Pact+1"],"picked":"Ghostly Armor+1","floor":49}],"player_experience":189793,"relics_obtained":[{"floor":6,"key":"Lantern"},{"floor":9,"key":"Dream Catcher"},{"floor":9,"key":"Smiling Mask"},{"floor":25,"key":"Mummified Hand"},{"floor":26,"key":"Pear"},{"floor":26,"key":"Omamori"},{"floor":30,"key":"Ancient Tea Set"},{"floor":34,"key":"MawBank"},{"floor":34,"key":"Singing Bowl"},{"floor":34,"key":"Magic Flower"},{"floor":38,"key":"Ginger"},{"floor":42,"key":"Oddly Smooth Stone"},{"floor":43,"key":"Strawberry"}],"event_choices":[{"damage_healed":0,"gold_gain":0,"player_choice":"Success","damage_taken":7,"relics_obtained":["Matryoshka"],"max_hp_gain":0,"max_hp_loss":0,"event_name":"Scrap Ooze","floor":3,"gold_loss":0},{"damage_healed":0,"gold_gain":0,"cards_transformed":["Strike_R"],"player_choice":"Change","damage_taken":0,"max_hp_gain":0,"max_hp_loss":0,"event_name":"Living Wall","floor":4,"gold_loss":0,"cards_obtained":["Seeing Red"]},{"damage_healed":0,"gold_gain":0,"player_choice":"1 cards matched","damage_taken":0,"max_hp_gain":0,"max_hp_loss":0,"event_name":"Match and Keep!","floor":7,"gold_loss":0,"cards_obtained":["Barricade"]},{"damage_healed":0,"gold_gain":0,"player_choice":"Entered Light","damage_taken":16,"max_hp_gain":0,"max_hp_loss":0,"event_name":"Shining Light","floor":11,"gold_loss":0,"cards_upgraded":["Defend_R","Thunderclap"]},{"damage_healed":0,"gold_gain":0,"player_choice":"Rummage","damage_taken":0,"relics_obtained":["WarpedTongs"],"max_hp_gain":0,"max_hp_loss":0,"event_name":"Accursed Blacksmith","floor":21,"gold_loss":0,"cards_obtained":["Pain"]},{"cards_removed":["Defend_R"],"damage_healed":0,"gold_gain":0,"player_choice":"Removed Skill","damage_taken":0,"max_hp_gain":0,"max_hp_loss":0,"event_name":"Falling","floor":36,"gold_loss":0},{"damage_healed":0,"gold_gain":0,"player_choice":"Memory 3","damage_taken":10,"max_hp_gain":0,"max_hp_loss":0,"event_name":"SensoryStone","floor":37,"gold_loss":0},{"damage_healed":0,"gold_gain":0,"player_choice":"Fight","damage_taken":0,"max_hp_gain":0,"max_hp_loss":0,"event_name":"MindBloom","floor":38,"gold_loss":0}],"is_beta":false,"boss_relics":[{"not_picked":["Eternal Feather","Coffee Dripper"],"picked":"Lizard Tail"},{"not_picked":["Busted Crown","Velvet Choker"],"picked":"Calling Bell"}],"items_purged_floors":[24,41],"is_endless":false,"potions_floor_spawned":[1,2,6,19,25,30,31,33,45,46,48],"killed_by":"Time Eater","ascension_level":0}