{"gold_per_floor":[118,118,135,148,163,163,180,180,180,180,214,224,237,10,10,10],"floor_reached":16,"playtime":718,"items_purged":[],"score":130,"play_id":"ab648bd1-8433-42f4-b952-233e08065c19","local_time":"20181202135947","is_ascension_mode":true,"campfire_choices":[{"data":"Armaments","floor":6,"key":"SMITH"},{"data":"Body Slam","floor":8,"key":"SMITH"},{"data":"True Grit","floor":10,"key":"SMITH"},{"data":"Apotheosis","floor":15,"key":"SMITH"}],"neow_cost":"NONE","seed_source_timestamp":781070166463117,"circlet_count":0,"master_deck":["Strike_R","Strike_R","Strike_R","Strike_R","Strike_R","Defend_R","Defend_R","Defend_R","Defend_R","Bash","Forethought","Armaments+1","Decay","Battle Trance","Uppercut","Body Slam+1","True Grit+1","Sentinel","Seeing Red","Anger","Apotheosis+1","Inflame"],"relics":["Burning Blood","Dream Catcher","Lantern"],"potions_floor_usage":[11,16,16],"damage_taken":[{"damage":2,"enemies":"2 Louse","floor":1,"turns":2},{"damage":3,"enemies":"Cultist","floor":3,"turns":4},{"damage":6,"enemies":"Small Slimes","floor":4,"turns":4},{"damage":18,"enemies":"Looter","floor":5,"turns":4},{"damage":9,"enemies":"3 Louse","floor":7,"turns":4},{"damage":37,"enemies":"3 Sentries","floor":11,"turns":10},{"damage":11,"enemies":"Large Slime","floor":12,"turns":4},{"damage":0,"enemies":"Blue Slaver","floor":13,"turns":2},{"damage":50,"enemies":"The Guardian","floor":16,"turns":9}],"seed_played":"4914642143974713030","potions_obtained":[{"floor":1,"key":"Weak Potion"},{"floor":3,"key":"Regen Potion"},{"floor":4,"key":"FearPotion"},{"floor":12,"key":"Energy Potion"}],"is_trial":false,"path_per_floor":["M","?","M","M","M","R","M","R","T","R","E","M","M","$","R","B"],"character_chosen":"IRONCLAD","items_purchased":["Apotheosis","Inflame"],"campfire_rested":0,"item_purchase_floors":[14,14],"current_hp_per_floor":[80,80,80,80,68,68,65,65,65,65,49,44,50,50,50,0],"gold":10,"neow_bonus":"RANDOM_COLORLESS","is_prod":false,"is_daily":false,"chose_seed":false,"campfire_upgraded":4,"win_rate":0,"timestamp":1543777187,"path_taken":["M","?","?","M","M","R","M","R","T","R","E","M","M","$","R","BOSS"],"build_version":"2018-11-15","purchased_purges":0,"victory":false,"max_hp_per_floor":[80,80,80,80,80,80,80,80,80,80,80,80,80,80,80,80],"card_choices":[{"not_picked":["Corruption","Shockwave"],"picked":"Armaments","floor":1},{"not_picked":["Thunderclap","Anger"],"picked":"Battle Trance","floor":3},{"not_picked":["Wild Strike","Iron Wave"],"picked":"Uppercut","floor":4},{"not_picked":["Uppercut","Heavy Blade"],"picked":"Body Slam","floor":5},{"not_picked":["Offering","Anger"],"picked":"True Grit","floor":7},{"not_picked":["Wild Strike","Corruption"],"picked":"Sentinel","floor":11},{"not_picked":["Wild Strike","Bloodletting"],"picked":"Seeing Red","floor":12},{"not_picked":["Corruption","Perfected Strike"],"picked":"Anger","floor":13}],"player_experience":334210,"relics_obtained":[{"floor":9,"key":"Dream Catcher"},{"floor":11,"key":"Lantern"}],"event_choices":[{"damage_healed":0,"gold_gain":0,"player_choice":"Cursed","damage_taken":0,"max_hp_gain":0,"max_hp_loss":0,"event_name":"Wheel of Change","floor":2,"gold_loss":0,"cards_obtained":["Decay"]}],"is_beta":false,"boss_relics":[],"items_purged_floors":[],"is_endless":false,"potions_floor_spawned":[1,3,4,12],"killed_by":"The Guardian","ascension_level":5}