{"gold_per_floor":[10,22,22,47,47,73,73,86,86,97,97,108,122,21,21,95,95,106,118,118,118,128,128],"floor_reached":23,"playtime":627,"items_purged":[],"score":347,"play_id":"8e25a5d1-944e-4cd9-895d-e8083a59850e","local_time":"20190209152757","is_ascension_mode":true,"campfire_choices":[{"floor":7,"key":"REST"},{"data":"Armaments","floor":15,"key":"SMITH"}],"neow_cost":"NO_GOLD","seed_source_timestamp":1759294946792052,"circlet_count":0,"master_deck":["AscendersBane","Strike_R+1","Strike_R","Defend_R","Defend_R","Defend_R","Bash+1","Twin Strike","Anger","Whirlwind","Clash","Thunderclap","Clash","Spot Weakness","Armaments+1","Reaper","Seeing Red"],"relics":["Burning Blood","Orichalcum","Kunai","Bottled Flame","Runic Pyramid","Nilry\u0027s Codex"],"potions_floor_usage":[12,16,16,22],"damage_taken":[{"damage":22,"enemies":"Small Slimes","floor":1,"turns":4},{"damage":2,"enemies":"Jaw Worm","floor":2,"turns":3},{"damage":35,"enemies":"3 Sentries","floor":6,"turns":11},{"damage":0,"enemies":"2 Louse","floor":8,"turns":2},{"damage":10,"enemies":"Blue Slaver","floor":10,"turns":3},{"damage":0,"enemies":"Exordium Thugs","floor":12,"turns":2},{"damage":6,"enemies":"Looter","floor":13,"turns":2},{"damage":7,"enemies":"Slime Boss","floor":16,"turns":7},{"damage":0,"enemies":"3 Byrds","floor":18,"turns":5},{"damage":6,"enemies":"Shell Parasite","floor":19,"turns":3},{"damage":29,"enemies":"Snake Plant","floor":22,"turns":3},{"damage":32,"enemies":"Book of Stabbing","floor":23,"turns":4}],"seed_played":"-2215234155780582192","potions_obtained":[{"floor":6,"key":"Weak Potion"},{"floor":8,"key":"AttackPotion"},{"floor":13,"key":"Poison Potion"},{"floor":18,"key":"GamblersBrew"}],"is_trial":false,"path_per_floor":["M","M","?","T","?","E","R","M","T","M","?","M","M","$","R","B",null,"M","M","?","?","M","E"],"character_chosen":"IRONCLAD","items_purchased":["Spot Weakness","Armaments"],"campfire_rested":1,"item_purchase_floors":[14,14],"current_hp_per_floor":[52,56,56,56,49,20,42,48,48,44,21,27,27,27,27,26,63,75,75,54,54,31,0],"gold":128,"neow_bonus":"REMOVE_TWO","is_prod":false,"is_daily":false,"chose_seed":false,"campfire_upgraded":1,"win_rate":0,"timestamp":1549744077,"path_taken":["M","M","?","?","?","E","R","M","T","M","?","?","M","?","R","BOSS","M","M","?","?","M","E"],"build_version":"2019-02-06","purchased_purges":0,"victory":false,"max_hp_per_floor":[75,75,75,75,75,75,75,75,75,75,75,75,75,75,75,75,75,75,75,75,75,75,75],"card_choices":[{"not_picked":["Iron Wave","Metallicize"],"picked":"Twin Strike","floor":1},{"not_picked":["Dropkick","Heavy Blade"],"picked":"Anger","floor":2},{"not_picked":["Demon Form","Headbutt"],"picked":"Whirlwind","floor":6},{"not_picked":["Shrug It Off","Rupture"],"picked":"Clash","floor":8},{"not_picked":["Corruption","Reckless Charge"],"picked":"Thunderclap","floor":10},{"not_picked":["Headbutt","Heavy Blade"],"picked":"Clash","floor":12},{"not_picked":["Barricade","Disarm","Heavy Blade"],"picked":"SKIP","floor":13},{"not_picked":["Dark Embrace","Demon Form"],"picked":"Reaper","floor":16},{"not_picked":["Bloodletting","Warcry","Feel No Pain"],"picked":"SKIP","floor":18},{"not_picked":["Cleave","Headbutt"],"picked":"Seeing Red","floor":19},{"not_picked":["Body Slam","Thunderclap","Twin Strike"],"picked":"SKIP","floor":22}],"player_experience":649336,"relics_obtained":[{"floor":4,"key":"Orichalcum"},{"floor":6,"key":"Kunai"},{"floor":9,"key":"Bottled Flame"},{"floor":20,"key":"Nilry\u0027s Codex"}],"event_choices":[{"cards_removed":["Strike_R"],"damage_healed":0,"gold_gain":0,"player_choice":"Forget","damage_taken":0,"max_hp_gain":0,"max_hp_loss":0,"event_name":"Living Wall","floor":3,"gold_loss":0},{"cards_removed":["Strike_R"],"damage_healed":0,"gold_gain":0,"player_choice":"Card Removal","damage_taken":7,"max_hp_gain":0,"max_hp_loss":0,"event_name":"Golden Wing","floor":5,"gold_loss":0},{"damage_healed":0,"gold_gain":0,"player_choice":"Entered Light","damage_taken":23,"max_hp_gain":0,"max_hp_loss":0,"event_name":"Shining Light","floor":11,"gold_loss":0,"cards_upgraded":["Strike_R","Bash"]},{"damage_healed":0,"gold_gain":0,"player_choice":"Obtained Book","damage_taken":21,"max_hp_gain":0,"max_hp_loss":0,"event_name":"Cursed Tome","floor":20,"gold_loss":0},{"damage_healed":0,"gold_gain":0,"player_choice":"Ignored","damage_taken":0,"max_hp_gain":0,"max_hp_loss":0,"event_name":"The Mausoleum","floor":21,"gold_loss":0}],"is_beta":true,"boss_relics":[{"not_picked":["Ectoplasm","Runic Cube"],"picked":"Runic Pyramid"}],"items_purged_floors":[],"is_endless":false,"potions_floor_spawned":[6,8,10,13,18],"killed_by":"Book of Stabbing","ascension_level":16}