{"gold_per_floor":[110,35,35,47,97,97,131,131,180,192,223,223,239,285,285,363,363,373,373,391,404,404,404,404,421,421,444,461,461,479,67,67,139,139,156,58,333,28,98,127,127,127,127,142,142],"floor_reached":45,"playtime":1368,"items_purged":["Strike_B+1","Regret"],"score":998,"play_id":"5bbb2412-649f-49a4-bf01-8dbee4cc0522","local_time":"20181108053550","is_ascension_mode":true,"campfire_choices":[{"data":"Beam Cell","floor":6,"key":"SMITH"},{"data":"Zap","floor":8,"key":"SMITH"},{"data":"Dualcast","floor":12,"key":"SMITH"},{"data":"Reinforced Body","floor":15,"key":"SMITH"},{"floor":23,"key":"REST"},{"data":"Go for the Eyes","floor":29,"key":"SMITH"},{"data":"Mayhem","floor":32,"key":"SMITH"},{"floor":41,"key":"REST"}],"neow_cost":"NONE","seed_source_timestamp":2907861195275,"circlet_count":0,"master_deck":["AscendersBane","Strike_B+1","Strike_B+1","Strike_B+1","Defend_B+1","Defend_B+1","Defend_B+1","Zap+1","Dualcast+1","Beam Cell+1","Scrape+1","Reinforced Body+1","Seek","Chill","Gash","Self Repair","Echo Form","Beam Cell","Mayhem+1","Bandage Up","Capacitor","Core Surge","Conserve Battery+1","Beam Cell+1","Trip","Magnetism","Leap+1"],"relics":["Cracked Core","NeowsBlessing","Potion Belt","Symbiotic Virus","Pen Nib","Mercury Hourglass","Regal Pillow","Sozu","DataDisk","Juzu Bracelet","Orrery","Cables","Dream Catcher","Whetstone"],"potions_floor_usage":[11,21,30],"damage_taken":[{"damage":0,"enemies":"Small Slimes","floor":1,"turns":1},{"damage":0,"enemies":"Cultist","floor":4,"turns":1},{"damage":0,"enemies":"Lagavulin","floor":7,"turns":1},{"damage":4,"enemies":"Jaw Worm","floor":10,"turns":2},{"damage":0,"enemies":"Gremlin Nob","floor":11,"turns":2},{"damage":3,"enemies":"Blue Slaver","floor":13,"turns":2},{"damage":17,"enemies":"Hexaghost","floor":16,"turns":7},{"damage":0,"enemies":"Spheric Guardian","floor":18,"turns":3},{"damage":3,"enemies":"3 Byrds","floor":20,"turns":4},{"damage":15,"enemies":"Cultist and Chosen","floor":21,"turns":5},{"damage":6,"enemies":"Snake Plant","floor":25,"turns":4},{"damage":1,"enemies":"Centurion and Healer","floor":28,"turns":4},{"damage":0,"enemies":"Snecko","floor":30,"turns":3},{"damage":44,"enemies":"Automaton","floor":33,"turns":11},{"damage":12,"enemies":"3 Darklings","floor":35,"turns":6},{"damage":52,"enemies":"Reptomancer","floor":40,"turns":7},{"damage":38,"enemies":"3 Shapes","floor":44,"turns":6},{"damage":100,"enemies":"Writhing Mass","floor":45,"turns":4}],"seed_played":"822863418505734857","potions_obtained":[{"floor":1,"key":"Ancient Potion"},{"floor":7,"key":"SteroidPotion"},{"floor":10,"key":"GamblersBrew"}],"is_trial":false,"path_per_floor":["M","?","?","M","?","R","E","R","T","M","E","R","M","T","R","B",null,"M","?","M","M","?","R","?","M","T","T","M","R","M","$","R","B",null,"M","$","?","$","T","E","R","?","T","M","M"],"character_chosen":"DEFECT","items_purchased":["Mayhem","Bandage Up","Capacitor","Trip","Magnetism"],"campfire_rested":2,"item_purchase_floors":[31,31,31,36,38],"current_hp_per_floor":[64,64,46,46,39,39,39,39,39,35,35,35,32,32,32,15,57,57,57,54,39,39,71,71,65,65,65,71,71,71,71,71,38,63,69,69,69,69,69,35,71,71,71,44,0],"gold":142,"neow_bonus":"THREE_ENEMY_KILL","is_prod":false,"is_daily":false,"chose_seed":false,"campfire_upgraded":6,"win_rate":0,"timestamp":1541673350,"path_taken":["M","?","?","M","?","R","E","R","T","M","E","R","?","?","R","BOSS","M","?","M","M","?","R","?","M","T","?","M","R","M","$","R","BOSS","M","$","?","$","?","E","R","?","T","M","M"],"build_version":"2018-11-07","purchased_purges":2,"victory":false,"max_hp_per_floor":[71,71,71,71,71,71,71,71,71,71,71,71,71,71,71,71,71,71,71,71,71,71,71,71,71,71,71,71,71,71,71,71,71,71,71,71,71,71,71,71,71,71,71,71,71],"card_choices":[{"not_picked":["Auto Shields","Static Discharge"],"picked":"Beam Cell","floor":1},{"not_picked":["Barrage","Leap"],"picked":"Go for the Eyes","floor":4},{"not_picked":["Blizzard","Capacitor"],"picked":"Scrape","floor":7},{"not_picked":["Sweeping Beam","Turbo"],"picked":"Reinforced Body","floor":10},{"not_picked":["Doom and Gloom","Streamline","Genetic Algorithm"],"picked":"SKIP","floor":11},{"not_picked":["Genetic Algorithm","Stack","Compile Driver"],"picked":"SKIP","floor":13},{"not_picked":["Electrodynamics","Buffer"],"picked":"Seek","floor":16},{"not_picked":["Cold Snap","Fusion","Conserve Battery"],"picked":"SKIP","floor":18},{"not_picked":["Stack","Streamline"],"picked":"Chill","floor":20},{"not_picked":["Sweeping Beam","Coolheaded","Sunder"],"picked":"SKIP","floor":21},{"not_picked":["Redo","Sweeping Beam"],"picked":"Self Repair","floor":25},{"not_picked":["Leap+1","Barrage"],"picked":"Echo Form","floor":28},{"not_picked":["Streamline+1","Sweeping Beam+1"],"picked":"Beam Cell","floor":30},{"not_picked":["Echo Form","Seek"],"picked":"Core Surge","floor":33},{"not_picked":["Double Energy","Melter"],"picked":"Conserve Battery+1","floor":34},{"not_picked":["Tempest+1","Skim"],"picked":"Beam Cell","floor":35},{"not_picked":["Capacitor","Glacier","Hello World"],"picked":"SKIP","floor":40},{"not_picked":["Compile Driver","Turbo"],"picked":"Leap+1","floor":44}],"player_experience":557465,"relics_obtained":[{"floor":7,"key":"Symbiotic Virus"},{"floor":9,"key":"Pen Nib"},{"floor":11,"key":"Mercury Hourglass"},{"floor":14,"key":"Regal Pillow"},{"floor":26,"key":"DataDisk"},{"floor":27,"key":"Juzu Bracelet"},{"floor":39,"key":"Cables"},{"floor":40,"key":"Dream Catcher"},{"floor":43,"key":"Whetstone"}],"event_choices":[{"cards_removed":["Defend_B"],"damage_healed":0,"gold_gain":0,"player_choice":"Card Removal","damage_taken":0,"max_hp_gain":0,"max_hp_loss":0,"event_name":"The Cleric","floor":2,"gold_loss":75},{"damage_healed":0,"gold_gain":0,"player_choice":"Success","damage_taken":18,"relics_obtained":["Potion Belt"],"max_hp_gain":0,"max_hp_loss":0,"event_name":"Scrap Ooze","floor":3,"gold_loss":0},{"damage_healed":0,"gold_gain":50,"player_choice":"Touch","damage_taken":7,"max_hp_gain":0,"max_hp_loss":0,"event_name":"FaceTrader","floor":5,"gold_loss":0},{"damage_healed":0,"gold_gain":0,"player_choice":"Simplicity","damage_taken":0,"max_hp_gain":0,"max_hp_loss":0,"event_name":"Back to Basics","floor":19,"gold_loss":0,"cards_upgraded":["Strike_B","Strike_B","Strike_B","Strike_B","Defend_B","Defend_B","Defend_B"]},{"damage_healed":0,"gold_gain":0,"player_choice":"Read","damage_taken":0,"max_hp_gain":0,"max_hp_loss":0,"event_name":"The Library","floor":22,"gold_loss":0,"cards_obtained":["Gash"]},{"damage_healed":0,"gold_gain":0,"player_choice":"Ignored","damage_taken":0,"max_hp_gain":0,"max_hp_loss":0,"event_name":"The Mausoleum","floor":24,"gold_loss":0},{"damage_healed":0,"gold_gain":275,"player_choice":"Desecrate","damage_taken":0,"max_hp_gain":0,"max_hp_loss":0,"event_name":"Golden Shrine","floor":37,"gold_loss":0,"cards_obtained":["Regret"]},{"cards_removed":["Go for the Eyes"],"damage_healed":0,"gold_gain":0,"player_choice":"Removed Attack","damage_taken":0,"max_hp_gain":0,"max_hp_loss":0,"event_name":"Falling","floor":42,"gold_loss":0}],"is_beta":true,"boss_relics":[{"not_picked":["Calling Bell","Lizard Tail"],"picked":"Sozu"},{"not_picked":["Fusion Hammer","Snecko Eye"],"picked":"Orrery"}],"items_purged_floors":[31,38],"is_endless":false,"potions_floor_spawned":[1,7,10,18,21,30,33,44],"killed_by":"Writhing Mass","ascension_level":20}