{"gold_per_floor":[118,118,131,144,154,154,169,169,169,186,261,38,54,54,54,54],"floor_reached":16,"playtime":433,"items_purged":[],"score":155,"play_id":"6c79ab37-ae97-4672-9975-510691a39f35","local_time":"20190209162357","is_ascension_mode":true,"campfire_choices":[{"data":"Bash","floor":6,"key":"SMITH"},{"data":"Shrug It Off","floor":8,"key":"SMITH"},{"data":"Chrysalis","floor":15,"key":"SMITH"}],"neow_cost":"NONE","seed_source_timestamp":17774701495319,"circlet_count":0,"master_deck":["AscendersBane","Strike_R","Strike_R","Strike_R","Strike_R","Strike_R","Defend_R","Defend_R","Defend_R","Defend_R","Bash+1","Shrug It Off+1","Pommel Strike","Whirlwind","Inflame","Chrysalis+1"],"relics":["Burning Blood","NeowsBlessing","Sundial"],"potions_floor_usage":[5,16,16],"damage_taken":[{"damage":0,"enemies":"2 Louse","floor":1,"turns":1},{"damage":0,"enemies":"Cultist","floor":3,"turns":1},{"damage":0,"enemies":"Jaw Worm","floor":4,"turns":1},{"damage":36,"enemies":"Exordium Thugs","floor":5,"turns":6},{"damage":10,"enemies":"Looter","floor":7,"turns":4},{"damage":2,"enemies":"Large Slime","floor":10,"turns":6},{"damage":7,"enemies":"2 Fungi Beasts","floor":13,"turns":4},{"damage":33,"enemies":"Slime Boss","floor":16,"turns":7}],"seed_played":"6222943543101925578","potions_obtained":[{"floor":2,"key":"SteroidPotion"},{"floor":2,"key":"PowerPotion"},{"floor":10,"key":"GamblersBrew"}],"is_trial":false,"path_per_floor":["M","?","M","M","M","R","M","R","T","M","?","$","M","$","R","B"],"character_chosen":"IRONCLAD","items_purchased":["Inflame","Chrysalis"],"campfire_rested":0,"item_purchase_floors":[12,12],"current_hp_per_floor":[78,78,80,80,50,50,46,46,46,50,39,39,38,38,38,5],"gold":54,"neow_bonus":"THREE_ENEMY_KILL","is_prod":false,"is_daily":false,"chose_seed":false,"campfire_upgraded":3,"win_rate":0,"timestamp":1549697037,"path_taken":["M","?","?","M","M","R","M","R","T","M","?","$","M","?","R","BOSS"],"build_version":"2019-01-23","purchased_purges":0,"victory":false,"max_hp_per_floor":[80,80,80,80,80,80,80,80,80,80,80,80,80,80,80,80],"card_choices":[{"not_picked":["Perfected Strike","Headbutt","Searing Blow"],"picked":"SKIP","floor":1},{"not_picked":["Clothesline","Cleave","Body Slam"],"picked":"SKIP","floor":3},{"not_picked":["Sword Boomerang","Warcry"],"picked":"Shrug It Off","floor":4},{"not_picked":["Body Slam","Armaments"],"picked":"Pommel Strike","floor":5},{"not_picked":["Warcry","Clothesline","Flex"],"picked":"SKIP","floor":7},{"not_picked":["Uppercut","Evolve"],"picked":"Whirlwind","floor":10},{"not_picked":["Shockwave","Dropkick","Warcry"],"picked":"SKIP","floor":13}],"player_experience":190700,"relics_obtained":[{"floor":9,"key":"Sundial"}],"event_choices":[{"damage_healed":0,"gold_gain":0,"player_choice":"Got Potions","damage_taken":0,"max_hp_gain":0,"max_hp_loss":0,"event_name":"Lab","floor":2,"gold_loss":0},{"damage_healed":0,"gold_gain":75,"player_choice":"Gather Gold","damage_taken":11,"max_hp_gain":0,"max_hp_loss":0,"event_name":"World of Goop","floor":11,"gold_loss":0}],"is_beta":false,"boss_relics":[],"items_purged_floors":[],"is_endless":false,"potions_floor_spawned":[3,10,13],"killed_by":"Slime Boss","ascension_level":13}