{"gold_per_floor":[119,130,130,3,3,3,44,69,69,85,85,129,148,171,171,171],"floor_reached":16,"playtime":1017,"items_purged":["Strike_B"],"score":168,"play_id":"dd505679-f145-476c-b4bc-224c75090a96","local_time":"20190102005828","is_ascension_mode":true,"campfire_choices":[{"floor":6,"key":"REST"},{"floor":11,"key":"REST"},{"floor":15,"key":"REST"}],"neow_cost":"NONE","seed_source_timestamp":1132141521296174,"circlet_count":0,"master_deck":["AscendersBane","Strike_B","Defend_B+1","Defend_B","Defend_B","Defend_B","Zap","Dualcast+1","Beam Cell","Sunder","Sweeping Beam","Rebound","Hyperbeam","Cold Snap","Beam Cell","Rip and Tear","Coolheaded"],"relics":["Empty Cage","Golden Idol","Gremlin Horn","Regal Pillow","Pantograph","War Paint"],"potions_floor_usage":[10,12,16],"damage_taken":[{"damage":23,"enemies":"Cultist","floor":1,"turns":6},{"damage":7,"enemies":"Small Slimes","floor":2,"turns":4},{"damage":55,"enemies":"3 Sentries","floor":7,"turns":8},{"damage":0,"enemies":"2 Louse","floor":8,"turns":2},{"damage":0,"enemies":"Lots of Slimes","floor":10,"turns":1},{"damage":24,"enemies":"Gremlin Nob","floor":12,"turns":4},{"damage":0,"enemies":"Exordium Wildlife","floor":13,"turns":1},{"damage":6,"enemies":"Looter","floor":14,"turns":3},{"damage":69,"enemies":"Hexaghost","floor":16,"turns":10}],"seed_played":"4265304544948863257","potions_obtained":[{"floor":2,"key":"Regen Potion"},{"floor":7,"key":"Explosive Potion"},{"floor":8,"key":"Block Potion"},{"floor":14,"key":"Fire Potion"}],"is_trial":false,"path_per_floor":["M","M","?","$","?","R","E","M","T","M","R","E","M","M","R","B"],"character_chosen":"DEFECT","items_purchased":["Sweeping Beam"],"campfire_rested":3,"item_purchase_floors":[4],"current_hp_per_floor":[45,38,38,38,38,58,3,3,3,3,38,14,14,8,43,0],"gold":171,"neow_bonus":"BOSS_RELIC","is_prod":false,"is_daily":false,"chose_seed":false,"campfire_upgraded":0,"win_rate":0,"timestamp":1546390708,"path_taken":["M","M","?","$","?","R","E","M","T","M","R","E","?","M","R","BOSS"],"build_version":"2018-12-20","purchased_purges":1,"victory":false,"max_hp_per_floor":[75,75,69,69,69,69,69,69,69,69,69,69,69,69,69,69],"card_choices":[{"not_picked":["Coolheaded","Go for the Eyes"],"picked":"Beam Cell","floor":1},{"not_picked":["Stack","Self Repair"],"picked":"Sunder","floor":2},{"not_picked":["Barrage","Compile Driver"],"picked":"Rebound","floor":7},{"not_picked":["Conserve Battery","Ball Lightning"],"picked":"Hyperbeam","floor":8},{"not_picked":["Hologram","Go for the Eyes"],"picked":"Cold Snap","floor":10},{"not_picked":["Redo","Auto Shields"],"picked":"Beam Cell","floor":12},{"not_picked":["Turbo","Defragment"],"picked":"Rip and Tear","floor":13},{"not_picked":["Darkness","Turbo"],"picked":"Coolheaded","floor":14}],"player_experience":1110595,"relics_obtained":[{"floor":7,"key":"Regal Pillow"},{"floor":9,"key":"Pantograph"},{"floor":12,"key":"War Paint"}],"event_choices":[{"damage_healed":0,"gold_gain":0,"player_choice":"Lose Max HP","damage_taken":0,"relics_obtained":["Golden Idol"],"max_hp_gain":0,"max_hp_loss":6,"event_name":"Golden Idol","floor":3,"gold_loss":0},{"damage_healed":0,"gold_gain":0,"player_choice":"Gave Potion","damage_taken":0,"relics_obtained":["Gremlin Horn"],"max_hp_gain":0,"max_hp_loss":0,"event_name":"WeMeetAgain","floor":5,"gold_loss":0}],"is_beta":false,"boss_relics":[],"items_purged_floors":[4],"is_endless":false,"potions_floor_spawned":[2,7,8,14],"killed_by":"Hexaghost","ascension_level":10}