{"gold_per_floor":[112,112,122,397,28,55,55,87,112,112,142,155,55,55,55,155,155,138,148,1,11,25,50,50,50,50,50,50,61,61,74,74,74],"floor_reached":33,"playtime":1526,"items_purged":["Regret","Strike_R","Strike_R"],"score":466,"play_id":"04e47d2c-490c-4e66-bee0-19ffa0bfc6ed","local_time":"20190203214234","is_ascension_mode":true,"campfire_choices":[{"data":"Bash","floor":7,"key":"SMITH"},{"data":"Demon Form","floor":10,"key":"SMITH"},{"floor":15,"key":"REST"},{"floor":24,"key":"REST"},{"data":"Metallicize","floor":27,"key":"SMITH"},{"data":"Shockwave","floor":30,"key":"SMITH"},{"floor":32,"key":"REST"}],"neow_cost":"NONE","seed_source_timestamp":3632783421133,"circlet_count":0,"master_deck":["Strike_R","Strike_R","Defend_R","Defend_R","Bash+1","Demon Form+1","Shockwave+1","Limit Break+1","Impervious","Sword Boomerang","Metallicize+1","Feed"],"relics":["Burning Blood","NeowsBlessing","Blood Vial","Boot","Dodecahedron","Regal Pillow","Bag of Marbles","Busted Crown","Letter Opener","Vajra"],"potions_floor_usage":[11,22,22,23,33],"damage_taken":[{"damage":0,"enemies":"Jaw Worm","floor":1,"turns":1},{"damage":0,"enemies":"Cultist","floor":3,"turns":1},{"damage":0,"enemies":"Gremlin Nob","floor":6,"turns":1},{"damage":40,"enemies":"3 Sentries","floor":8,"turns":8},{"damage":19,"enemies":"Gremlin Nob","floor":11,"turns":4},{"damage":0,"enemies":"2 Louse","floor":12,"turns":2},{"damage":47,"enemies":"Hexaghost","floor":16,"turns":8},{"damage":17,"enemies":"2 Thieves","floor":18,"turns":4},{"damage":32,"enemies":"Shell Parasite","floor":19,"turns":6},{"damage":11,"enemies":"Snecko","floor":21,"turns":6},{"damage":17,"enemies":"Snake Plant","floor":22,"turns":5},{"damage":16,"enemies":"Book of Stabbing","floor":23,"turns":4},{"damage":20,"enemies":"3 Cultists","floor":29,"turns":5},{"damage":23,"enemies":"Centurion and Healer","floor":31,"turns":4},{"damage":0,"enemies":"Automaton","floor":33,"turns":3}],"seed_played":"-4433075919157981972","potions_obtained":[{"floor":6,"key":"Swift Potion"},{"floor":11,"key":"Block Potion"},{"floor":16,"key":"SteroidPotion"},{"floor":18,"key":"SkillPotion"},{"floor":28,"key":"SmokeBomb"},{"floor":28,"key":"FearPotion"},{"floor":28,"key":"GamblersBrew"},{"floor":29,"key":"EssenceOfSteel"},{"floor":31,"key":"Fire Potion"}],"is_trial":false,"path_per_floor":["M","?","M","?","$","E","R","E","T","R","E","M","$","?","R","B",null,"M","M","$","M","M","E","R","?","T","R","?","M","R","M","R","B"],"character_chosen":"IRONCLAD","items_purchased":["Demon Form","Blood Vial","Sword Boomerang"],"campfire_rested":3,"item_purchase_floors":[5,5,20],"current_hp_per_floor":[78,71,77,77,77,80,80,46,46,46,35,43,43,43,80,39,70,61,37,37,34,25,17,56,56,56,56,56,47,47,32,71,73],"gold":74,"neow_bonus":"THREE_ENEMY_KILL","is_prod":false,"is_daily":false,"chose_seed":false,"campfire_upgraded":4,"win_rate":0,"timestamp":1549197754,"path_taken":["M","?","M","?","$","E","R","E","T","R","E","?","$","?","R","BOSS","M","M","$","M","?","E","R","?","T","R","?","M","R","M","R","BOSS"],"build_version":"2019-01-23","purchased_purges":3,"victory":false,"max_hp_per_floor":[80,80,80,80,80,80,80,80,80,80,80,80,80,80,80,80,80,80,80,80,80,80,80,80,80,80,80,80,83,83,83,83,83],"card_choices":[{"not_picked":["Perfected Strike","Cleave","Blood for Blood"],"picked":"SKIP","floor":1},{"not_picked":["Sword Boomerang","Havoc","Bloodletting"],"picked":"SKIP","floor":3},{"not_picked":["Clash","Clothesline"],"picked":"Shockwave","floor":6},{"not_picked":["Cleave","Blood for Blood","Fire Breathing"],"picked":"SKIP","floor":8},{"not_picked":["Twin Strike","Perfected Strike"],"picked":"Limit Break","floor":11},{"not_picked":["Heavy Blade","Seeing Red","Shockwave"],"picked":"SKIP","floor":12},{"not_picked":["Double Tap","Bludgeon"],"picked":"Impervious","floor":16},{"not_picked":["Wild Strike"],"picked":"SKIP","floor":18},{"not_picked":["Havoc"],"picked":"SKIP","floor":19},{"not_picked":["Evolve+1"],"picked":"SKIP","floor":21},{"not_picked":["True Grit"],"picked":"SKIP","floor":22},{"not_picked":["Sentinel"],"picked":"SKIP","floor":23},{"not_picked":["Bloodletting+1"],"picked":"SKIP","floor":29},{"not_picked":["Corruption+1"],"picked":"SKIP","floor":31}],"player_experience":155017,"relics_obtained":[{"floor":6,"key":"Boot"},{"floor":8,"key":"Dodecahedron"},{"floor":9,"key":"Regal Pillow"},{"floor":11,"key":"Bag of Marbles"},{"floor":23,"key":"Letter Opener"},{"floor":26,"key":"Vajra"}],"event_choices":[{"cards_removed":["Strike_R"],"damage_healed":0,"gold_gain":0,"player_choice":"Card Removal","damage_taken":7,"max_hp_gain":0,"max_hp_loss":0,"event_name":"Golden Wing","floor":2,"gold_loss":0},{"damage_healed":0,"gold_gain":275,"player_choice":"Desecrate","damage_taken":0,"max_hp_gain":0,"max_hp_loss":0,"event_name":"Golden Shrine","floor":4,"gold_loss":0,"cards_obtained":["Regret"]},{"damage_healed":0,"gold_gain":0,"player_choice":"Upgraded","damage_taken":0,"max_hp_gain":0,"max_hp_loss":0,"event_name":"Upgrade Shrine","floor":14,"gold_loss":0,"cards_upgraded":["Limit Break"]},{"damage_healed":0,"gold_gain":0,"cards_transformed":["Defend_R","Defend_R"],"player_choice":"Became Test Subject","damage_taken":0,"max_hp_gain":0,"max_hp_loss":0,"event_name":"Drug Dealer","floor":25,"gold_loss":0,"cards_obtained":["Metallicize","Feed"]},{"damage_healed":0,"gold_gain":0,"player_choice":"Got Potions","damage_taken":0,"max_hp_gain":0,"max_hp_loss":0,"event_name":"Lab","floor":28,"gold_loss":0}],"is_beta":false,"boss_relics":[{"not_picked":["Eternal Feather","Ectoplasm"],"picked":"Busted Crown"}],"items_purged_floors":[5,13,20],"is_endless":false,"potions_floor_spawned":[6,11,16,18,29,31],"killed_by":"Automaton","ascension_level":8}