{"gold_per_floor":[111,111,13,80,97,128,128,153,153,183,183,233,247,312,312,413,413,433,126,176,188,238,238,254,269,294,304,354],"floor_reached":28,"playtime":2354,"items_purged":["Strike_G","Strike_G"],"score":397,"play_id":"64dce378-e2f5-4369-bf75-db7b0121f6cb","local_time":"20190109112712","is_ascension_mode":true,"campfire_choices":[{"floor":7,"key":"REST"},{"floor":11,"key":"REST"},{"floor":15,"key":"REST"},{"floor":23,"key":"REST"}],"neow_cost":"NONE","seed_source_timestamp":1246166438920,"circlet_count":0,"master_deck":["AscendersBane","Defend_G","Defend_G","Defend_G","Defend_G","Defend_G","Survivor","Neutralize","Footwork","Slice","Blur","Bane+1","Sucker Punch","Heel Hook","Backflip","All Out Attack","Unload","Leg Sweep","Crippling Poison","Bullet Time","Endless Agony+1","Caltrops","Deadly Poison","All Out Attack","Bite","Bite","Bite","Bite","Bite","PiercingWail","Caltrops"],"relics":["Ring of the Serpent","NeowsBlessing","SsserpentHead","Regal Pillow","Blue Candle","PreservedInsect","Whetstone","Enchiridion","Boot"],"potions_floor_usage":[8,10,14,16,24,25,27,27,27],"damage_taken":[{"damage":0,"enemies":"Cultist","floor":1,"turns":1},{"damage":0,"enemies":"Small Slimes","floor":4,"turns":1},{"damage":0,"enemies":"2 Louse","floor":5,"turns":1},{"damage":22,"enemies":"3 Sentries","floor":6,"turns":15},{"damage":44,"enemies":"Lagavulin","floor":8,"turns":13},{"damage":26,"enemies":"3 Sentries","floor":10,"turns":12},{"damage":8,"enemies":"Exordium Wildlife","floor":13,"turns":5},{"damage":0,"enemies":"2 Fungi Beasts","floor":14,"turns":2},{"damage":21,"enemies":"The Guardian","floor":16,"turns":13},{"damage":6,"enemies":"3 Byrds","floor":18,"turns":7},{"damage":30,"enemies":"Shell Parasite","floor":21,"turns":7},{"damage":13,"enemies":"Snake Plant","floor":24,"turns":5},{"damage":26,"enemies":"Snecko","floor":25,"turns":7},{"damage":4,"enemies":"Centurion and Healer","floor":27,"turns":7},{"damage":20,"enemies":"Snake Plant","floor":28,"turns":2}],"seed_played":"-2960701048750637313","potions_obtained":[{"floor":1,"key":"GhostInAJar"},{"floor":4,"key":"EssenceOfSteel"},{"floor":8,"key":"FairyPotion"},{"floor":13,"key":"Explosive Potion"},{"floor":14,"key":"LiquidBronze"},{"floor":16,"key":"Weak Potion"},{"floor":21,"key":"Block Potion"},{"floor":25,"key":"EntropicBrew"}],"is_trial":false,"path_per_floor":["M","?","$","M","M","E","R","E","T","E","R","?","M","M","R","B",null,"M","$","?","M","?","R","M","M","T","M","M"],"character_chosen":"THE_SILENT","items_purchased":["Slice","Caltrops","Deadly Poison","All Out Attack"],"campfire_rested":4,"item_purchase_floors":[3,19,19,19],"current_hp_per_floor":[63,63,63,63,63,41,70,26,26,7,43,43,35,35,70,49,65,59,59,49,25,9,38,33,15,15,15,0],"gold":354,"neow_bonus":"THREE_ENEMY_KILL","is_prod":false,"is_daily":false,"chose_seed":false,"campfire_upgraded":0,"win_rate":0,"timestamp":1547033232,"path_taken":["M","?","$","?","M","E","R","E","T","E","R","?","M","?","R","BOSS","M","$","?","M","?","R","M","M","T","M","?"],"build_version":"2019-01-03v4","purchased_purges":2,"victory":false,"max_hp_per_floor":[70,70,70,70,70,70,70,70,70,70,70,70,70,70,70,70,70,70,70,49,49,49,49,49,49,49,49,49],"card_choices":[{"not_picked":["PiercingWail","Sucker Punch"],"picked":"Footwork","floor":1},{"not_picked":["PiercingWail","Poisoned Stab"],"picked":"Blur","floor":4},{"not_picked":["PiercingWail","Well Laid Plans"],"picked":"Bane","floor":5},{"not_picked":["Prepared","Quick Slash"],"picked":"Sucker Punch","floor":6},{"not_picked":["Accuracy","Expertise"],"picked":"Heel Hook","floor":8},{"not_picked":["Masterful Stab","Dagger Throw"],"picked":"Backflip","floor":10},{"not_picked":["Underhanded Strike","Cloak And Dagger"],"picked":"Leg Sweep","floor":13},{"not_picked":["Quick Slash","Bane"],"picked":"Crippling Poison","floor":14},{"not_picked":["Doppelganger","Adrenaline"],"picked":"Bullet Time","floor":16},{"not_picked":["Bane","Outmaneuver"],"picked":"Endless Agony+1","floor":18},{"not_picked":["Outmaneuver","Well Laid Plans"],"picked":"PiercingWail","floor":21},{"not_picked":["Sucker Punch","Flechettes","Choke"],"picked":"SKIP","floor":24},{"not_picked":["Acrobatics","Flying Knee","Bane"],"picked":"SKIP","floor":25},{"not_picked":["PiercingWail","Slice"],"picked":"Caltrops","floor":27}],"player_experience":1156959,"relics_obtained":[{"floor":6,"key":"Regal Pillow"},{"floor":8,"key":"Blue Candle"},{"floor":9,"key":"PreservedInsect"},{"floor":10,"key":"Whetstone"},{"floor":22,"key":"Enchiridion"},{"floor":26,"key":"Boot"}],"event_choices":[{"damage_healed":0,"gold_gain":0,"player_choice":"Trade","damage_taken":0,"relics_obtained":["SsserpentHead"],"max_hp_gain":0,"max_hp_loss":0,"event_name":"FaceTrader","floor":2,"gold_loss":0},{"damage_healed":0,"gold_gain":0,"player_choice":"2 cards matched","damage_taken":0,"max_hp_gain":0,"max_hp_loss":0,"event_name":"Match and Keep!","floor":12,"gold_loss":0,"cards_obtained":["All Out Attack","Unload"]},{"damage_healed":0,"gold_gain":0,"player_choice":"Became a vampire","damage_taken":0,"max_hp_gain":0,"max_hp_loss":21,"event_name":"Vampires","floor":20,"gold_loss":0,"cards_obtained":["Bite","Bite","Bite","Bite","Bite"]},{"damage_healed":0,"gold_gain":0,"player_choice":"Obtained Book","damage_taken":16,"max_hp_gain":0,"max_hp_loss":0,"event_name":"Cursed Tome","floor":22,"gold_loss":0}],"is_beta":false,"boss_relics":[{"not_picked":["Lizard Tail","Black Star"],"picked":"Ring of the Serpent"}],"items_purged_floors":[3,19],"is_endless":false,"potions_floor_spawned":[1,4,8,13,14,16,21,25],"killed_by":"Snake Plant","ascension_level":11}