{"gold_per_floor":[359,369,369,139,139,139,165,165,165,191,203,231,249,275,275,379,379,394,405,79,0,0,32,32,51,51,51,78,78],"floor_reached":29,"playtime":2093,"items_purged":[],"score":364,"play_id":"9618e35b-7dec-483e-aac1-96e3d68146f9","local_time":"20190104205554","is_ascension_mode":false,"campfire_choices":[{"floor":6,"key":"RECALL"},{"floor":8,"key":"REST"},{"floor":15,"key":"REST"},{"floor":24,"key":"REST"},{"data":"Buffer","floor":27,"key":"SMITH"}],"neow_cost":"TEN_PERCENT_HP_LOSS","seed_source_timestamp":130730953710756,"circlet_count":0,"master_deck":["Defend_B","Defend_B","Defend_B","Zap","Dualcast","Defragment+1","Glacier","Static Discharge","Undo","Doom and Gloom","Chill","Ball Lightning","Conserve Battery","Chaos","Turbo","Buffer+1","Buffer","Stack","Undo+1","Hello World","Bite","Bite","Bite","Bite","Bite","Static Discharge","Melter+1","Melter"],"relics":["Cracked Core","Anchor","Kunai","Happy Flower","Empty Cage","Runic Capacitor","Letter Opener","Sundial","Torii"],"potions_floor_usage":[12,14,16,16,23,29,29],"damage_taken":[{"damage":1,"enemies":"Cultist","floor":1,"turns":3},{"damage":0,"enemies":"Small Slimes","floor":2,"turns":2},{"damage":33,"enemies":"Gremlin Nob","floor":7,"turns":5},{"damage":7,"enemies":"Lagavulin","floor":10,"turns":7},{"damage":1,"enemies":"Jaw Worm","floor":11,"turns":2},{"damage":2,"enemies":"3 Sentries","floor":12,"turns":6},{"damage":0,"enemies":"Blue Slaver","floor":13,"turns":4},{"damage":14,"enemies":"Gremlin Nob","floor":14,"turns":3},{"damage":0,"enemies":"Slime Boss","floor":16,"turns":9},{"damage":0,"enemies":"Spheric Guardian","floor":18,"turns":7},{"damage":6,"enemies":"Shell Parasite","floor":19,"turns":6},{"damage":33,"enemies":"Gremlin Leader","floor":23,"turns":10},{"damage":3,"enemies":"Snecko","floor":25,"turns":6},{"damage":39,"enemies":"Slavers","floor":28,"turns":5},{"damage":23,"enemies":"Colosseum Slavers","floor":29,"turns":6},{"damage":35,"enemies":"Colosseum Nobs","floor":29,"turns":4}],"seed_played":"-1157154739915647559","potions_obtained":[{"floor":1,"key":"FearPotion"},{"floor":7,"key":"Swift Potion"},{"floor":12,"key":"Poison Potion"},{"floor":18,"key":"GamblersBrew"},{"floor":25,"key":"Swift Potion"},{"floor":28,"key":"Weak Potion"}],"is_trial":false,"path_per_floor":["M","M","?","$","?","R","E","R","T","E","M","E","M","E","R","B",null,"M","M","$","?","?","E","R","M","T","R","E","?"],"character_chosen":"DEFECT","items_purchased":["Static Discharge","Undo","Doom and Gloom","Block Potion","Runic Capacitor","Hello World","Block Potion"],"campfire_rested":3,"item_purchase_floors":[4,4,4,4,20,20,20],"current_hp_per_floor":[67,67,67,67,67,67,34,54,54,47,48,48,50,38,58,60,68,68,62,62,62,62,47,67,68,68,68,35,0],"gold":78,"neow_bonus":"TWO_FIFTY_GOLD","is_prod":false,"is_daily":false,"chose_seed":false,"campfire_upgraded":1,"win_rate":0,"timestamp":1546635354,"path_taken":["M","M","?","?","?","R","E","R","T","E","M","E","M","E","R","BOSS","M","M","$","?","?","E","R","M","T","R","E","?"],"build_version":"2019-01-03v4","purchased_purges":0,"victory":false,"max_hp_per_floor":[68,68,68,68,68,68,68,68,68,68,68,68,68,68,68,68,68,68,68,68,68,68,68,68,68,68,68,68,68],"card_choices":[{"not_picked":["Fusion","Go for the Eyes"],"picked":"Defragment","floor":1},{"not_picked":["Conserve Battery","Sweeping Beam"],"picked":"Glacier","floor":2},{"not_picked":["Undo","Steam"],"picked":"Chill","floor":7},{"not_picked":["Streamline","Stack"],"picked":"Ball Lightning","floor":10},{"not_picked":["Recycle","Redo"],"picked":"Conserve Battery","floor":11},{"not_picked":["Beam Cell","Stack"],"picked":"Chaos","floor":12},{"not_picked":["Steam","Fusion"],"picked":"Turbo","floor":13},{"not_picked":["Rebound","Self Repair"],"picked":"Buffer","floor":14},{"not_picked":["Hyperbeam","Reboot"],"picked":"Buffer","floor":16},{"not_picked":["Go for the Eyes","Beam Cell"],"picked":"Stack","floor":18},{"not_picked":["Ball Lightning","Stack"],"picked":"Undo+1","floor":19},{"not_picked":["Sweeping Beam","Double Energy+1"],"picked":"Static Discharge","floor":23},{"not_picked":["Self Repair","Chaos"],"picked":"Melter+1","floor":25},{"not_picked":["Barrage","Steam"],"picked":"Melter","floor":28}],"player_experience":287215,"relics_obtained":[{"floor":7,"key":"Anchor"},{"floor":10,"key":"Blood Vial"},{"floor":12,"key":"Kunai"},{"floor":14,"key":"Happy Flower"},{"floor":23,"key":"Letter Opener"},{"floor":26,"key":"Sundial"},{"floor":28,"key":"Torii"}],"event_choices":[{"damage_healed":0,"gold_gain":0,"player_choice":"Ignored","damage_taken":0,"max_hp_gain":0,"max_hp_loss":0,"event_name":"NoteForYourself","floor":3,"gold_loss":0},{"damage_healed":0,"gold_gain":0,"player_choice":"Grow","damage_taken":0,"max_hp_gain":0,"max_hp_loss":0,"event_name":"Living Wall","floor":5,"gold_loss":0,"cards_upgraded":["Defragment"]},{"damage_healed":0,"gold_gain":0,"player_choice":"Paid Fearfully","damage_taken":0,"max_hp_gain":0,"max_hp_loss":0,"event_name":"Masked Bandits","floor":21,"gold_loss":79},{"damage_healed":0,"gold_gain":0,"player_choice":"Became a vampire (Vial)","damage_taken":0,"max_hp_gain":0,"max_hp_loss":0,"event_name":"Vampires","floor":22,"relics_lost":["Blood Vial"],"gold_loss":0,"cards_obtained":["Bite","Bite","Bite","Bite","Bite"]},{"damage_healed":0,"gold_gain":0,"player_choice":"Fight","damage_taken":0,"max_hp_gain":0,"max_hp_loss":0,"event_name":"Colosseum","floor":29,"gold_loss":0},{"damage_healed":0,"gold_gain":0,"player_choice":"Fought Nobs","damage_taken":0,"max_hp_gain":0,"max_hp_loss":0,"event_name":"Colosseum","floor":29,"gold_loss":0}],"is_beta":false,"boss_relics":[{"not_picked":["Runic Dome","Sozu"],"picked":"Empty Cage"}],"items_purged_floors":[],"is_endless":false,"potions_floor_spawned":[1,7,10,12,18,25,28],"killed_by":"Colosseum Nobs","ascension_level":0}