{"gold_per_floor":[117,133,144,0,14,42,42,142,142,169,184,195,195],"floor_reached":13,"playtime":1287,"items_purged":["Strike_G"],"score":146,"play_id":"35f4f4fd-9f9a-4e61-bfc8-30cf76cb1007","local_time":"20181220200743","is_ascension_mode":true,"campfire_choices":[{"floor":7,"key":"REST"}],"neow_cost":"NONE","seed_source_timestamp":77616240985980,"circlet_count":0,"master_deck":["AscendersBane","Defend_G","Defend_G","Defend_G","Defend_G","Defend_G","Strike_G","Strike_G","Strike_G","Strike_G","Survivor","Neutralize","Poisoned Stab","Catalyst","Dash","Caltrops","Dagger Spray","Leg Sweep","Glass Knife","Dagger Throw","Poisoned Stab","Backflip"],"relics":["Eternal Feather","Dream Catcher","StoneCalendar"],"potions_floor_usage":[6,10,13],"damage_taken":[{"damage":7,"enemies":"2 Louse","floor":1,"turns":3},{"damage":2,"enemies":"Cultist","floor":2,"turns":5},{"damage":0,"enemies":"Jaw Worm","floor":3,"turns":5},{"damage":7,"enemies":"Looter","floor":5,"turns":4},{"damage":31,"enemies":"3 Sentries","floor":6,"turns":13},{"damage":15,"enemies":"Gremlin Nob","floor":10,"turns":5},{"damage":10,"enemies":"Red Slaver","floor":11,"turns":4},{"damage":8,"enemies":"Blue Slaver","floor":12,"turns":4},{"damage":13,"enemies":"Exordium Thugs","floor":13,"turns":5}],"seed_played":"-8780625487516241684","potions_obtained":[{"floor":2,"key":"Dexterity Potion"},{"floor":6,"key":"LiquidBronze"},{"floor":10,"key":"Swift Potion"}],"is_trial":false,"path_per_floor":["M","M","M","$","M","E","R","?","T","E","M","M","M"],"character_chosen":"THE_SILENT","items_purchased":["Caltrops"],"campfire_rested":1,"item_purchase_floors":[4],"current_hp_per_floor":[56,54,54,54,47,16,46,46,46,31,21,13,0],"gold":195,"neow_bonus":"BOSS_RELIC","is_prod":false,"is_daily":false,"chose_seed":false,"campfire_upgraded":0,"win_rate":0,"timestamp":1545336463,"path_taken":["M","M","M","$","M","E","R","?","T","E","M","M","M"],"build_version":"2018-12-13","purchased_purges":1,"victory":false,"max_hp_per_floor":[70,70,70,70,70,70,70,70,70,70,70,70,70],"card_choices":[{"not_picked":["Quick Slash","Blade Dance"],"picked":"Poisoned Stab","floor":1},{"not_picked":["Endless Agony","PiercingWail"],"picked":"Catalyst","floor":2},{"not_picked":["Poisoned Stab","Dodge and Roll"],"picked":"Dash","floor":3},{"not_picked":["Flying Knee","Riddle With Holes"],"picked":"Dagger Spray","floor":5},{"not_picked":["Terror","Flying Knee"],"picked":"Leg Sweep","floor":6},{"not_picked":["Flying Knee","Outmaneuver"],"picked":"Glass Knife","floor":7},{"not_picked":["Outmaneuver","Calculated Gamble"],"picked":"Dagger Throw","floor":10},{"not_picked":["Blade Dance","Prepared"],"picked":"Poisoned Stab","floor":11},{"not_picked":["Venomology","Flying Knee"],"picked":"Backflip","floor":12}],"player_experience":1069545,"relics_obtained":[{"floor":6,"key":"Dream Catcher"},{"floor":10,"key":"StoneCalendar"}],"event_choices":[{"damage_healed":0,"gold_gain":100,"player_choice":"Pray","damage_taken":0,"max_hp_gain":0,"max_hp_loss":0,"event_name":"Golden Shrine","floor":8,"gold_loss":0}],"is_beta":false,"boss_relics":[],"items_purged_floors":[4],"is_endless":false,"potions_floor_spawned":[2,6,10],"killed_by":"Exordium Thugs","ascension_level":10}