{"gold_per_floor":[117,127,127,143,15,48,48,77,155,173,193,193,193,47,47,152,152,169,183,98,111,73,73,104,104,174,174,174,193,54,74,74,172,172,184,184,239,239,288,288,67,67,67,83,99,109,143,78,78,78],"floor_reached":50,"playtime":3424,"items_purged":["Regret","Strike_G","Regret"],"score":822,"play_id":"6f8cd652-5bb5-4166-8ec2-fe99c0d9fc8c","local_time":"20190119131048","is_ascension_mode":true,"campfire_choices":[{"floor":13,"key":"REST"},{"data":"Footwork","floor":15,"key":"SMITH"},{"data":"Wraith Form v2","floor":23,"key":"SMITH"},{"floor":25,"key":"REST"},{"data":"Blur","floor":28,"key":"SMITH"},{"floor":32,"key":"REST"},{"data":"Noxious Fumes","floor":40,"key":"SMITH"},{"floor":42,"key":"RECALL"},{"floor":49,"key":"REST"}],"neow_cost":"NONE","seed_source_timestamp":3489555198952,"circlet_count":0,"master_deck":["AscendersBane","Survivor","Neutralize+1","Poisoned Stab","Dagger Throw","Cloak And Dagger","Deadly Poison","Dagger Throw","Heel Hook","Footwork+1","Wraith Form v2+1","Cloak And Dagger+1","Blur+1","Cloak And Dagger","Poisoned Stab+1","Dodge and Roll+1","Injury","Prepared","Slice","Poisoned Stab","Noxious Fumes+1","Deadly Poison","Finisher","Bullet Time","All Out Attack","Setup","Acrobatics","Bullet Time","Cloak And Dagger+1","Deadly Poison","Injury","Noxious Fumes","Noxious Fumes+1","Finisher+1","Caltrops"],"relics":["Ring of the Snake","NeowsBlessing","Incense Burner","Bronze Scales","Thread and Needle","The Courier","Snake Skull","Cursed Key","Mercury Hourglass","Unceasing Top","Pear","Pandora\u0027s Box","Torii","Whetstone","Boot","Juzu Bracelet","Sundial"],"potions_floor_usage":[6,6,18,21,24,33,47,50],"damage_taken":[{"damage":0,"enemies":"Small Slimes","floor":1,"turns":1},{"damage":0,"enemies":"Jaw Worm","floor":2,"turns":1},{"damage":0,"enemies":"Cultist","floor":4,"turns":1},{"damage":26,"enemies":"Lagavulin","floor":6,"turns":6},{"damage":16,"enemies":"3 Sentries","floor":8,"turns":6},{"damage":1,"enemies":"Looter","floor":10,"turns":3},{"damage":0,"enemies":"Blue Slaver","floor":11,"turns":3},{"damage":18,"enemies":"Hexaghost","floor":16,"turns":10},{"damage":0,"enemies":"Shell Parasite","floor":18,"turns":4},{"damage":0,"enemies":"3 Byrds","floor":19,"turns":3},{"damage":6,"enemies":"Snake Plant","floor":21,"turns":4},{"damage":19,"enemies":"Gremlin Leader","floor":24,"turns":6},{"damage":9,"enemies":"Sentry and Sphere","floor":29,"turns":6},{"damage":8,"enemies":"Shelled Parasite and Fungi","floor":31,"turns":5},{"damage":59,"enemies":"Automaton","floor":33,"turns":10},{"damage":0,"enemies":"Orb Walker","floor":35,"turns":2},{"damage":37,"enemies":"2 Orb Walkers","floor":37,"turns":5},{"damage":1,"enemies":"3 Shapes","floor":44,"turns":2},{"damage":0,"enemies":"Spire Growth","floor":45,"turns":5},{"damage":18,"enemies":"Transient","floor":46,"turns":5},{"damage":19,"enemies":"Reptomancer","floor":47,"turns":7},{"damage":63,"enemies":"Time Eater","floor":50,"turns":8}],"seed_played":"1438663730240181556","potions_obtained":[{"floor":1,"key":"FearPotion"},{"floor":2,"key":"Regen Potion"},{"floor":10,"key":"Swift Potion"},{"floor":11,"key":"SteroidPotion"},{"floor":21,"key":"Fire Potion"},{"floor":31,"key":"GamblersBrew"},{"floor":37,"key":"SkillPotion"},{"floor":45,"key":"LiquidBronze"},{"floor":47,"key":"GhostInAJar"}],"is_trial":false,"path_per_floor":["M","M","?","M","$","E","?","E","T","M","M","?","R","$","R","B",null,"M","M","?","M","$","R","E","R","T","?","R","M","$","M","R","B",null,"M","?","?","?","T","R","$","R","T","M","M","M","E","$","R","B"],"character_chosen":"THE_SILENT","items_purchased":["Dagger Spray","Footwork","Snake Skull","Poisoned Stab","Noxious Fumes","Boot","Caltrops"],"campfire_rested":4,"item_purchase_floors":[5,14,14,22,30,41,48],"current_hp_per_floor":[63,63,63,63,63,51,48,32,32,31,31,31,52,52,52,34,61,61,61,61,55,55,55,36,57,67,67,67,58,58,50,74,15,64,64,64,27,70,70,70,70,70,70,69,69,51,32,32,53,0],"gold":78,"neow_bonus":"THREE_ENEMY_KILL","is_prod":false,"is_daily":false,"chose_seed":false,"campfire_upgraded":4,"win_rate":0,"timestamp":1547903448,"path_taken":["M","M","?","M","$","E","?","E","T","M","M","?","R","?","R","BOSS","M","?","?","M","$","R","E","R","T","?","R","M","$","M","R","BOSS","M","?","?","?","?","R","$","R","T","M","M","M","E","$","R","BOSS"],"build_version":"2019-01-17v2","purchased_purges":3,"victory":false,"max_hp_per_floor":[70,70,70,70,70,70,70,70,70,70,70,70,70,70,70,70,70,70,70,70,70,70,70,70,70,80,80,80,80,80,80,80,80,80,80,80,80,70,70,70,70,70,70,70,70,70,70,70,70,70],"card_choices":[{"not_picked":["Slice","Setup","Calculated Gamble"],"picked":"SKIP","floor":1},{"not_picked":["Acrobatics","Blade Dance"],"picked":"Poisoned Stab","floor":2},{"not_picked":["Slice","Distraction"],"picked":"Dagger Throw","floor":4},{"not_picked":["Choke","Calculated Gamble","Expertise"],"picked":"SKIP","floor":6},{"not_picked":["PiercingWail","Outmaneuver"],"picked":"Cloak And Dagger","floor":8},{"not_picked":["Backstab","Dodge and Roll"],"picked":"Deadly Poison","floor":10},{"not_picked":["Expertise","Flying Knee"],"picked":"Dagger Throw","floor":11},{"not_picked":["After Image","Tools of the Trade"],"picked":"Wraith Form v2","floor":16},{"not_picked":["Blade Dance","Dagger Spray+1"],"picked":"Cloak And Dagger+1","floor":18},{"not_picked":["Caltrops","Choke+1"],"picked":"Blur","floor":19},{"not_picked":["Prepared","Slice"],"picked":"Cloak And Dagger","floor":21},{"not_picked":["Flechettes+1","Accuracy"],"picked":"Dodge and Roll+1","floor":24},{"not_picked":["Backflip","Slice"],"picked":"Poisoned Stab","floor":29},{"not_picked":["Escape Plan+1","Heel Hook"],"picked":"Deadly Poison","floor":31},{"not_picked":["Choke+1","Backflip"],"picked":"Cloak And Dagger+1","floor":35},{"not_picked":["Flechettes+1","Heel Hook"],"picked":"Deadly Poison","floor":37},{"not_picked":["Cloak And Dagger","Dagger Spray+1"],"picked":"Noxious Fumes","floor":44},{"not_picked":["Leg Sweep","Heel Hook"],"picked":"Noxious Fumes+1","floor":45},{"not_picked":["Setup+1","Noxious Fumes+1","Cloak And Dagger"],"picked":"SKIP","floor":46},{"not_picked":["Poisoned Stab","Backflip+1"],"picked":"Finisher+1","floor":47}],"player_experience":1210882,"relics_obtained":[{"floor":6,"key":"Bronze Scales"},{"floor":8,"key":"The Courier"},{"floor":24,"key":"Unceasing Top"},{"floor":26,"key":"Pear"},{"floor":37,"key":"Torii"},{"floor":39,"key":"Whetstone"},{"floor":43,"key":"Juzu Bracelet"},{"floor":47,"key":"Sundial"}],"event_choices":[{"damage_healed":0,"gold_gain":0,"player_choice":"Box","damage_taken":0,"relics_obtained":["Incense Burner"],"max_hp_gain":0,"max_hp_loss":0,"event_name":"Big Fish","floor":3,"gold_loss":0,"cards_obtained":["Regret"]},{"damage_healed":0,"gold_gain":0,"player_choice":"Success","damage_taken":3,"relics_obtained":["Thread and Needle"],"max_hp_gain":0,"max_hp_loss":0,"event_name":"Scrap Ooze","floor":7,"gold_loss":0},{"damage_healed":0,"gold_gain":0,"cards_transformed":["Strike_G"],"player_choice":"Change","damage_taken":0,"max_hp_gain":0,"max_hp_loss":0,"event_name":"Living Wall","floor":12,"gold_loss":0,"cards_obtained":["Heel Hook"]},{"damage_healed":0,"gold_gain":0,"player_choice":"Obtained Relic","damage_taken":0,"relics_obtained":["Mercury Hourglass"],"max_hp_gain":0,"max_hp_loss":0,"event_name":"Addict","floor":20,"gold_loss":85},{"damage_healed":0,"gold_gain":0,"cards_transformed":["Strike_G","Strike_G"],"player_choice":"Became Test Subject","damage_taken":0,"max_hp_gain":0,"max_hp_loss":0,"event_name":"Drug Dealer","floor":27,"gold_loss":0,"cards_obtained":["Prepared","Slice"]},{"cards_removed":["Dagger Spray"],"damage_healed":0,"gold_gain":0,"player_choice":"Removed Attack","damage_taken":0,"max_hp_gain":0,"max_hp_loss":0,"event_name":"Falling","floor":36,"gold_loss":0},{"damage_healed":0,"gold_gain":0,"player_choice":"Fight","damage_taken":0,"max_hp_gain":0,"max_hp_loss":0,"event_name":"Mysterious Sphere","floor":37,"gold_loss":0},{"damage_healed":70,"gold_gain":0,"player_choice":"Heal","damage_taken":0,"max_hp_gain":0,"max_hp_loss":10,"event_name":"The Moai Head","floor":38,"gold_loss":0}],"is_beta":false,"boss_relics":[{"not_picked":["Calling Bell","WristBlade"],"picked":"Cursed Key"},{"not_picked":["Orrery","HoveringKite"],"picked":"Pandora\u0027s Box"}],"items_purged_floors":[5,30,41],"is_endless":false,"potions_floor_spawned":[1,2,10,11,21,31,37,45,47],"killed_by":"Time Eater","ascension_level":11}