{"gold_per_floor":[111,111,111,36,36,70,70,70,96,132,155,235,254,292,292,416,416,409,409,409,7,7,41,41,41,41,41,57,57,87,98,98,202,202,218,218,235,235,248,281,381,412,438,84,97,97,97,129,129,129,129,129,52,83,83],"floor_reached":55,"playtime":7122,"items_purged":["Strike_B","Injury","Writhe"],"score":947,"play_id":"b94acbaf-1c1d-4bf2-8467-90af9bf5ec76","local_time":"20190117163654","is_ascension_mode":true,"campfire_choices":[{"data":"Zap","floor":8,"key":"SMITH"},{"floor":15,"key":"RECALL"},{"floor":24,"key":"REST"},{"data":"Defragment","floor":27,"key":"SMITH"},{"data":"Dualcast","floor":32,"key":"SMITH"},{"data":"Creative AI","floor":46,"key":"SMITH"},{"data":"Core Surge","floor":49,"key":"SMITH"},{"data":"Strike_B","floor":52,"key":"SMITH"}],"neow_cost":"NONE","seed_source_timestamp":672266795562857,"circlet_count":0,"master_deck":["Strike_B+1","Strike_B+1","Strike_B+1","Defend_B","Defend_B","Defend_B","Zap+1","Dualcast+1","Glacier+1","Coolheaded+1","Conserve Battery+1","Rainbow+1","Core Surge+1","Defragment+1","Redo+1","Creative AI+1","Glacier+1","Defragment"],"relics":["FrozenCore","NeowsBlessing","Strawberry","Toxic Egg 2","Bloody Idol","StoneCalendar","Bag of Preparation","Sundial","Torii","Busted Crown","Singing Bowl","Nilry\u0027s Codex","PreservedInsect","Ornamental Fan","Bottled Lightning","Whetstone","DataDisk","Pocketwatch","Blue Candle","Juzu Bracelet","Bronze Scales","Darkstone Periapt","Mango"],"potions_floor_usage":[16,23,39,41,50,54,55],"damage_taken":[{"damage":0,"enemies":"2 Louse","floor":1,"turns":1},{"damage":0,"enemies":"3 Sentries","floor":6,"turns":1},{"damage":0,"enemies":"Gremlin Nob","floor":10,"turns":1},{"damage":1,"enemies":"Small Slimes","floor":11,"turns":3},{"damage":0,"enemies":"Jaw Worm","floor":13,"turns":5},{"damage":1,"enemies":"3 Sentries","floor":14,"turns":7},{"damage":1,"enemies":"The Guardian","floor":16,"turns":15},{"damage":7,"enemies":"2 Thieves","floor":18,"turns":4},{"damage":38,"enemies":"Slavers","floor":23,"turns":5},{"damage":1,"enemies":"Chosen","floor":28,"turns":4},{"damage":0,"enemies":"Book of Stabbing","floor":30,"turns":5},{"damage":0,"enemies":"3 Cultists","floor":31,"turns":6},{"damage":24,"enemies":"Automaton","floor":33,"turns":12},{"damage":8,"enemies":"3 Darklings","floor":35,"turns":7},{"damage":1,"enemies":"3 Shapes","floor":37,"turns":6},{"damage":13,"enemies":"Spire Growth","floor":39,"turns":6},{"damage":20,"enemies":"Nemesis","floor":40,"turns":7},{"damage":8,"enemies":"Mind Bloom Boss Battle","floor":41,"turns":7},{"damage":8,"enemies":"Giant Head","floor":42,"turns":8},{"damage":0,"enemies":"Transient","floor":45,"turns":5},{"damage":9,"enemies":"Reptomancer","floor":48,"turns":6},{"damage":9,"enemies":"Awakened One","floor":50,"turns":17},{"damage":11,"enemies":"Shield and Spear","floor":54,"turns":8},{"damage":108,"enemies":"The Heart","floor":55,"turns":12}],"seed_played":"-3905922776322342682","potions_obtained":[{"floor":1,"key":"Block Potion"},{"floor":10,"key":"FocusPotion"},{"floor":18,"key":"SteroidPotion"},{"floor":30,"key":"Swift Potion"},{"floor":33,"key":"GamblersBrew"},{"floor":35,"key":"GamblersBrew"},{"floor":41,"key":"Regen Potion"},{"floor":54,"key":"Block Potion"}],"is_trial":false,"path_per_floor":["M","?","?","$","?","E","?","R","T","E","M","T","M","E","R","B",null,"M","?","?","$","?","E","R","?","T","R","M","?","E","M","R","B",null,"M","?","M","?","M","E","?","E","T","$","M","R","?","E","R","B",null,"R","$","E","B"],"character_chosen":"DEFECT","items_purchased":["PreservedInsect","Core Surge","Bronze Scales","Glacier+1","Defragment"],"campfire_rested":1,"item_purchase_floors":[21,21,44,44,53],"current_hp_per_floor":[75,79,79,79,79,79,72,72,72,72,71,71,71,70,70,69,82,75,75,59,59,59,26,50,50,50,50,54,54,61,68,68,51,88,87,87,92,92,86,73,72,69,74,74,81,81,81,79,79,85,97,97,97,107,0],"gold":83,"neow_bonus":"THREE_ENEMY_KILL","is_prod":false,"is_daily":false,"chose_seed":false,"campfire_upgraded":6,"win_rate":0,"timestamp":1547764614,"path_taken":["M","?","?","$","?","E","?","R","T","E","M","?","?","E","R","BOSS","M","?","?","$","?","E","R","?","T","R","M","?","E","?","R","BOSS","M","?","M","?","M","E","?","E","T","$","M","R","?","E","R","BOSS","R","$","E","BOSS"],"build_version":"2019-01-10","purchased_purges":3,"victory":false,"max_hp_per_floor":[75,82,82,82,82,82,82,82,82,82,82,82,82,82,82,82,82,82,82,82,82,82,82,82,82,82,82,82,82,84,86,86,88,88,90,90,92,92,94,96,98,98,98,98,100,100,95,97,97,97,97,97,97,113,113],"card_choices":[{"not_picked":["Loop","Aggregate","Consume"],"picked":"SKIP","floor":1},{"not_picked":["Turbo+1","Gash","Scrape"],"picked":"SKIP","floor":6},{"not_picked":["Recycle+1","Reprogram+1"],"picked":"Glacier+1","floor":10},{"not_picked":["Hello World","Cold Snap","Beam Cell"],"picked":"SKIP","floor":11},{"not_picked":["Steam+1","Beam Cell"],"picked":"Coolheaded+1","floor":13},{"not_picked":["Stack+1","Reinforced Body+1"],"picked":"Conserve Battery+1","floor":14},{"not_picked":["Multi-Cast+1","Seek+1"],"picked":"Rainbow+1","floor":16},{"not_picked":["Rebound"],"picked":"SKIP","floor":18},{"not_picked":[],"picked":"Defragment","floor":23},{"not_picked":[],"picked":"Redo+1","floor":28},{"not_picked":["Reinforced Body+1"],"picked":"Singing Bowl","floor":30},{"not_picked":["Hologram+1"],"picked":"Singing Bowl","floor":31},{"not_picked":["Meteor Strike"],"picked":"Singing Bowl","floor":33},{"not_picked":["Redo+1"],"picked":"Singing Bowl","floor":35},{"not_picked":["Streamline"],"picked":"Singing Bowl","floor":37},{"not_picked":["Hologram+1"],"picked":"Singing Bowl","floor":39},{"not_picked":["Stack+1"],"picked":"Singing Bowl","floor":40},{"not_picked":["Compile Driver"],"picked":"Singing Bowl","floor":41},{"not_picked":[],"picked":"Creative AI","floor":42},{"not_picked":["Heatsinks"],"picked":"Singing Bowl","floor":45},{"not_picked":["Conserve Battery+1"],"picked":"Singing Bowl","floor":48},{"not_picked":["Conserve Battery+1"],"picked":"Singing Bowl","floor":54}],"player_experience":238181,"relics_obtained":[{"floor":6,"key":"StoneCalendar"},{"floor":10,"key":"Bag of Preparation"},{"floor":12,"key":"Sundial"},{"floor":14,"key":"Torii"},{"floor":20,"key":"Nilry\u0027s Codex"},{"floor":23,"key":"Ornamental Fan"},{"floor":26,"key":"Bottled Lightning"},{"floor":30,"key":"Whetstone"},{"floor":40,"key":"DataDisk"},{"floor":41,"key":"Pocketwatch"},{"floor":42,"key":"Blue Candle"},{"floor":43,"key":"Juzu Bracelet"},{"floor":48,"key":"Darkstone Periapt"},{"floor":54,"key":"Mango"}],"event_choices":[{"damage_healed":0,"gold_gain":0,"player_choice":"Success","damage_taken":3,"relics_obtained":["Strawberry"],"max_hp_gain":0,"max_hp_loss":0,"event_name":"Scrap Ooze","floor":2,"gold_loss":0},{"damage_healed":0,"gold_gain":0,"player_choice":"Box","damage_taken":0,"relics_obtained":["Toxic Egg 2"],"max_hp_gain":0,"max_hp_loss":0,"event_name":"Big Fish","floor":3,"gold_loss":0,"cards_obtained":["Regret"]},{"damage_healed":0,"gold_gain":0,"player_choice":"Take Wound","damage_taken":0,"relics_obtained":["Golden Idol"],"max_hp_gain":0,"max_hp_loss":0,"event_name":"Golden Idol","floor":5,"gold_loss":0,"cards_obtained":["Injury"]},{"cards_removed":["Regret"],"damage_healed":0,"gold_gain":0,"player_choice":"Card Removal","damage_taken":7,"max_hp_gain":0,"max_hp_loss":0,"event_name":"Golden Wing","floor":7,"gold_loss":0},{"damage_healed":0,"gold_gain":0,"player_choice":"Opened","damage_taken":0,"relics_obtained":["Singing Bowl"],"max_hp_gain":0,"max_hp_loss":0,"event_name":"The Mausoleum","floor":19,"gold_loss":0,"cards_obtained":["Writhe"]},{"damage_healed":0,"gold_gain":0,"player_choice":"Obtained Book","damage_taken":16,"max_hp_gain":0,"max_hp_loss":0,"event_name":"Cursed Tome","floor":20,"gold_loss":0},{"damage_healed":0,"gold_gain":0,"player_choice":"Gave Idol","damage_taken":0,"relics_obtained":["Bloody Idol"],"max_hp_gain":0,"max_hp_loss":0,"event_name":"Forgotten Altar","floor":22,"relics_lost":["Golden Idol"],"gold_loss":0},{"damage_healed":0,"gold_gain":0,"player_choice":"Ignored","damage_taken":0,"max_hp_gain":0,"max_hp_loss":0,"event_name":"Beggar","floor":29,"gold_loss":0},{"cards_removed":["Defend_B"],"damage_healed":0,"gold_gain":0,"player_choice":"Removed Skill","damage_taken":0,"max_hp_gain":0,"max_hp_loss":0,"event_name":"Falling","floor":36,"gold_loss":0},{"damage_healed":0,"gold_gain":0,"player_choice":"Ignored","damage_taken":0,"max_hp_gain":0,"max_hp_loss":0,"event_name":"Tomb of Lord Red Mask","floor":38,"gold_loss":0},{"damage_healed":0,"gold_gain":0,"player_choice":"Fight","damage_taken":0,"max_hp_gain":0,"max_hp_loss":0,"event_name":"MindBloom","floor":41,"gold_loss":0},{"damage_healed":0,"gold_gain":0,"player_choice":"Max HP","damage_taken":0,"max_hp_gain":0,"max_hp_loss":5,"event_name":"Winding Halls","floor":47,"gold_loss":0}],"is_beta":false,"boss_relics":[{"not_picked":["Coffee Dripper","Velvet Choker"],"picked":"Busted Crown"},{"not_picked":["Runic Pyramid","Runic Dome"],"picked":"FrozenCore"}],"items_purged_floors":[4,21,44],"is_endless":false,"potions_floor_spawned":[1,10,18,30,33,35,41,54],"killed_by":"The Heart","ascension_level":1}