{"gold_per_floor":[111,111,129,145,160,160,192,192,216,231,249,249,131,131,131,202,252,266,281,281,41,61,61,78,78,78,78],"floor_reached":27,"playtime":1480,"items_purged":["Strike_R","Strike_R"],"score":355,"play_id":"9315a194-d0a4-40c5-a2d3-003ddc673eec","local_time":"20181125222333","is_ascension_mode":true,"campfire_choices":[{"floor":6,"key":"REST"},{"floor":8,"key":"REST"},{"floor":12,"key":"REST"},{"floor":15,"key":"REST"},{"floor":23,"key":"REST"},{"floor":25,"key":"REST"}],"neow_cost":"TEN_PERCENT_HP_LOSS","seed_source_timestamp":169175827466103,"circlet_count":0,"master_deck":["AscendersBane","Strike_R+1","Strike_R","Strike_R","Defend_R","Defend_R+1","Defend_R+1","Defend_R","Bash+1","Thunderclap","Cleave","Pommel Strike","Pommel Strike","Body Slam","Whirlwind","Corruption","Fiend Fire+1","Dual Wield","Pommel Strike+1","Anger","Ghostly Armor","Demon Form"],"relics":["Burning Blood","Nunchaku","Smiling Mask","Pen Nib","Whetstone","Tiny House","Strange Spoon","Gremlin Horn"],"potions_floor_usage":[7,11,22],"damage_taken":[{"damage":18,"enemies":"Jaw Worm","floor":1,"turns":4},{"damage":2,"enemies":"Small Slimes","floor":3,"turns":4},{"damage":1,"enemies":"Cultist","floor":4,"turns":3},{"damage":30,"enemies":"Large Slime","floor":5,"turns":6},{"damage":32,"enemies":"Gremlin Nob","floor":7,"turns":4},{"damage":11,"enemies":"Looter","floor":10,"turns":2},{"damage":17,"enemies":"Exordium Thugs","floor":11,"turns":3},{"damage":68,"enemies":"Slime Boss","floor":16,"turns":8},{"damage":6,"enemies":"3 Byrds","floor":18,"turns":5},{"damage":28,"enemies":"Spheric Guardian","floor":19,"turns":4},{"damage":39,"enemies":"Centurion and Healer","floor":22,"turns":5},{"damage":18,"enemies":"Snecko","floor":24,"turns":4},{"damage":48,"enemies":"3 Cultists","floor":27,"turns":3}],"seed_played":"5863228607267471120","potions_obtained":[{"floor":5,"key":"SkillPotion"},{"floor":10,"key":"Ancient Potion"},{"floor":11,"key":"FairyPotion"},{"floor":17,"key":"SneckoOil"},{"floor":24,"key":"SpeedPotion"}],"is_trial":false,"path_per_floor":["M","?","M","M","M","R","E","R","T","M","M","R","$","?","R","B",null,"M","M","?","$","M","R","M","R","T","M"],"character_chosen":"IRONCLAD","items_purchased":["Corruption","Strange Spoon"],"campfire_rested":6,"item_purchase_floors":[13,21],"current_hp_per_floor":[60,48,52,57,33,54,28,49,49,44,33,54,54,40,61,13,62,62,40,40,40,7,30,18,41,41,0],"gold":78,"neow_bonus":"ONE_RARE_RELIC","is_prod":false,"is_daily":false,"chose_seed":false,"campfire_upgraded":0,"win_rate":0,"timestamp":1543184613,"path_taken":["M","?","M","M","M","R","E","R","T","M","M","R","$","?","R","BOSS","M","M","?","$","M","R","M","R","T","M"],"build_version":"2018-11-15","purchased_purges":2,"victory":false,"max_hp_per_floor":[72,72,72,72,72,72,72,72,72,72,72,72,72,72,72,72,77,77,77,77,77,77,77,77,77,77,77],"card_choices":[{"not_picked":["Clothesline","Shrug It Off"],"picked":"Thunderclap","floor":1},{"not_picked":["Twin Strike","Flex"],"picked":"Cleave","floor":3},{"not_picked":["Heavy Blade","Havoc","Clash"],"picked":"SKIP","floor":4},{"not_picked":["Armaments","Fire Breathing"],"picked":"Pommel Strike","floor":5},{"not_picked":["Iron Wave","Intimidate"],"picked":"Pommel Strike","floor":7},{"not_picked":["Burning Pact","Hemokinesis"],"picked":"Body Slam","floor":10},{"not_picked":["Twin Strike","Warcry"],"picked":"Whirlwind","floor":11},{"not_picked":["Offering","Reaper"],"picked":"Fiend Fire","floor":16},{"not_picked":["Clothesline","Infernal Blade"],"picked":"Dual Wield","floor":17},{"not_picked":["Clash","Infernal Blade"],"picked":"Pommel Strike+1","floor":18},{"not_picked":["Iron Wave","Body Slam"],"picked":"Anger","floor":19},{"not_picked":["Cleave","Clash"],"picked":"Ghostly Armor","floor":22},{"not_picked":["Clothesline","Carnage"],"picked":"Demon Form","floor":24}],"player_experience":896900,"relics_obtained":[{"floor":7,"key":"Pen Nib"},{"floor":9,"key":"Whetstone"},{"floor":26,"key":"Gremlin Horn"}],"event_choices":[{"damage_healed":0,"gold_gain":0,"player_choice":"Success","damage_taken":12,"relics_obtained":["Smiling Mask"],"max_hp_gain":0,"max_hp_loss":0,"event_name":"Scrap Ooze","floor":2,"gold_loss":0},{"damage_healed":0,"gold_gain":0,"player_choice":"Entered Light","damage_taken":14,"max_hp_gain":0,"max_hp_loss":0,"event_name":"Shining Light","floor":14,"gold_loss":0,"cards_upgraded":["Defend_R","Defend_R"]},{"damage_healed":0,"gold_gain":0,"player_choice":"Ignored","damage_taken":0,"max_hp_gain":0,"max_hp_loss":0,"event_name":"Ghosts","floor":20,"gold_loss":0}],"is_beta":false,"boss_relics":[{"not_picked":["Cursed Key","Velvet Choker"],"picked":"Tiny House"}],"items_purged_floors":[13,21],"is_endless":false,"potions_floor_spawned":[5,10,11,24],"killed_by":"3 Cultists","ascension_level":13}