{"gold_per_floor":[117,135,189,189,42,76,76,91,91,15,190,200,275,295,295,390,390,390],"floor_reached":18,"playtime":1012,"items_purged":["Regret"],"score":184,"play_id":"bb3bf38d-0592-479b-a259-cd5607e47b1f","local_time":"20181117045302","is_ascension_mode":true,"campfire_choices":[{"data":"Bash","floor":7,"key":"SMITH"},{"data":"True Grit","floor":15,"key":"SMITH"}],"neow_cost":"NONE","seed_source_timestamp":182113526916363,"circlet_count":0,"master_deck":["Strike_R","Strike_R","Strike_R","Strike_R","Strike_R","Defend_R","Defend_R","Defend_R","Defend_R","Bash+1","Flex","Heavy Blade","Spot Weakness","Reaper","Thunderclap","Inflame","Doubt","Warcry","True Grit+1","Demon Form"],"relics":["Burning Blood","Question Card","Ornamental Fan","Centennial Puzzle","White Beast Statue"],"potions_floor_usage":[8],"damage_taken":[{"damage":8,"enemies":"Jaw Worm","floor":1,"turns":5},{"damage":6,"enemies":"2 Louse","floor":2,"turns":2},{"damage":30,"enemies":"3 Sentries","floor":6,"turns":8},{"damage":4,"enemies":"Small Slimes","floor":8,"turns":4},{"damage":12,"enemies":"Looter","floor":12,"turns":4},{"damage":20,"enemies":"Gremlin Gang","floor":14,"turns":3},{"damage":95,"enemies":"Hexaghost","floor":16,"turns":10},{"damage":50,"enemies":"3 Byrds","floor":18,"turns":5}],"seed_played":"-9040079268865386388","potions_obtained":[{"floor":6,"key":"Dexterity Potion"},{"floor":8,"key":"Fruit Juice"},{"floor":16,"key":"PowerPotion"}],"is_trial":false,"path_per_floor":["M","M","?","?","$","E","R","M","T","$","?","M","?","M","R","B",null,"M"],"character_chosen":"IRONCLAD","items_purchased":["Spot Weakness","Inflame"],"campfire_rested":0,"item_purchase_floors":[5,10],"current_hp_per_floor":[86,86,86,86,86,62,62,73,73,73,73,71,60,82,82,11,93,51],"gold":390,"neow_bonus":"TEN_PERCENT_HP_BONUS","is_prod":false,"is_daily":false,"chose_seed":false,"campfire_upgraded":2,"win_rate":0,"timestamp":1542448382,"path_taken":["M","M","?","?","$","E","R","M","T","?","?","M","?","M","R","BOSS","M"],"build_version":"2018-11-15","purchased_purges":1,"victory":false,"max_hp_per_floor":[88,88,88,88,88,88,88,93,93,93,93,93,93,93,93,93,93,93],"card_choices":[{"not_picked":["Fire Breathing","Dropkick"],"picked":"Flex","floor":1},{"not_picked":["Thunderclap","Wild Strike"],"picked":"Heavy Blade","floor":2},{"not_picked":["Havoc","Sentinel","Rupture"],"picked":"Reaper","floor":6},{"not_picked":["Iron Wave","Anger","Clash"],"picked":"Thunderclap","floor":8},{"not_picked":["Sentinel","Combust","Sever Soul"],"picked":"Warcry","floor":12},{"not_picked":["Corruption","Evolve","Armaments"],"picked":"True Grit","floor":14},{"not_picked":["Dark Embrace","Juggernaut","Fiend Fire"],"picked":"Demon Form","floor":16}],"player_experience":280714,"relics_obtained":[{"floor":6,"key":"Ornamental Fan"},{"floor":9,"key":"Centennial Puzzle"}],"event_choices":[{"damage_healed":0,"gold_gain":54,"player_choice":"Gained Gold","damage_taken":0,"max_hp_gain":0,"max_hp_loss":0,"event_name":"Golden Wing","floor":3,"gold_loss":0},{"damage_healed":0,"gold_gain":0,"player_choice":"Box","damage_taken":0,"relics_obtained":["Question Card"],"max_hp_gain":0,"max_hp_loss":0,"event_name":"Big Fish","floor":4,"gold_loss":0,"cards_obtained":["Regret"]},{"damage_healed":0,"gold_gain":175,"player_choice":"AGREE","damage_taken":0,"max_hp_gain":0,"max_hp_loss":0,"event_name":"Liars Game","floor":11,"gold_loss":0,"cards_obtained":["Doubt"]},{"damage_healed":0,"gold_gain":75,"player_choice":"Gather Gold","damage_taken":11,"max_hp_gain":0,"max_hp_loss":0,"event_name":"World of Goop","floor":13,"gold_loss":0}],"is_beta":false,"boss_relics":[{"not_picked":["Runic Dome","Fusion Hammer"],"picked":"White Beast Statue"}],"items_purged_floors":[5],"is_endless":false,"potions_floor_spawned":[6,8,16],"killed_by":"3 Byrds","ascension_level":3}