{"gold_per_floor":[115,131,131,131,143,175,175,191,216,229,229,229,229,26,26,97,97,108,158,173,173,173,173,173],"floor_reached":24,"playtime":718,"items_purged":[],"score":340,"play_id":"4778d4ac-371b-46e3-ba36-3952395e8e09","local_time":"20190205000631","is_ascension_mode":true,"campfire_choices":[{"data":"Zap","floor":7,"key":"SMITH"},{"floor":11,"key":"REST"},{"floor":13,"key":"REST"},{"data":"Redo","floor":15,"key":"SMITH"},{"data":"Hologram","floor":23,"key":"SMITH"}],"neow_cost":"NONE","seed_source_timestamp":2095852374909413,"circlet_count":0,"master_deck":["AscendersBane","Strike_B","Defend_B","Defend_B","Defend_B","Defend_B","Zap+1","Dualcast","Steam","Redo+1","Ball Lightning","Sweeping Beam","Coolheaded","Conserve Battery","Thunder Strike","Hologram+1","FTL"],"relics":["Cracked Core","Omamori","Oddly Smooth Stone","Membership Card","Runic Dome","Matryoshka"],"potions_floor_usage":[10,16,16,16,18,24],"damage_taken":[{"damage":16,"enemies":"Small Slimes","floor":1,"turns":4},{"damage":4,"enemies":"2 Louse","floor":2,"turns":3},{"damage":1,"enemies":"Cultist","floor":5,"turns":3},{"damage":35,"enemies":"Gremlin Nob","floor":6,"turns":4},{"damage":20,"enemies":"Exordium Wildlife","floor":8,"turns":4},{"damage":8,"enemies":"3 Louse","floor":10,"turns":2},{"damage":28,"enemies":"The Guardian","floor":16,"turns":13},{"damage":7,"enemies":"Spheric Guardian","floor":18,"turns":5},{"damage":13,"enemies":"Shell Parasite","floor":20,"turns":5},{"damage":63,"enemies":"Slavers","floor":24,"turns":4}],"seed_played":"1143871620064142310","potions_obtained":[{"floor":5,"key":"Energy Potion"},{"floor":6,"key":"Energy Potion"},{"floor":10,"key":"EntropicBrew"},{"floor":16,"key":"Regen Potion"},{"floor":20,"key":"FairyPotion"}],"is_trial":false,"path_per_floor":["M","M","?","?","M","E","R","M","T","M","R","?","R","$","R","B",null,"M","?","M","?","T","R","E"],"character_chosen":"DEFECT","items_purchased":["Membership Card"],"campfire_rested":2,"item_purchase_floors":[14],"current_hp_per_floor":[48,44,67,67,66,31,31,11,11,3,24,24,45,45,45,17,58,65,65,52,52,52,52,0],"gold":173,"neow_bonus":"REMOVE_CARD","is_prod":false,"is_daily":false,"chose_seed":false,"campfire_upgraded":3,"win_rate":0,"timestamp":1549343191,"path_taken":["M","M","?","?","M","E","R","M","T","?","R","?","R","$","R","BOSS","M","?","M","?","?","R","E"],"build_version":"2019-01-23","purchased_purges":0,"victory":false,"max_hp_per_floor":[71,71,71,71,71,71,71,71,71,71,71,71,71,71,71,71,71,71,71,71,71,71,71,71],"card_choices":[{"not_picked":["Fusion","Compile Driver"],"picked":"Steam","floor":1},{"not_picked":["Consume","Rebound"],"picked":"Redo","floor":2},{"not_picked":["White Noise","Compile Driver"],"picked":"Ball Lightning","floor":5},{"not_picked":["FTL","Go for the Eyes"],"picked":"Sweeping Beam","floor":6},{"not_picked":["Scrape","Leap"],"picked":"Coolheaded","floor":8},{"not_picked":["Recycle","Reprogram"],"picked":"Conserve Battery","floor":10},{"not_picked":["Buffer","Machine Learning"],"picked":"Thunder Strike","floor":16},{"not_picked":["Barrage","Compile Driver"],"picked":"Hologram","floor":18},{"not_picked":["Streamline","Barrage"],"picked":"FTL","floor":20}],"player_experience":526777,"relics_obtained":[{"floor":6,"key":"Omamori"},{"floor":9,"key":"Oddly Smooth Stone"},{"floor":22,"key":"Matryoshka"}],"event_choices":[{"damage_healed":23,"gold_gain":0,"player_choice":"Banana","damage_taken":0,"max_hp_gain":0,"max_hp_loss":0,"event_name":"Big Fish","floor":3,"gold_loss":0},{"cards_removed":["Strike_B"],"damage_healed":0,"gold_gain":0,"player_choice":"Offered Basic","damage_taken":0,"max_hp_gain":0,"max_hp_loss":0,"event_name":"Bonfire Elementals","floor":4,"gold_loss":0},{"damage_healed":0,"gold_gain":0,"player_choice":"Ignored","damage_taken":0,"max_hp_gain":0,"max_hp_loss":0,"event_name":"Golden Idol","floor":12,"gold_loss":0},{"damage_healed":0,"gold_gain":50,"player_choice":"Stole From Cult","damage_taken":0,"max_hp_gain":0,"max_hp_loss":0,"event_name":"Nest","floor":19,"gold_loss":0},{"cards_removed":["Strike_B"],"damage_healed":0,"gold_gain":0,"player_choice":"Elegance","damage_taken":0,"max_hp_gain":0,"max_hp_loss":0,"event_name":"Back to Basics","floor":21,"gold_loss":0}],"is_beta":false,"boss_relics":[{"not_picked":["Orrery","Velvet Choker"],"picked":"Runic Dome"}],"items_purged_floors":[],"is_endless":false,"potions_floor_spawned":[5,6,10,16,20],"killed_by":"Slavers","ascension_level":15}