{"gold_per_floor":[116,41,41,41,41,76,91,91,91,111,126,151,171,197,197,299,299,317,317,57,71,45,45,45],"floor_reached":24,"playtime":1441,"items_purged":[],"score":370,"play_id":"7511c84b-d97b-4688-a65b-9b88c47c75e1","local_time":"20190123222057","is_ascension_mode":true,"campfire_choices":[{"data":"Glass Knife","floor":8,"key":"SMITH"},{"data":"Glass Knife","floor":15,"key":"SMITH"},{"floor":23,"key":"REST"}],"neow_cost":"NONE","seed_source_timestamp":384081557876612,"circlet_count":0,"master_deck":["AscendersBane","Defend_G","Defend_G","Defend_G","Defend_G","Defend_G","Strike_G","Strike_G","Strike_G","Strike_G","Strike_G","Survivor","Neutralize","Slice","Glass Knife+1","Dash","Dagger Throw","Glass Knife+1","Footwork","Footwork","Dagger Throw","Envenom","Blade Dance","Sucker Punch","Blade Dance"],"relics":["Ring of the Snake","NeowsBlessing","Vajra","Pen Nib","Bottled Lightning","Blood Vial","Shuriken"],"potions_floor_usage":[11,12,16,16,18],"damage_taken":[{"damage":0,"enemies":"2 Louse","floor":1,"turns":1},{"damage":0,"enemies":"3 Sentries","floor":6,"turns":1},{"damage":0,"enemies":"Jaw Worm","floor":7,"turns":1},{"damage":0,"enemies":"Small Slimes","floor":10,"turns":2},{"damage":0,"enemies":"Exordium Wildlife","floor":11,"turns":1},{"damage":8,"enemies":"Gremlin Nob","floor":12,"turns":3},{"damage":0,"enemies":"Exordium Thugs","floor":13,"turns":4},{"damage":4,"enemies":"3 Sentries","floor":14,"turns":7},{"damage":28,"enemies":"Hexaghost","floor":16,"turns":8},{"damage":12,"enemies":"3 Byrds","floor":18,"turns":4},{"damage":4,"enemies":"Chosen","floor":21,"turns":3},{"damage":85,"enemies":"Gremlin Leader","floor":24,"turns":8}],"seed_played":"-2667703845261743723","potions_obtained":[{"floor":7,"key":"Fire Potion"},{"floor":10,"key":"Poison Potion"},{"floor":11,"key":"GamblersBrew"},{"floor":14,"key":"Dexterity Potion"},{"floor":16,"key":"AttackPotion"},{"floor":18,"key":"Poison Potion"}],"is_trial":false,"path_per_floor":["M","$","?","?","?","E","M","R","T","M","M","E","M","E","R","B",null,"M","?","$","M","$","R","E"],"character_chosen":"THE_SILENT","items_purchased":["Glass Knife","Shuriken","Blade Dance"],"campfire_rested":1,"item_purchase_floors":[2,20,22],"current_hp_per_floor":[63,63,63,68,68,68,68,68,68,68,68,60,60,56,56,28,63,51,51,51,49,49,71,0],"gold":45,"neow_bonus":"THREE_ENEMY_KILL","is_prod":false,"is_daily":false,"chose_seed":false,"campfire_upgraded":2,"win_rate":0,"timestamp":1548282057,"path_taken":["M","$","?","?","?","E","M","R","T","M","?","E","M","E","R","BOSS","M","?","$","M","$","R","E"],"build_version":"2019-01-23","purchased_purges":0,"victory":false,"max_hp_per_floor":[70,70,70,75,75,75,75,75,75,75,75,75,75,75,75,75,75,75,75,75,75,75,75,75],"card_choices":[{"not_picked":["Backflip","Choke"],"picked":"Slice","floor":1},{"not_picked":["Bane","Skewer"],"picked":"Dash","floor":6},{"not_picked":["Accuracy","Outmaneuver"],"picked":"Dagger Throw","floor":7},{"not_picked":["PiercingWail","Masterful Stab"],"picked":"Glass Knife","floor":10},{"not_picked":["Backflip","Infinite Blades"],"picked":"Footwork","floor":11},{"not_picked":["Blade Dance","Distraction"],"picked":"Footwork","floor":12},{"not_picked":["Underhanded Strike","Outmaneuver"],"picked":"Dagger Throw","floor":13},{"not_picked":["Dash","Tactician","Acrobatics"],"picked":"SKIP","floor":14},{"not_picked":["Venomology","Storm of Steel"],"picked":"Envenom","floor":16},{"not_picked":["Dash+1","Reflex"],"picked":"Blade Dance","floor":18},{"not_picked":["Dodge and Roll","Flying Knee"],"picked":"Sucker Punch","floor":21}],"player_experience":1228130,"relics_obtained":[{"floor":6,"key":"Vajra"},{"floor":12,"key":"Pen Nib"},{"floor":14,"key":"Bottled Lightning"}],"event_choices":[{"damage_healed":0,"gold_gain":0,"player_choice":"Ignored","damage_taken":0,"max_hp_gain":0,"max_hp_loss":0,"event_name":"Liars Game","floor":3,"gold_loss":0},{"damage_healed":0,"gold_gain":0,"player_choice":"Donut","damage_taken":0,"max_hp_gain":5,"max_hp_loss":0,"event_name":"Big Fish","floor":4,"gold_loss":0},{"damage_healed":0,"gold_gain":0,"player_choice":"Leave","damage_taken":0,"max_hp_gain":0,"max_hp_loss":0,"event_name":"The Cleric","floor":5,"gold_loss":0},{"damage_healed":0,"gold_gain":0,"player_choice":"Gave Potion","damage_taken":0,"relics_obtained":["Blood Vial"],"max_hp_gain":0,"max_hp_loss":0,"event_name":"WeMeetAgain","floor":19,"gold_loss":0}],"is_beta":false,"boss_relics":[{"not_picked":["Fusion Hammer","Velvet Choker","Runic Dome"]}],"items_purged_floors":[],"is_endless":false,"potions_floor_spawned":[7,10,11,14,16,18],"killed_by":"Gremlin Leader","ascension_level":11}