{"gold_per_floor":[116,41,41,41,64,97,97,115,165,189,204,222,237,264,264,389,389,404,404,404,415,340,340,375,375,375,125,125,135,50,66,66,163,163,183,199,199,74,174,174,174,207,207,241,252,252,1,17,17,17],"floor_reached":51,"playtime":3185,"items_purged":["Strike_R","Bite","Bite"],"score":1065,"play_id":"d26ee5cb-522f-43a8-9842-2deeb25ee95b","local_time":"20190204103751","is_ascension_mode":true,"campfire_choices":[{"data":"Shrug It Off","floor":7,"key":"SMITH"},{"data":"Uppercut","floor":15,"key":"SMITH"},{"data":"Offering","floor":23,"key":"SMITH"},{"data":"Demon Form","floor":25,"key":"SMITH"},{"data":"Limit Break","floor":28,"key":"SMITH"},{"floor":32,"key":"REST"},{"floor":40,"key":"RECALL"},{"floor":49,"key":"REST"}],"neow_cost":"NONE","seed_source_timestamp":48476763043936,"circlet_count":0,"master_deck":["Defend_R","Defend_R","Defend_R","Bash+1","Shrug It Off+1","Battle Trance","Uppercut+1","Immolate","Evolve","Offering+1","Ghostly Armor","Bite","Bite","Bite","Battle Trance+1","Demon Form+1","Limit Break+1","Whirlwind","Reaper","Intimidate","Battle Trance+1","Bloodletting+1"],"relics":["Burning Blood","NeowsBlessing","Bloody Idol","Bronze Scales","Lantern","Ancient Tea Set","Black Star","Vajra","Gambling Chip","Red Skull","Happy Flower","Fusion Hammer","Calipers","PreservedInsect","Strawberry","Anchor","Darkstone Periapt","Oddly Smooth Stone","Bag of Preparation","Paper Frog"],"potions_floor_usage":[16,18,24,24,33,44,50,50,50],"damage_taken":[{"damage":0,"enemies":"2 Louse","floor":1,"turns":1},{"damage":0,"enemies":"Cultist","floor":5,"turns":1},{"damage":0,"enemies":"Lagavulin","floor":6,"turns":1},{"damage":1,"enemies":"Jaw Worm","floor":8,"turns":3},{"damage":4,"enemies":"Blue Slaver","floor":10,"turns":3},{"damage":3,"enemies":"Looter","floor":11,"turns":3},{"damage":2,"enemies":"Exordium Thugs","floor":12,"turns":4},{"damage":3,"enemies":"Blue Slaver","floor":13,"turns":3},{"damage":35,"enemies":"Hexaghost","floor":16,"turns":10},{"damage":16,"enemies":"Shell Parasite","floor":18,"turns":4},{"damage":18,"enemies":"2 Thieves","floor":21,"turns":3},{"damage":41,"enemies":"Gremlin Leader","floor":24,"turns":4},{"damage":35,"enemies":"Snecko","floor":29,"turns":4},{"damage":16,"enemies":"Snake Plant","floor":31,"turns":3},{"damage":24,"enemies":"Automaton","floor":33,"turns":5},{"damage":23,"enemies":"3 Darklings","floor":35,"turns":5},{"damage":8,"enemies":"Orb Walker","floor":36,"turns":3},{"damage":15,"enemies":"Mind Bloom Boss Battle","floor":39,"turns":5},{"damage":26,"enemies":"Giant Head","floor":42,"turns":6},{"damage":20,"enemies":"Reptomancer","floor":44,"turns":5},{"damage":15,"enemies":"Transient","floor":45,"turns":5},{"damage":28,"enemies":"Spire Growth","floor":48,"turns":5},{"damage":33,"enemies":"Time Eater","floor":50,"turns":6}],"seed_played":"-206698250828751374","potions_obtained":[{"floor":1,"key":"Fire Potion"},{"floor":5,"key":"AttackPotion"},{"floor":10,"key":"BloodPotion"},{"floor":16,"key":"LiquidBronze"},{"floor":21,"key":"Energy Potion"},{"floor":24,"key":"Energy Potion"},{"floor":29,"key":"SpeedPotion"},{"floor":33,"key":"Explosive Potion"},{"floor":36,"key":"Dexterity Potion"},{"floor":45,"key":"Strength Potion"},{"floor":48,"key":"EssenceOfSteel"}],"is_trial":false,"path_per_floor":["M","$","?","?","M","E","R","M","T","M","M","M","M","T","R","B",null,"M","?","?","M","?","R","E","R","T","$","R","M","?","M","R","B",null,"M","M","?","$","?","R","T","E","T","E","M","?","$","M","R","B",null],"character_chosen":"IRONCLAD","items_purchased":["Limit Break","Paper Frog"],"campfire_rested":2,"item_purchase_floors":[27,47],"current_hp_per_floor":[78,78,58,58,64,70,70,75,75,77,80,80,80,80,80,51,73,63,63,56,56,56,56,34,34,34,34,34,16,16,17,33,26,49,56,56,56,56,56,56,56,63,63,63,63,60,60,51,60,60],"gold":17,"neow_bonus":"THREE_ENEMY_KILL","is_prod":false,"is_daily":false,"chose_seed":false,"campfire_upgraded":5,"win_rate":0,"timestamp":1549244271,"path_taken":["M","$","?","?","M","E","R","M","T","M","M","?","M","?","R","BOSS","M","?","?","M","?","R","E","R","T","?","R","?","?","M","R","BOSS","M","M","?","$","?","R","?","E","T","E","M","?","$","?","R","BOSS"],"build_version":"2019-01-23","purchased_purges":3,"victory":true,"max_hp_per_floor":[80,80,80,80,80,80,80,80,80,80,80,80,80,80,80,80,80,80,80,56,56,56,56,56,56,56,56,56,56,56,56,56,56,56,56,56,56,56,56,56,56,63,63,63,63,60,60,60,60,60],"card_choices":[{"not_picked":["Hemokinesis","Cleave","Sword Boomerang"],"picked":"SKIP","floor":1},{"not_picked":["Fire Breathing","Second Wind"],"picked":"Shrug It Off","floor":5},{"not_picked":["Infernal Blade","Havoc"],"picked":"Battle Trance","floor":6},{"not_picked":["Headbutt","Corruption"],"picked":"Uppercut","floor":8},{"not_picked":["Twin Strike","Rage","Anger"],"picked":"SKIP","floor":10},{"not_picked":["Heavy Blade","Iron Wave"],"picked":"Immolate","floor":11},{"not_picked":["Cleave","Entrench","Brutality"],"picked":"SKIP","floor":12},{"not_picked":["Pummel","Armaments"],"picked":"Evolve","floor":13},{"not_picked":["Limit Break","Double Tap"],"picked":"Offering","floor":16},{"not_picked":["Rage","Seeing Red"],"picked":"Ghostly Armor","floor":18},{"not_picked":["Twin Strike","Headbutt"],"picked":"Battle Trance+1","floor":21},{"not_picked":["Body Slam","Uppercut"],"picked":"Demon Form","floor":24},{"not_picked":["Heavy Blade","Spot Weakness+1"],"picked":"Whirlwind","floor":29},{"not_picked":["Perfected Strike","Armaments","Sword Boomerang"],"picked":"SKIP","floor":31},{"not_picked":["Demon Form","Berserk"],"picked":"Reaper","floor":33},{"not_picked":["Rage+1","Headbutt","Wild Strike+1"],"picked":"SKIP","floor":35},{"not_picked":["Rupture","Thunderclap+1"],"picked":"Intimidate","floor":36},{"not_picked":["Berserk","Clash+1"],"picked":"Battle Trance+1","floor":42},{"not_picked":["Clash+1","Pommel Strike+1"],"picked":"Bloodletting+1","floor":44},{"not_picked":["Dual Wield+1","True Grit+1","Cleave+1"],"picked":"SKIP","floor":45},{"not_picked":["Thunderclap","Carnage","Wild Strike"],"picked":"SKIP","floor":48}],"player_experience":158338,"relics_obtained":[{"floor":6,"key":"Bronze Scales"},{"floor":9,"key":"Lantern"},{"floor":14,"key":"Ancient Tea Set"},{"floor":24,"key":"Vajra"},{"floor":24,"key":"Gambling Chip"},{"floor":26,"key":"Red Skull"},{"floor":39,"key":"Calipers"},{"floor":41,"key":"PreservedInsect"},{"floor":42,"key":"Strawberry"},{"floor":42,"key":"Anchor"},{"floor":43,"key":"Darkstone Periapt"},{"floor":44,"key":"Oddly Smooth Stone"},{"floor":44,"key":"Bag of Preparation"}],"event_choices":[{"damage_healed":0,"gold_gain":0,"player_choice":"Take Damage","damage_taken":20,"relics_obtained":["Golden Idol"],"max_hp_gain":0,"max_hp_loss":0,"event_name":"Golden Idol","floor":3,"gold_loss":0},{"damage_healed":0,"gold_gain":0,"player_choice":"Upgraded","damage_taken":0,"max_hp_gain":0,"max_hp_loss":0,"event_name":"Upgrade Shrine","floor":4,"gold_loss":0,"cards_upgraded":["Bash"]},{"damage_healed":0,"gold_gain":0,"player_choice":"Gave Idol","damage_taken":0,"relics_obtained":["Bloody Idol"],"max_hp_gain":0,"max_hp_loss":0,"event_name":"Forgotten Altar","floor":19,"relics_lost":["Golden Idol"],"gold_loss":0},{"damage_healed":0,"gold_gain":0,"player_choice":"Became a vampire","damage_taken":0,"max_hp_gain":0,"max_hp_loss":24,"event_name":"Vampires","floor":20,"gold_loss":0,"cards_obtained":["Bite","Bite","Bite","Bite","Bite"]},{"cards_removed":["Defend_R"],"damage_healed":0,"gold_gain":0,"player_choice":"Gave Gold","damage_taken":0,"max_hp_gain":0,"max_hp_loss":0,"event_name":"Beggar","floor":22,"gold_loss":75},{"damage_healed":0,"gold_gain":0,"player_choice":"Obtained Relic","damage_taken":0,"relics_obtained":["Happy Flower"],"max_hp_gain":0,"max_hp_loss":0,"event_name":"Addict","floor":30,"gold_loss":85},{"damage_healed":0,"gold_gain":0,"player_choice":"Ignored","damage_taken":0,"max_hp_gain":0,"max_hp_loss":0,"event_name":"Mysterious Sphere","floor":37,"gold_loss":0},{"damage_healed":0,"gold_gain":0,"player_choice":"Fight","damage_taken":0,"max_hp_gain":0,"max_hp_loss":0,"event_name":"MindBloom","floor":39,"gold_loss":0},{"damage_healed":0,"gold_gain":0,"player_choice":"Max HP","damage_taken":0,"max_hp_gain":0,"max_hp_loss":3,"event_name":"Winding Halls","floor":46,"gold_loss":0}],"is_beta":false,"boss_relics":[{"not_picked":["Eternal Feather","Orrery"],"picked":"Black Star"},{"not_picked":["Lizard Tail","Pandora\u0027s Box"],"picked":"Fusion Hammer"}],"items_purged_floors":[2,27,38],"is_endless":false,"potions_floor_spawned":[1,5,10,16,21,24,29,33,36,42,45,48],"ascension_level":8}