{"gold_per_floor":[110,110,110,120,133,133,147,157,204,304,304,316,44,58,58,158,158,171,182,132,47,66,93,93,119,119,19,54,66,66,66,66,164,164,176,176,15,15,30,64,64,99,99,132,145,179,192,212,212,212,212,212,62,93,93],"floor_reached":56,"playtime":6317,"items_purged":["Pain","Clumsy","Defend_B","Clumsy"],"score":1884,"play_id":"b23bc5ad-4459-47bf-9c55-6f5fae10a65d","local_time":"20190208164601","is_ascension_mode":true,"campfire_choices":[{"data":"Recycle","floor":6,"key":"SMITH"},{"floor":11,"key":"REST"},{"floor":15,"key":"REST"},{"floor":24,"key":"REST"},{"data":"Defragment","floor":30,"key":"SMITH"},{"data":"Discovery","floor":32,"key":"SMITH"},{"floor":49,"key":"RECALL"},{"data":"Machine Learning","floor":52,"key":"SMITH"}],"neow_cost":"NONE","seed_source_timestamp":1209050845939549,"circlet_count":0,"master_deck":["Defend_B","Defend_B","Zap","Dualcast","Conserve Battery","Coolheaded","Recycle+1","White Noise","Glacier","Defragment+1","Machine Learning+1","Electrodynamics","Gash","Glacier+1","Discovery+1","Chill+1","Self Repair","Self Repair+1","Sunder","Rip and Tear","Echo Form","Capacitor","Discovery","Finesse","Heatsinks","Creative AI","Coolheaded+1"],"relics":["Empty Cage","WarpedTongs","Vajra","Runic Capacitor","Cursed Key","Mummified Hand","Bag of Marbles","FossilizedHelix","Kunai","Sozu","Oddly Smooth Stone","Juzu Bracelet","Mercury Hourglass","Du-Vu Doll","Ice Cream"],"potions_floor_usage":[4,12,16,16,23,44],"damage_taken":[{"damage":8,"enemies":"Jaw Worm","floor":1,"turns":4},{"damage":5,"enemies":"Cultist","floor":4,"turns":4},{"damage":12,"enemies":"Small Slimes","floor":5,"turns":5},{"damage":5,"enemies":"Red Slaver","floor":7,"turns":6},{"damage":14,"enemies":"2 Fungi Beasts","floor":8,"turns":2},{"damage":22,"enemies":"Lots of Slimes","floor":12,"turns":6},{"damage":0,"enemies":"Red Slaver","floor":14,"turns":5},{"damage":5,"enemies":"Hexaghost","floor":16,"turns":11},{"damage":0,"enemies":"Spheric Guardian","floor":18,"turns":6},{"damage":20,"enemies":"2 Thieves","floor":19,"turns":4},{"damage":4,"enemies":"Centurion and Healer","floor":22,"turns":6},{"damage":14,"enemies":"Slavers","floor":23,"turns":4},{"damage":11,"enemies":"Gremlin Leader","floor":25,"turns":8},{"damage":0,"enemies":"Book of Stabbing","floor":28,"turns":7},{"damage":0,"enemies":"Chosen and Byrds","floor":29,"turns":4},{"damage":0,"enemies":"Automaton","floor":33,"turns":11},{"damage":0,"enemies":"Orb Walker","floor":35,"turns":3},{"damage":0,"enemies":"3 Shapes","floor":39,"turns":5},{"damage":0,"enemies":"Reptomancer","floor":40,"turns":6},{"damage":0,"enemies":"Nemesis","floor":42,"turns":5},{"damage":0,"enemies":"Reptomancer","floor":44,"turns":6},{"damage":18,"enemies":"Writhing Mass","floor":45,"turns":5},{"damage":11,"enemies":"Nemesis","floor":46,"turns":7},{"damage":0,"enemies":"3 Darklings","floor":47,"turns":5},{"damage":42,"enemies":"4 Shapes","floor":48,"turns":5},{"damage":18,"enemies":"Donu and Deca","floor":50,"turns":5},{"damage":16,"enemies":"Shield and Spear","floor":54,"turns":9},{"damage":72,"enemies":"The Heart","floor":55,"turns":9}],"seed_played":"-4998139618285423643","potions_obtained":[{"floor":4,"key":"Fruit Juice"},{"floor":7,"key":"FocusPotion"},{"floor":8,"key":"EssenceOfSteel"},{"floor":12,"key":"Poison Potion"},{"floor":19,"key":"Dexterity Potion"},{"floor":23,"key":"SkillPotion"},{"floor":29,"key":"FairyPotion"}],"is_trial":false,"path_per_floor":["M","?","?","M","M","R","M","M","T","?","R","M","$","M","R","B",null,"M","M","?","$","M","E","R","E","T","$","E","M","R","?","R","B",null,"M","?","$","?","M","E","?","E","T","E","M","E","M","M","R","B",null,"R","$","E","B",null],"character_chosen":"DEFECT","items_purchased":["Runic Capacitor","Discovery","Capacitor"],"campfire_rested":3,"item_purchase_floors":[13,21,37],"current_hp_per_floor":[60,65,65,65,53,53,48,34,34,34,59,37,37,37,62,57,78,78,58,58,58,54,40,65,61,61,61,78,85,85,85,85,85,85,85,85,85,75,85,85,81,81,81,81,80,81,81,56,56,55,75,75,75,76,21],"gold":93,"neow_bonus":"BOSS_RELIC","is_prod":false,"is_daily":false,"chose_seed":false,"campfire_upgraded":4,"win_rate":0,"timestamp":1549640761,"path_taken":["M","?","?","?","M","R","M","M","T","?","R","M","$","?","R","BOSS","M","M","?","$","?","E","R","E","T","?","E","M","R","?","R","BOSS","M","?","$","?","M","E","?","E","T","E","M","E","M","M","R","BOSS","R","$","E","BOSS"],"build_version":"2019-01-23","purchased_purges":4,"victory":true,"max_hp_per_floor":[75,80,80,85,85,85,85,85,85,85,85,85,85,85,85,85,85,85,85,85,85,85,85,85,85,85,85,85,85,85,85,85,85,85,85,85,85,85,85,85,81,81,81,81,81,81,81,81,81,81,81,81,81,81,81],"card_choices":[{"not_picked":["Sweeping Beam","Hologram"],"picked":"Conserve Battery","floor":1},{"not_picked":["Blizzard","Reprogram"],"picked":"Coolheaded","floor":4},{"not_picked":["Blizzard","Genetic Algorithm"],"picked":"Recycle","floor":5},{"not_picked":["Turbo","Beam Cell"],"picked":"White Noise","floor":7},{"not_picked":["Cold Snap","Leap"],"picked":"Glacier","floor":8},{"not_picked":["Coolheaded","Hello World"],"picked":"Defragment","floor":12},{"not_picked":["Doom and Gloom","Leap"],"picked":"Machine Learning","floor":14},{"not_picked":["Machine Learning","Biased Cognition"],"picked":"Electrodynamics","floor":16},{"not_picked":["Stack","Streamline+1"],"picked":"Gash","floor":18},{"not_picked":["Hello World","Ball Lightning+1"],"picked":"Glacier+1","floor":19},{"not_picked":["Lockon+1","Aggregate"],"picked":"Chill+1","floor":22},{"not_picked":["Seek","Conserve Battery+1"],"picked":"Self Repair","floor":23},{"not_picked":["Go for the Eyes","Rebound"],"picked":"Self Repair+1","floor":25},{"not_picked":["Ball Lightning+1","Barrage","Chaos"],"picked":"SKIP","floor":28},{"not_picked":["Fusion+1","Reprogram","Rebound"],"picked":"SKIP","floor":29},{"not_picked":["Thunder Strike","Buffer"],"picked":"Echo Form","floor":33},{"not_picked":["Stack+1","Consume+1","Rip and Tear+1"],"picked":"SKIP","floor":35},{"not_picked":["Sadistic Nature","Mind Blast"],"picked":"Discovery","floor":38},{"not_picked":["Enlightenment","Flash of Steel"],"picked":"Finesse","floor":38},{"not_picked":["Cold Snap","Compile Driver"],"picked":"Heatsinks","floor":39},{"not_picked":["Hello World+1","Sweeping Beam"],"picked":"Creative AI","floor":40},{"not_picked":["Rebound+1","Fusion+1","Go for the Eyes+1"],"picked":"SKIP","floor":42},{"not_picked":["Redo+1","Aggregate+1","Rainbow"],"picked":"SKIP","floor":44},{"not_picked":["Reprogram","Barrage","Compile Driver+1"],"picked":"SKIP","floor":45},{"not_picked":["Ball Lightning","Scrape","Hello World+1"],"picked":"SKIP","floor":46},{"not_picked":["Turbo","Redo+1"],"picked":"Coolheaded+1","floor":47},{"not_picked":["Streamline+1","Stack+1","Hologram+1"],"picked":"SKIP","floor":48},{"not_picked":["Recycle","Sunder+1","Sweeping Beam+1"],"picked":"SKIP","floor":54}],"player_experience":302608,"relics_obtained":[{"floor":9,"key":"Vajra"},{"floor":23,"key":"Mummified Hand"},{"floor":25,"key":"Bag of Marbles"},{"floor":26,"key":"FossilizedHelix"},{"floor":28,"key":"Kunai"},{"floor":40,"key":"Oddly Smooth Stone"},{"floor":42,"key":"Juzu Bracelet"},{"floor":44,"key":"Mercury Hourglass"},{"floor":46,"key":"Du-Vu Doll"},{"floor":54,"key":"Ice Cream"}],"event_choices":[{"damage_healed":0,"gold_gain":0,"player_choice":"Donut","damage_taken":0,"max_hp_gain":5,"max_hp_loss":0,"event_name":"Big Fish","floor":2,"gold_loss":0},{"damage_healed":0,"gold_gain":0,"player_choice":"Rummage","damage_taken":0,"relics_obtained":["WarpedTongs"],"max_hp_gain":0,"max_hp_loss":0,"event_name":"Accursed Blacksmith","floor":3,"gold_loss":0,"cards_obtained":["Pain"]},{"damage_healed":0,"gold_gain":100,"player_choice":"Pray","damage_taken":0,"max_hp_gain":0,"max_hp_loss":0,"event_name":"Golden Shrine","floor":10,"gold_loss":0},{"damage_healed":0,"gold_gain":0,"player_choice":"Bet on Owner","damage_taken":0,"max_hp_gain":0,"max_hp_loss":0,"event_name":"The Joust","floor":20,"gold_loss":50},{"damage_healed":0,"gold_gain":0,"cards_transformed":["Strike_B","Strike_B"],"player_choice":"Became Test Subject","damage_taken":0,"max_hp_gain":0,"max_hp_loss":0,"event_name":"Drug Dealer","floor":31,"gold_loss":0,"cards_obtained":["Sunder","Rip and Tear"]},{"cards_removed":["Strike_B"],"damage_healed":0,"gold_gain":0,"player_choice":"Removed Attack","damage_taken":0,"max_hp_gain":0,"max_hp_loss":0,"event_name":"Falling","floor":36,"gold_loss":0},{"damage_healed":0,"gold_gain":0,"player_choice":"Memory 3","damage_taken":10,"max_hp_gain":0,"max_hp_loss":0,"event_name":"SensoryStone","floor":38,"gold_loss":0},{"damage_healed":0,"gold_gain":0,"player_choice":"Max HP","damage_taken":0,"max_hp_gain":0,"max_hp_loss":4,"event_name":"Winding Halls","floor":41,"gold_loss":0}],"is_beta":false,"boss_relics":[{"not_picked":["Fusion Hammer","White Beast Statue"],"picked":"Cursed Key"},{"not_picked":["Tiny House","Runic Dome"],"picked":"Sozu"}],"items_purged_floors":[13,27,37,53],"is_endless":false,"potions_floor_spawned":[4,7,8,12,19,23,29,35,42,44,45],"ascension_level":8}