{"gold_per_floor":[110,110,123,148,98,98,142,166,247,322,347,372,390,405,405,525,525,539,539,22,34,34,34,59,59,83,182,192,204,219,236,236,337,337,353,6,24,24,24,59,59,72,72,72,89,122,122],"floor_reached":47,"playtime":64955,"items_purged":["Strike_R","Decay"],"score":761,"play_id":"b5291054-c66b-4efc-aaa5-e3cbd135864b","local_time":"20180707172249","is_ascension_mode":false,"campfire_choices":[{"data":"Inflame","floor":6,"key":"SMITH"},{"floor":15,"key":"REST"},{"data":"Armaments","floor":23,"key":"SMITH"},{"floor":25,"key":"REST"},{"floor":32,"key":"REST"},{"floor":41,"key":"REST"},{"data":"Armaments","floor":44,"key":"SMITH"}],"neow_cost":"NONE","seed_source_timestamp":1615331585672595,"circlet_count":0,"master_deck":["Strike_R","Strike_R","Strike_R","Defend_R","Defend_R","Defend_R","Defend_R","Bash","Pummel","Flex","Inflame+1","Reaper","Heavy Blade","Metallicize","Twin Strike+1","Heavy Blade","Body Slam+1","True Grit","Flex","Heavy Blade","True Grit","Flex","Berserk","Armaments+1","Infernal Blade","Metallicize","Thunderclap","Limit Break","Blood for Blood","Brutality","Feed","Whirlwind","Armaments+1","Inflame+1","Spot Weakness","Pommel Strike+1","Madness","Madness","Flex+1","Warcry+1","Clumsy","Heavy Blade+1"],"relics":["Orrery","Mango","Paper Frog","Cursed Key","Nloth\u0027s Gift","Lee\u0027s Waffle","Gremlin Horn","Whetstone","Centennial Puzzle","Runic Cube","DollysMirror","Unceasing Top","Charon\u0027s Ashes","Bronze Scales","Frozen Egg 2"],"potions_floor_usage":[7,16,18,24,29,33,40,40,40,46],"damage_taken":[{"damage":11,"enemies":"Jaw Worm","floor":1,"turns":4},{"damage":1,"enemies":"Cultist","floor":3,"turns":3},{"damage":0,"enemies":"2 Louse","floor":4,"turns":1},{"damage":16,"enemies":"3 Sentries","floor":7,"turns":7},{"damage":7,"enemies":"Blue Slaver","floor":8,"turns":2},{"damage":5,"enemies":"Looter","floor":11,"turns":3},{"damage":6,"enemies":"3 Louse","floor":12,"turns":3},{"damage":12,"enemies":"Blue Slaver","floor":13,"turns":3},{"damage":8,"enemies":"2 Fungi Beasts","floor":14,"turns":4},{"damage":42,"enemies":"Slime Boss","floor":16,"turns":8},{"damage":44,"enemies":"Chosen","floor":18,"turns":7},{"damage":14,"enemies":"Shell Parasite","floor":21,"turns":5},{"damage":28,"enemies":"Gremlin Leader","floor":24,"turns":7},{"damage":15,"enemies":"Snake Plant","floor":28,"turns":3},{"damage":9,"enemies":"Centurion and Healer","floor":29,"turns":6},{"damage":13,"enemies":"Snecko","floor":30,"turns":6},{"damage":15,"enemies":"Sentry and Sphere","floor":31,"turns":3},{"damage":43,"enemies":"Champ","floor":33,"turns":6},{"damage":21,"enemies":"3 Shapes","floor":35,"turns":5},{"damage":24,"enemies":"3 Darklings","floor":37,"turns":4},{"damage":25,"floor":38,"turns":5},{"damage":59,"enemies":"2 Orb Walkers","floor":40,"turns":4},{"damage":2,"enemies":"Sphere and 2 Shapes","floor":42,"turns":3},{"damage":48,"enemies":"Maw","floor":45,"turns":5},{"damage":22,"enemies":"Nemesis","floor":46,"turns":3},{"damage":8,"enemies":"3 Darklings","floor":47,"turns":2}],"seed_played":"-2673345381021522505","potions_obtained":[{"floor":1,"key":"SpeedPotion"},{"floor":4,"key":"Regen Potion"},{"floor":11,"key":"LiquidBronze"},{"floor":12,"key":"Dexterity Potion"},{"floor":16,"key":"Weak Potion"},{"floor":21,"key":"Block Potion"},{"floor":28,"key":"Fire Potion"},{"floor":33,"key":"SkillPotion"},{"floor":38,"key":"AttackPotion"},{"floor":42,"key":"SkillPotion"}],"is_trial":false,"path_per_floor":["M","?","M","M","?","R","E","M","T","?","M","M","M","M","R","B",null,"M","?","$","M","$","R","E","R","T","?","M","M","M","M","R","B",null,"M","$","M","?","?","E","R","M","T","R","M","E"],"character_chosen":"IRONCLAD","items_purchased":["Lee\u0027s Waffle","Gremlin Horn","Armaments","DollysMirror"],"campfire_rested":4,"item_purchase_floors":[20,20,36,36],"current_hp_per_floor":[70,50,49,49,49,49,74,67,67,56,51,45,33,41,69,31,94,52,52,101,87,87,87,59,89,89,89,74,77,68,53,83,62,101,99,99,75,50,37,25,57,55,55,55,26,4,0],"gold":122,"neow_bonus":"BOSS_RELIC","is_prod":false,"is_daily":false,"chose_seed":false,"campfire_upgraded":3,"win_rate":0,"timestamp":1530998569,"path_taken":["M","?","M","?","?","R","E","M","T","?","M","?","M","M","R","BOSS","M","?","$","M","?","R","E","R","T","?","?","M","M","M","R","BOSS","M","$","M","?","?","E","R","?","T","R","M","E","?"],"build_version":"2018-07-05","purchased_purges":2,"victory":false,"max_hp_per_floor":[80,80,80,80,80,80,94,94,94,94,94,94,94,94,94,94,94,94,94,101,101,101,101,101,101,101,101,101,101,101,101,101,101,101,105,105,105,105,105,108,108,108,108,108,108,108,108],"card_choices":[{"not_picked":["Pommel Strike","Twin Strike"],"picked":"Pummel","floor":0},{"not_picked":["Pommel Strike","Searing Blow"],"picked":"Flex","floor":0},{"not_picked":["Thunderclap","True Grit"],"picked":"Inflame","floor":0},{"not_picked":["Clash","Clothesline"],"picked":"Reaper","floor":0},{"not_picked":["True Grit","Pommel Strike"],"picked":"Heavy Blade","floor":0},{"not_picked":["Sword Boomerang","Reckless Charge"],"picked":"Metallicize","floor":1},{"not_picked":["Hemokinesis","Bloodletting"],"picked":"Twin Strike","floor":3},{"not_picked":["Hemokinesis","Anger"],"picked":"Heavy Blade","floor":4},{"not_picked":["Perfected Strike","Bludgeon"],"picked":"Body Slam","floor":7},{"not_picked":["Uppercut","Rampage"],"picked":"True Grit","floor":8},{"not_picked":["Warcry","Rampage"],"picked":"Flex","floor":11},{"not_picked":["Clothesline","Twin Strike"],"picked":"Heavy Blade","floor":12},{"not_picked":["Warcry","Bludgeon"],"picked":"True Grit","floor":13},{"not_picked":["Searing Blow","Iron Wave"],"picked":"Flex","floor":14},{"not_picked":["Juggernaut","Barricade"],"picked":"Berserk","floor":16},{"not_picked":["Entrench","True Grit"],"picked":"Armaments","floor":18},{"not_picked":["Perfected Strike+1","Burning Pact"],"picked":"Infernal Blade","floor":21},{"not_picked":["Shrug It Off","Perfected Strike+1"],"picked":"Metallicize","floor":24},{"not_picked":["Entrench+1","Body Slam+1"],"picked":"Thunderclap","floor":28},{"not_picked":["Pummel","Combust+1"],"picked":"Limit Break","floor":29},{"not_picked":["Seeing Red","Perfected Strike"],"picked":"Blood for Blood","floor":30},{"not_picked":["Heavy Blade","Clothesline"],"picked":"Brutality","floor":31},{"not_picked":["Bludgeon","Dark Embrace"],"picked":"Feed","floor":33},{"not_picked":["Second Wind+1","Entrench"],"picked":"Whirlwind","floor":35},{"not_picked":["Clothesline+1","Combust"],"picked":"Spot Weakness","floor":37},{"not_picked":["Corruption","Searing Blow+1"],"picked":"Pommel Strike+1","floor":38},{"not_picked":["Headbutt","Clothesline+1"],"picked":"Flex+1","floor":40},{"not_picked":["Clothesline","Metallicize"],"picked":"Warcry+1","floor":42},{"not_picked":["Perfected Strike","Clothesline"],"picked":"Heavy Blade+1","floor":45},{"not_picked":["Bludgeon","Rage","Rampage+1"],"picked":"SKIP","floor":46}],"player_experience":40653,"relics_obtained":[{"floor":7,"key":"Mango"},{"floor":9,"key":"Paper Frog"},{"floor":24,"key":"Whetstone"},{"floor":26,"key":"Centennial Puzzle"},{"floor":38,"key":"Unceasing Top"},{"floor":40,"key":"Charon\u0027s Ashes"},{"floor":43,"key":"Bronze Scales"},{"floor":46,"key":"Frozen Egg 2"}],"event_choices":[{"event_name":"Golden Idol","player_choice":"Take Damage","floor":2,"damage_taken":0},{"event_name":"The Cleric","player_choice":"Card Removal","floor":5,"damage_taken":0},{"event_name":"World of Goop","player_choice":"Gather Gold","floor":10,"damage_taken":0},{"event_name":"N\u0027loth","player_choice":"Traded a Golden Idol","floor":19,"damage_taken":0},{"event_name":"Nest","player_choice":"Stole From Cult","floor":27,"damage_taken":0},{"event_name":"MindBloom","player_choice":"Fight","floor":38,"damage_taken":0},{"event_name":"Winding Halls","player_choice":"Embrace Madness","floor":39,"damage_taken":0}],"boss_relics":[{"not_picked":["Lizard Tail","Fusion Hammer"],"picked":"Cursed Key"},{"not_picked":["Mark of Pain","Snecko Eye"],"picked":"Runic Cube"}],"items_purged_floors":[20,36],"is_endless":false,"potions_floor_spawned":[1,4,11,12,16,21,28,33,38,42],"killed_by":"3 Darklings","ascension_level":0}