{"gold_per_floor":[112,112,122,145,157,183,183,183,207,207,227,227,30,65,65,168,168,183,238,269,287,307,307,380,405,476,62,62,90,103,103],"floor_reached":31,"playtime":1146,"items_purged":["Strike_R","Strike_R"],"score":379,"play_id":"fd7fcb3b-d563-4128-95ad-24b822bfe260","local_time":"20181211181556","is_ascension_mode":true,"campfire_choices":[{"data":"Uppercut","floor":7,"key":"SMITH"},{"data":"Inflame","floor":10,"key":"SMITH"},{"data":"Inflame","floor":12,"key":"SMITH"},{"data":"Corruption","floor":15,"key":"SMITH"},{"floor":23,"key":"REST"}],"neow_cost":"TEN_PERCENT_HP_LOSS","seed_source_timestamp":218757849623939,"circlet_count":0,"master_deck":["Strike_R","Defend_R","Defend_R","Defend_R","Defend_R","Bash","Inflame+1","Corruption+1","Anger","Uppercut+1","Inflame+1","Spot Weakness","Pommel Strike","Double Tap","Wild Strike","Spot Weakness","Whirlwind+1","Dual Wield+1","Feel No Pain","Dual Wield+1","Sentinel+1","Exhume+1"],"relics":["Burning Blood","WingedGreaves","Orichalcum","Smiling Mask","Juzu Bracelet","PreservedInsect","Bottled Tornado","Mark of Pain","Tiny Chest","Red Mask","Darkstone Periapt","Potion Belt","Question Card","Toxic Egg 2","Bottled Flame","Blood Vial"],"potions_floor_usage":[16,16,20,30,31],"damage_taken":[{"damage":18,"enemies":"Small Slimes","floor":1,"turns":5},{"damage":14,"enemies":"Jaw Worm","floor":3,"turns":5},{"damage":0,"enemies":"Cultist","floor":5,"turns":3},{"damage":16,"enemies":"Gremlin Nob","floor":6,"turns":4},{"damage":2,"enemies":"Looter","floor":11,"turns":2},{"damage":9,"enemies":"Lagavulin","floor":14,"turns":5},{"damage":34,"enemies":"The Guardian","floor":16,"turns":5},{"damage":5,"enemies":"Chosen","floor":18,"turns":4},{"damage":22,"enemies":"Masked Bandits","floor":20,"turns":5},{"damage":5,"enemies":"Spheric Guardian","floor":21,"turns":3},{"damage":20,"enemies":"3 Cultists","floor":22,"turns":4},{"damage":6,"enemies":"Gremlin Leader","floor":25,"turns":2},{"damage":37,"enemies":"Slavers","floor":29,"turns":3},{"damage":8,"enemies":"Centurion and Healer","floor":30,"turns":3},{"damage":24,"enemies":"Snake Plant","floor":31,"turns":3}],"seed_played":"-4876504214773942901","potions_obtained":[{"floor":5,"key":"Block Potion"},{"floor":6,"key":"Poison Potion"},{"floor":11,"key":"GamblersBrew"},{"floor":18,"key":"Energy Potion"},{"floor":22,"key":"Explosive Potion"},{"floor":29,"key":"Swift Potion"},{"floor":30,"key":"Ancient Potion"}],"is_trial":false,"path_per_floor":["M","?","M","T","M","E","R","?","T","R","M","R","$","E","R","B",null,"M","T","?","M","M","R","T","E","T","$","T","E","M","M"],"character_chosen":"IRONCLAD","items_purchased":["PreservedInsect","Feel No Pain","Toxic Egg 2","Dual Wield+1"],"campfire_rested":1,"item_purchase_floors":[13,27,27,27],"current_hp_per_floor":[60,60,52,52,58,48,48,48,48,48,52,52,52,49,49,21,59,60,60,44,45,31,52,52,52,52,52,52,21,21,0],"gold":103,"neow_bonus":"ONE_RARE_RELIC","is_prod":false,"is_daily":false,"chose_seed":false,"campfire_upgraded":4,"win_rate":0,"timestamp":1544570156,"path_taken":["M","?","M","?","?","E","R","?","T","R","M","R","$","E","R","BOSS","M","?","?","M","M","R","?","E","T","$","?","E","M","M"],"build_version":"2018-12-06","purchased_purges":2,"victory":false,"max_hp_per_floor":[72,72,72,72,72,72,72,72,72,72,72,72,72,72,72,72,72,72,72,72,72,72,72,72,72,72,72,72,72,72,72],"card_choices":[{"not_picked":["Clash","Dual Wield"],"picked":"Inflame","floor":1},{"not_picked":["Twin Strike","Corruption"],"picked":"Anger","floor":3},{"not_picked":["Wild Strike","Clothesline"],"picked":"Uppercut","floor":5},{"not_picked":["Seeing Red","Twin Strike"],"picked":"Inflame","floor":6},{"not_picked":["Entrench","Impervious"],"picked":"Spot Weakness","floor":11},{"not_picked":["Entrench","True Grit"],"picked":"Pommel Strike","floor":14},{"not_picked":["Barricade","Berserk"],"picked":"Double Tap","floor":16},{"not_picked":["Havoc","Cleave"],"picked":"Wild Strike","floor":18},{"not_picked":["Pommel Strike","Armaments"],"picked":"Spot Weakness","floor":20},{"not_picked":["Wild Strike","Spot Weakness"],"picked":"Whirlwind+1","floor":21},{"not_picked":["Combust+1","Warcry"],"picked":"Dual Wield+1","floor":22},{"not_picked":["Rampage+1","Corruption+1","Blood for Blood"],"picked":"SKIP","floor":25},{"not_picked":["Thunderclap","Sever Soul","Seeing Red+1"],"picked":"Sentinel+1","floor":29},{"not_picked":["Anger","Body Slam","Thunderclap"],"picked":"Exhume+1","floor":30}],"player_experience":378274,"relics_obtained":[{"floor":4,"key":"Orichalcum"},{"floor":6,"key":"Smiling Mask"},{"floor":9,"key":"Juzu Bracelet"},{"floor":14,"key":"Bottled Tornado"},{"floor":19,"key":"Tiny Chest"},{"floor":20,"key":"Red Mask"},{"floor":24,"key":"Darkstone Periapt"},{"floor":25,"key":"Potion Belt"},{"floor":26,"key":"Question Card"},{"floor":28,"key":"Bottled Flame"},{"floor":29,"key":"Blood Vial"}],"event_choices":[{"damage_healed":0,"gold_gain":0,"cards_transformed":["Strike_R"],"player_choice":"Change","damage_taken":0,"max_hp_gain":0,"max_hp_loss":0,"event_name":"Living Wall","floor":2,"gold_loss":0,"cards_obtained":["Corruption"]},{"cards_removed":["Strike_R"],"damage_healed":0,"gold_gain":0,"player_choice":"Purged","damage_taken":0,"max_hp_gain":0,"max_hp_loss":0,"event_name":"Purifier","floor":8,"gold_loss":0},{"damage_healed":0,"gold_gain":0,"player_choice":"Fought Bandits","damage_taken":0,"max_hp_gain":0,"max_hp_loss":0,"event_name":"Masked Bandits","floor":20,"gold_loss":0}],"is_beta":false,"boss_relics":[{"not_picked":["Runic Dome","Runic Cube"],"picked":"Mark of Pain"}],"items_purged_floors":[13,27],"is_endless":false,"potions_floor_spawned":[5,6,11,18,22,29,30],"killed_by":"Snake Plant","ascension_level":7}