{"gold_per_floor":[366,22,35,49,64,64,90,90,90,165,165,165,194,212,212,343,343,357,272,272,8,8],"floor_reached":22,"playtime":968,"items_purged":["Iron Wave"],"score":255,"play_id":"042cb73e-1d23-4244-b7b0-4f74b3fb763e","local_time":"20181214014956","is_ascension_mode":true,"campfire_choices":[{"data":"Carnage","floor":6,"key":"SMITH"},{"data":"Bash","floor":8,"key":"SMITH"},{"floor":12,"key":"REST"},{"floor":15,"key":"REST"}],"neow_cost":"PERCENT_DAMAGE","seed_source_timestamp":28198845232725,"circlet_count":0,"master_deck":["Strike_R+1","Strike_R+1","Strike_R+1","Strike_R+1","Strike_R+1","Defend_R+1","Defend_R+1","Defend_R+1","Defend_R+1","Bash+1","Sever Soul","Carnage+1","Iron Wave+1","Clothesline+1","Rupture","Impervious","Berserk","Warcry","Combust"],"relics":["Black Blood","Magic Flower","Mummified Hand","Matryoshka","Golden Idol","Odd Mushroom","Question Card","Whetstone"],"potions_floor_usage":[16,18],"damage_taken":[{"damage":1,"enemies":"Cultist","floor":1,"turns":4},{"damage":1,"enemies":"2 Louse","floor":3,"turns":4},{"damage":7,"enemies":"Small Slimes","floor":4,"turns":3},{"damage":0,"enemies":"2 Fungi Beasts","floor":5,"turns":3},{"damage":35,"enemies":"Lagavulin","floor":7,"turns":5},{"damage":14,"enemies":"The Mushroom Lair","floor":13,"turns":4},{"damage":11,"enemies":"Blue Slaver","floor":14,"turns":3},{"damage":16,"enemies":"Hexaghost","floor":16,"turns":7},{"damage":80,"enemies":"Shell Parasite","floor":18,"turns":7},{"damage":35,"enemies":"Colosseum Slavers","floor":22,"turns":4}],"seed_played":"-4044157730591031385","potions_obtained":[{"floor":1,"key":"PowerPotion"},{"floor":3,"key":"LiquidBronze"},{"floor":5,"key":"BloodPotion"}],"is_trial":false,"path_per_floor":["M","$","M","M","M","R","E","R","T","?","?","R","?","M","R","B",null,"M","?","?","$","?"],"character_chosen":"IRONCLAD","items_purchased":["Magic Flower","Iron Wave","Whetstone","Combust"],"campfire_rested":2,"item_purchase_floors":[2,2,21,21],"current_hp_per_floor":[56,56,64,66,75,75,49,49,49,38,18,42,37,35,59,52,73,20,20,20,20,0],"gold":8,"neow_bonus":"TWO_FIFTY_GOLD","is_prod":false,"is_daily":false,"chose_seed":false,"campfire_upgraded":2,"win_rate":0,"timestamp":1544770196,"path_taken":["M","$","?","M","M","R","E","R","T","?","?","R","?","M","R","BOSS","M","?","?","$","?"],"build_version":"2018-12-13","purchased_purges":1,"victory":false,"max_hp_per_floor":[80,80,80,80,80,80,80,80,80,80,80,80,80,80,80,80,80,80,80,80,80,80],"card_choices":[{"not_picked":["Burning Pact","Twin Strike"],"picked":"Sever Soul","floor":1},{"not_picked":["Cleave","Corruption"],"picked":"Carnage","floor":3},{"not_picked":["Headbutt","Sword Boomerang"],"picked":"Iron Wave","floor":4},{"not_picked":["Sword Boomerang","Heavy Blade"],"picked":"Clothesline","floor":5},{"not_picked":["Reckless Charge","Fire Breathing"],"picked":"Rupture","floor":7},{"not_picked":["Sever Soul","Entrench"],"picked":"Impervious","floor":14},{"not_picked":["Double Tap","Demon Form"],"picked":"Berserk","floor":16},{"not_picked":["Burning Pact","Infernal Blade+1"],"picked":"Warcry","floor":18}],"player_experience":389249,"relics_obtained":[{"floor":7,"key":"Mummified Hand"},{"floor":9,"key":"Matryoshka"},{"floor":13,"key":"Odd Mushroom"}],"event_choices":[{"damage_healed":0,"gold_gain":75,"player_choice":"Gather Gold","damage_taken":11,"max_hp_gain":0,"max_hp_loss":0,"event_name":"World of Goop","floor":10,"gold_loss":0},{"damage_healed":0,"gold_gain":0,"player_choice":"Take Damage","damage_taken":20,"relics_obtained":["Golden Idol"],"max_hp_gain":0,"max_hp_loss":0,"event_name":"Golden Idol","floor":11,"gold_loss":0},{"damage_healed":0,"gold_gain":0,"player_choice":"Fought Mushrooms","damage_taken":0,"max_hp_gain":0,"max_hp_loss":0,"event_name":"Mushrooms","floor":13,"gold_loss":0},{"damage_healed":0,"gold_gain":0,"player_choice":"Obtained Relic","damage_taken":0,"relics_obtained":["Question Card"],"max_hp_gain":0,"max_hp_loss":0,"event_name":"Addict","floor":19,"gold_loss":85},{"damage_healed":0,"gold_gain":0,"player_choice":"Simplicity","damage_taken":0,"max_hp_gain":0,"max_hp_loss":0,"event_name":"Back to Basics","floor":20,"gold_loss":0,"cards_upgraded":["Strike_R","Strike_R","Strike_R","Strike_R","Strike_R","Defend_R","Defend_R","Defend_R","Defend_R"]},{"damage_healed":0,"gold_gain":0,"player_choice":"Fight","damage_taken":0,"max_hp_gain":0,"max_hp_loss":0,"event_name":"Colosseum","floor":22,"gold_loss":0}],"is_beta":false,"boss_relics":[{"not_picked":["Busted Crown","White Beast Statue"],"picked":"Black Blood"}],"items_purged_floors":[21],"is_endless":false,"potions_floor_spawned":[1,3,5],"killed_by":"Colosseum Slavers","ascension_level":8}