{"gold_per_floor":[119,139,64,64,64,98,116,145,145,145,145,155,330,348,348,348],"floor_reached":16,"playtime":1923,"items_purged":["Doubt"],"score":116,"play_id":"37cf49f9-7792-407b-a397-71a3f70109ff","local_time":"20190131204218","is_ascension_mode":true,"campfire_choices":[{"floor":11,"key":"REST"},{"floor":15,"key":"REST"}],"neow_cost":"CURSE","seed_source_timestamp":1132169183180159,"circlet_count":0,"master_deck":["Defend_G","Defend_G","Defend_G","Defend_G","Defend_G","Strike_G","Strike_G","Strike_G","Strike_G","Strike_G+1","Survivor","Neutralize+1","Acrobatics","All Out Attack+1","Finisher","Choke+1","Underhanded Strike","Dash","Doubt","Finisher"],"relics":["Ring of the Snake","Ice Cream","Whetstone","Sundial","Snake Skull"],"potions_floor_usage":[6,6,8,8,8,16],"damage_taken":[{"damage":4,"enemies":"Jaw Worm","floor":1,"turns":8},{"damage":10,"enemies":"Cultist","floor":2,"turns":6},{"damage":21,"enemies":"Lagavulin","floor":6,"turns":11},{"damage":0,"enemies":"2 Louse","floor":7,"turns":2},{"damage":16,"enemies":"3 Sentries","floor":8,"turns":9},{"damage":4,"enemies":"Red Slaver","floor":12,"turns":3},{"damage":0,"enemies":"3 Louse","floor":14,"turns":1},{"damage":60,"enemies":"Hexaghost","floor":16,"turns":14}],"seed_played":"-7464481142712793033","potions_obtained":[{"floor":2,"key":"EntropicBrew"},{"floor":7,"key":"EssenceOfSteel"},{"floor":14,"key":"FearPotion"}],"is_trial":false,"path_per_floor":["M","M","$","?","$","E","M","E","T","?","R","M","?","M","R","B"],"character_chosen":"THE_SILENT","items_purchased":[],"campfire_rested":2,"item_purchase_floors":[],"current_hp_per_floor":[66,56,56,56,56,35,35,19,19,19,40,36,36,36,57,0],"gold":348,"neow_bonus":"ONE_RARE_RELIC","is_prod":false,"is_daily":false,"chose_seed":false,"campfire_upgraded":0,"win_rate":0,"timestamp":1548963738,"path_taken":["M","M","$","?","?","E","M","E","T","?","R","?","?","M","R","BOSS"],"build_version":"2019-01-23","purchased_purges":1,"victory":false,"max_hp_per_floor":[70,70,70,70,70,70,70,70,70,70,70,70,70,70,70,70],"card_choices":[{"not_picked":["Escape Plan","Poisoned Stab"],"picked":"Acrobatics","floor":1},{"not_picked":["Calculated Gamble","Sucker Punch"],"picked":"All Out Attack","floor":2},{"not_picked":["Poisoned Stab","Bane"],"picked":"Finisher","floor":6},{"not_picked":["Dodge and Roll","Deadly Poison"],"picked":"Choke","floor":7},{"not_picked":["Dagger Throw","Cloak And Dagger"],"picked":"Underhanded Strike","floor":8},{"not_picked":["Poisoned Stab","Accuracy"],"picked":"Dash","floor":12},{"not_picked":["Backflip","Skewer"],"picked":"Finisher","floor":14}],"player_experience":31537,"relics_obtained":[{"floor":6,"key":"Whetstone"},{"floor":8,"key":"Sundial"},{"floor":9,"key":"Snake Skull"}],"event_choices":[{"damage_healed":0,"gold_gain":0,"player_choice":"Forge","damage_taken":0,"max_hp_gain":0,"max_hp_loss":0,"event_name":"Accursed Blacksmith","floor":4,"gold_loss":0,"cards_upgraded":["All Out Attack"]},{"damage_healed":0,"gold_gain":0,"player_choice":"Upgraded","damage_taken":0,"max_hp_gain":0,"max_hp_loss":0,"event_name":"Upgrade Shrine","floor":10,"gold_loss":0,"cards_upgraded":["Choke"]},{"damage_healed":0,"gold_gain":175,"player_choice":"AGREE","damage_taken":0,"max_hp_gain":0,"max_hp_loss":0,"event_name":"Liars Game","floor":13,"gold_loss":0,"cards_obtained":["Doubt"]}],"is_beta":false,"boss_relics":[],"items_purged_floors":[3],"is_endless":false,"potions_floor_spawned":[2,7,14],"killed_by":"Hexaghost","ascension_level":1}