{"gold_per_floor":[114,132,144,154,154,154,189,189,189,204,231,251,251,271,271,376,376,389,19,32,32,42,42,67,89,127,139,165,197,243,273,285,399,411,441,19,30,0,0,0,32,32,32,89,142,142,173,189,189,189],"floor_reached":51,"playtime":6072,"items_purged":["Strike_G"],"score":998,"play_id":"13c8e1a9-a72c-4b85-ac2d-95f591ff1035","local_time":"20181025163535","is_ascension_mode":true,"campfire_choices":[{"data":"Footwork","floor":6,"key":"SMITH"},{"floor":15,"key":"DIG"},{"floor":23,"key":"DIG"},{"floor":27,"key":"DIG"},{"floor":32,"key":"DIG"},{"floor":40,"key":"DIG"},{"floor":42,"key":"DIG"},{"floor":49,"key":"DIG"}],"neow_cost":"NONE","seed_source_timestamp":508009828442283,"circlet_count":0,"master_deck":["Defend_G","Defend_G+1","Defend_G+1","Defend_G","Strike_G","Strike_G","Strike_G","Strike_G+1","Survivor+1","Neutralize","Footwork","Footwork+1","Backflip","Terror+1","Blade Dance+1","Blade Dance+1","Dagger Throw","Cloak And Dagger+1","Bouncing Flask+1","Glass Knife","Prepared+1","Apotheosis+1","All Out Attack","Reflex+1","Distraction+1","Underhanded Strike+1","Prepared+1","Distraction+1","Backflip+1","Dodge and Roll+1","Malaise+1","Expertise+1","Sadistic Nature","Finisher+1","Madness+1","Madness+1","Acrobatics+1","Footwork","Poisoned Stab","Secret Technique+1","Secret Technique+1","Madness+1","Reflex+1","Deflect+1"],"relics":["White Beast Statue","Toxic Egg 2","Tough Bandages","Shovel","Snake Skull","Meat on the Bone","Eternal Feather","HandDrill","Ninja Scroll","MawBank","Art of War","Matryoshka","WingedGreaves","Regal Pillow","Black Star","Medical Kit","Red Mask","Strawberry","Bronze Scales","War Paint","Dream Catcher","PreservedInsect","Blood Vial","Anchor","Tiny Chest","Ginger","The Courier","Blue Candle","Letter Opener"],"potions_floor_usage":[3,7,11,11,14,16,18,22,24,25,30,33,33,33,37,41,41,45,45,50,50],"damage_taken":[{"damage":0,"enemies":"Jaw Worm","floor":1,"turns":6},{"damage":1,"enemies":"Cultist","floor":2,"turns":4},{"damage":3,"enemies":"2 Louse","floor":3,"turns":6},{"damage":0,"enemies":"2 Fungi Beasts","floor":4,"turns":7},{"damage":0,"enemies":"3 Sentries","floor":7,"turns":18},{"damage":0,"enemies":"Blue Slaver","floor":10,"turns":6},{"damage":0,"enemies":"Gremlin Nob","floor":11,"turns":2},{"damage":6,"enemies":"Exordium Thugs","floor":12,"turns":6},{"damage":0,"enemies":"3 Louse","floor":14,"turns":1},{"damage":0,"enemies":"The Guardian","floor":16,"turns":8},{"damage":2,"enemies":"2 Thieves","floor":18,"turns":4},{"damage":7,"enemies":"3 Byrds","floor":20,"turns":6},{"damage":31,"enemies":"Snecko","floor":22,"turns":5},{"damage":3,"enemies":"Gremlin Leader","floor":24,"turns":6},{"damage":6,"enemies":"3 Cultists","floor":25,"turns":3},{"damage":0,"enemies":"Shelled Parasite and Fungi","floor":28,"turns":3},{"damage":1,"enemies":"Centurion and Healer","floor":29,"turns":5},{"damage":11,"enemies":"Book of Stabbing","floor":30,"turns":5},{"damage":0,"enemies":"Snake Plant","floor":31,"turns":3},{"damage":49,"enemies":"Collector","floor":33,"turns":9},{"damage":0,"enemies":"3 Shapes","floor":35,"turns":4},{"damage":0,"enemies":"3 Darklings","floor":37,"turns":1},{"damage":30,"enemies":"Reptomancer","floor":41,"turns":9},{"damage":40,"enemies":"Nemesis","floor":44,"turns":5},{"damage":22,"enemies":"2 Orb Walkers","floor":45,"turns":5},{"damage":2,"enemies":"Giant Head","floor":47,"turns":5},{"damage":8,"enemies":"Sphere and 2 Shapes","floor":48,"turns":4},{"damage":64,"enemies":"Awakened One","floor":50,"turns":12}],"seed_played":"3079271885248444257","potions_obtained":[{"floor":1,"key":"Weak Potion"},{"floor":2,"key":"EntropicBrew"},{"floor":3,"key":"EssenceOfSteel"},{"floor":4,"key":"FearPotion"},{"floor":7,"key":"SteroidPotion"},{"floor":10,"key":"FearPotion"},{"floor":11,"key":"Explosive Potion"},{"floor":12,"key":"Swift Potion"},{"floor":14,"key":"Block Potion"},{"floor":16,"key":"Fire Potion"},{"floor":18,"key":"SkillPotion"},{"floor":20,"key":"Explosive Potion"},{"floor":22,"key":"Strength Potion"},{"floor":24,"key":"Swift Potion"},{"floor":25,"key":"FairyPotion"},{"floor":28,"key":"GhostInAJar"},{"floor":30,"key":"PowerPotion"},{"floor":33,"key":"SpeedPotion"},{"floor":35,"key":"Explosive Potion"},{"floor":37,"key":"Regen Potion"},{"floor":41,"key":"Explosive Potion"},{"floor":44,"key":"GhostInAJar"},{"floor":45,"key":"Ancient Potion"},{"floor":47,"key":"Poison Potion"},{"floor":48,"key":"Strength Potion"}],"is_trial":false,"path_per_floor":["M","M","M","M","?","R","E","?","T","M","E","M","?","M","R","B",null,"M","$","M","?","M","R","E","M","T","R","M","M","E","M","R","B",null,"M","$","M","?","?","R","E","R","T","E","?","?","E","M","R","B"],"character_chosen":"THE_SILENT","items_purchased":["Apotheosis+1","HandDrill","Sadistic Nature","Medical Kit"],"campfire_rested":0,"item_purchase_floors":[19,19,36,36],"current_hp_per_floor":[70,69,66,66,66,66,66,59,59,59,59,53,39,39,39,39,70,68,68,61,61,42,57,54,48,48,63,63,62,51,51,69,32,70,70,70,70,70,61,77,61,77,77,49,41,31,43,49,73,23],"gold":189,"neow_bonus":"BOSS_RELIC","is_prod":false,"is_daily":false,"chose_seed":false,"campfire_upgraded":1,"win_rate":0,"timestamp":1540499735,"path_taken":["M","M","M","M","?","R","E","?","T","?","E","M","?","M","R","BOSS","M","$","M","?","M","R","E","M","T","R","M","M","E","M","R","BOSS","M","$","M","?","?","R","E","R","T","E","?","?","E","M","R","BOSS"],"build_version":"2018-10-18","purchased_purges":1,"victory":true,"max_hp_per_floor":[70,70,70,70,70,70,70,70,70,70,70,70,70,70,70,70,70,70,70,70,70,70,70,70,70,70,70,70,70,70,70,70,70,70,70,70,70,70,70,77,77,77,77,77,77,77,77,77,77,77],"card_choices":[{"not_picked":["Masterful Stab","Underhanded Strike"],"picked":"Footwork","floor":1},{"not_picked":["Outmaneuver","Quick Slash"],"picked":"Footwork","floor":2},{"not_picked":["Underhanded Strike","PiercingWail"],"picked":"Backflip","floor":3},{"not_picked":["Poisoned Stab","PiercingWail"],"picked":"Terror","floor":4},{"not_picked":["Acrobatics+1","Flying Knee"],"picked":"Blade Dance+1","floor":7},{"not_picked":["PiercingWail+1","Glass Knife"],"picked":"Blade Dance+1","floor":10},{"not_picked":["Leg Sweep+1","Outmaneuver+1"],"picked":"Dagger Throw","floor":11},{"not_picked":["Dagger Throw","Sucker Punch"],"picked":"Cloak And Dagger+1","floor":12},{"not_picked":["Poisoned Stab","Outmaneuver+1"],"picked":"Bouncing Flask+1","floor":14},{"not_picked":["Venomology+1","Bullet Time+1"],"picked":"Glass Knife","floor":16},{"not_picked":["Flying Knee","Sucker Punch+1"],"picked":"Prepared+1","floor":18},{"not_picked":["Caltrops","Distraction+1"],"picked":"All Out Attack","floor":20},{"not_picked":["Bane","Flying Knee"],"picked":"Reflex+1","floor":22},{"not_picked":["Dagger Spray","Doppelganger+1"],"picked":"Distraction+1","floor":24},{"not_picked":["Blade Dance+1","Deadly Poison+1"],"picked":"Underhanded Strike+1","floor":25},{"not_picked":["Flying Knee","Predator"],"picked":"Prepared+1","floor":28},{"not_picked":["Flying Knee","Outmaneuver+1"],"picked":"Distraction+1","floor":29},{"not_picked":["PiercingWail+1","Underhanded Strike"],"picked":"Backflip+1","floor":30},{"not_picked":["Flechettes","Dagger Spray+1"],"picked":"Dodge and Roll+1","floor":31},{"not_picked":["Unload","Night Terror+1"],"picked":"Malaise+1","floor":33},{"not_picked":["Quick Slash+1","Bane"],"picked":"Expertise+1","floor":35},{"not_picked":["Quick Slash+1","Blade Dance+1"],"picked":"Finisher+1","floor":37},{"not_picked":["Backflip+1","Backstab"],"picked":"Acrobatics+1","floor":41},{"not_picked":["Leg Sweep+1","Corpse Explosion+1"],"picked":"Footwork","floor":44},{"not_picked":["Slice+1","Blade Dance+1"],"picked":"Poisoned Stab","floor":45},{"not_picked":["Enlightenment+1","Panacea+1"],"picked":"Secret Technique+1","floor":46},{"not_picked":["Secret Weapon+1","Finesse+1"],"picked":"Secret Technique+1","floor":46},{"not_picked":["Trip+1","Jack Of All Trades+1"],"picked":"Madness+1","floor":46},{"not_picked":["Sucker Punch+1","Skewer+1"],"picked":"Reflex+1","floor":47},{"not_picked":["Riddle With Holes+1","Flying Knee+1"],"picked":"Deflect+1","floor":48}],"player_experience":174081,"relics_obtained":[{"floor":7,"key":"Tough Bandages"},{"floor":9,"key":"Shovel"},{"floor":11,"key":"Snake Skull"},{"floor":15,"key":"Meat on the Bone"},{"floor":23,"key":"Ninja Scroll"},{"floor":24,"key":"MawBank"},{"floor":26,"key":"Art of War"},{"floor":27,"key":"Matryoshka"},{"floor":30,"key":"WingedGreaves"},{"floor":32,"key":"Regal Pillow"},{"floor":40,"key":"Strawberry"},{"floor":41,"key":"Bronze Scales"},{"floor":41,"key":"War Paint"},{"floor":42,"key":"Dream Catcher"},{"floor":43,"key":"PreservedInsect"},{"floor":43,"key":"Blood Vial"},{"floor":44,"key":"Anchor"},{"floor":44,"key":"Tiny Chest"},{"floor":45,"key":"Ginger"},{"floor":47,"key":"The Courier"},{"floor":47,"key":"Blue Candle"},{"floor":49,"key":"Letter Opener"}],"event_choices":[{"damage_healed":0,"gold_gain":0,"player_choice":"Gave Potion","damage_taken":0,"relics_obtained":["Toxic Egg 2"],"max_hp_gain":0,"max_hp_loss":0,"event_name":"WeMeetAgain","floor":5,"gold_loss":0},{"cards_removed":["Defend_G"],"damage_healed":0,"gold_gain":0,"player_choice":"Card Removal","damage_taken":7,"max_hp_gain":0,"max_hp_loss":0,"event_name":"Golden Wing","floor":8,"gold_loss":0},{"damage_healed":0,"gold_gain":0,"player_choice":"Entered Light","damage_taken":14,"max_hp_gain":0,"max_hp_loss":0,"event_name":"Shining Light","floor":13,"gold_loss":0,"cards_upgraded":["Defend_G","Strike_G"]},{"damage_healed":0,"gold_gain":0,"player_choice":"Upgraded","damage_taken":0,"max_hp_gain":0,"max_hp_loss":0,"event_name":"Upgrade Shrine","floor":21,"gold_loss":0,"cards_upgraded":["Terror"]},{"damage_healed":0,"gold_gain":0,"player_choice":"Paid","damage_taken":0,"relics_obtained":["Red Mask"],"max_hp_gain":0,"max_hp_loss":0,"event_name":"Tomb of Lord Red Mask","floor":38,"gold_loss":30},{"damage_healed":0,"gold_gain":0,"player_choice":"Embrace Madness","damage_taken":9,"max_hp_gain":0,"max_hp_loss":0,"event_name":"Winding Halls","floor":39,"gold_loss":0,"cards_obtained":["Madness","Madness"]},{"damage_healed":0,"gold_gain":0,"player_choice":"Fight","damage_taken":0,"max_hp_gain":0,"max_hp_loss":0,"event_name":"Mysterious Sphere","floor":45,"gold_loss":0},{"damage_healed":0,"gold_gain":0,"player_choice":"Memory 3","damage_taken":10,"max_hp_gain":0,"max_hp_loss":0,"event_name":"SensoryStone","floor":46,"gold_loss":0}],"is_beta":false,"boss_relics":[{"not_picked":["Orrery","Calling Bell"],"picked":"Eternal Feather"},{"not_picked":["Snecko Eye","Velvet Choker"],"picked":"Black Star"}],"items_purged_floors":[36],"is_endless":false,"potions_floor_spawned":[1,2,3,4,7,10,11,12,14,16,18,20,22,24,25,28,29,30,31,33,35,37,41,44,45,47,48],"ascension_level":2}