{"gold_per_floor":[116,135,185,185,185,185,185,203,203,203,216,216,216,17,17,93,93,110,123,123,123,123,123,123],"floor_reached":24,"playtime":698,"items_purged":["Parasite"],"score":300,"play_id":"5a4cc345-35c5-4f75-9098-83642c0e04df","local_time":"20190106224129","is_ascension_mode":true,"campfire_choices":[{"data":"Madness","floor":6,"key":"SMITH"},{"data":"Zap","floor":10,"key":"SMITH"},{"data":"Hologram","floor":12,"key":"SMITH"},{"data":"Chaos","floor":15,"key":"SMITH"},{"floor":23,"key":"REST"}],"neow_cost":"NONE","seed_source_timestamp":1226703065862523,"circlet_count":0,"master_deck":["AscendersBane","Strike_B+1","Strike_B+1","Defend_B","Defend_B","Defend_B","Defend_B","Zap+1","Dualcast","Madness+1","Gash","Beam Cell","Chaos+1","Hologram+1","Beam Cell","Reboot","Sweeping Beam","Leap"],"relics":["Cracked Core","Bronze Scales","Bird Faced Urn","Empty Cage","DataDisk"],"potions_floor_usage":[16,16,22],"damage_taken":[{"damage":1,"enemies":"Cultist","floor":1,"turns":4},{"damage":0,"enemies":"Small Slimes","floor":2,"turns":3},{"damage":0,"enemies":"Jaw Worm","floor":8,"turns":2},{"damage":9,"enemies":"Looter","floor":11,"turns":2},{"damage":28,"enemies":"Hexaghost","floor":16,"turns":7},{"damage":30,"enemies":"2 Thieves","floor":18,"turns":3},{"damage":6,"enemies":"Spheric Guardian","floor":19,"turns":3},{"damage":0,"enemies":"Colosseum Slavers","floor":22,"turns":4},{"damage":41,"enemies":"Gremlin Leader","floor":24,"turns":8}],"seed_played":"-9128460764990598779","potions_obtained":[{"floor":11,"key":"SkillPotion"},{"floor":19,"key":"Block Potion"}],"is_trial":false,"path_per_floor":["M","M","T","?","?","R","?","M","T","R","M","R","?","$","R","B",null,"M","M","?","?","?","R","E"],"character_chosen":"DEFECT","items_purchased":["LiquidBronze","Beam Cell"],"campfire_rested":1,"item_purchase_floors":[14,14],"current_hp_per_floor":[67,67,67,52,57,57,50,50,50,50,41,41,61,61,61,33,66,36,30,30,16,16,40,0],"gold":123,"neow_bonus":"RANDOM_COLORLESS","is_prod":false,"is_daily":false,"chose_seed":false,"campfire_upgraded":4,"win_rate":0,"timestamp":1546832489,"path_taken":["M","M","?","?","?","R","?","M","T","R","?","R","?","?","R","BOSS","M","M","?","?","?","R","E"],"build_version":"2019-01-03v4","purchased_purges":1,"victory":false,"max_hp_per_floor":[75,75,75,75,80,80,80,80,80,80,80,80,80,77,77,77,77,77,77,77,82,82,82,82],"card_choices":[{"not_picked":["Storm","BootSequence"],"picked":"Gash","floor":1},{"not_picked":["Cold Snap","Ball Lightning"],"picked":"Beam Cell","floor":2},{"not_picked":["Static Discharge","Ball Lightning"],"picked":"Chaos","floor":8},{"not_picked":["Auto Shields","Steam"],"picked":"Hologram","floor":11},{"not_picked":["Meteor Strike","Amplify"],"picked":"Reboot","floor":16},{"not_picked":["Ball Lightning","Coolheaded"],"picked":"Sweeping Beam","floor":18},{"not_picked":["Stack","Cold Snap"],"picked":"Leap","floor":19}],"player_experience":473193,"relics_obtained":[{"floor":3,"key":"Bronze Scales"},{"floor":9,"key":"Bird Faced Urn"}],"event_choices":[{"damage_healed":0,"gold_gain":0,"player_choice":"Entered Light","damage_taken":15,"max_hp_gain":0,"max_hp_loss":0,"event_name":"Shining Light","floor":4,"gold_loss":0,"cards_upgraded":["Strike_B","Strike_B"]},{"damage_healed":0,"gold_gain":0,"player_choice":"Donut","damage_taken":0,"max_hp_gain":5,"max_hp_loss":0,"event_name":"Big Fish","floor":5,"gold_loss":0},{"damage_healed":0,"gold_gain":0,"player_choice":"Fled","damage_taken":7,"max_hp_gain":0,"max_hp_loss":0,"event_name":"Scrap Ooze","floor":7,"gold_loss":0},{"damage_healed":20,"gold_gain":0,"player_choice":"Healed and dodged fight","damage_taken":0,"max_hp_gain":0,"max_hp_loss":0,"event_name":"Mushrooms","floor":13,"gold_loss":0,"cards_obtained":["Parasite"]},{"damage_healed":0,"gold_gain":0,"player_choice":"Opened","damage_taken":0,"relics_obtained":["DataDisk"],"max_hp_gain":0,"max_hp_loss":0,"event_name":"The Mausoleum","floor":20,"gold_loss":0},{"damage_healed":0,"gold_gain":0,"player_choice":"Shed Blood","damage_taken":19,"max_hp_gain":5,"max_hp_loss":0,"event_name":"Forgotten Altar","floor":21,"gold_loss":0},{"damage_healed":0,"gold_gain":0,"player_choice":"Fight","damage_taken":0,"max_hp_gain":0,"max_hp_loss":0,"event_name":"Colosseum","floor":22,"gold_loss":0},{"damage_healed":0,"gold_gain":0,"player_choice":"Fled From Nobs","damage_taken":0,"max_hp_gain":0,"max_hp_loss":0,"event_name":"Colosseum","floor":22,"gold_loss":0}],"is_beta":false,"boss_relics":[{"not_picked":["Busted Crown","Coffee Dripper"],"picked":"Empty Cage"}],"items_purged_floors":[14],"is_endless":false,"potions_floor_spawned":[11,19],"killed_by":"Gremlin Leader","ascension_level":13}