{"gold_per_floor":[111,129,129,142,160,160,193,207,207,237,249,272,284,315,327,439,451,476,98,13,23,33,33,33,33,56,56,56,66,66,165,165,165],"floor_reached":33,"playtime":741,"items_purged":["Strike_R"],"score":282,"play_id":"075bff04-e8af-4f47-abc2-6011c3fb9577","local_time":"20190205161038","is_ascension_mode":false,"campfire_choices":[{"data":"Spot Weakness","floor":6,"key":"SMITH"},{"data":"Heavy Blade","floor":11,"key":"SMITH"},{"data":"Heavy Blade","floor":13,"key":"SMITH"},{"data":"Metallicize","floor":15,"key":"SMITH"},{"data":"Flex","floor":23,"key":"SMITH"},{"data":"Heavy Blade","floor":25,"key":"SMITH"},{"data":"Bludgeon","floor":30,"key":"SMITH"},{"data":"Carnage","floor":32,"key":"SMITH"}],"neow_cost":"NONE","seed_source_timestamp":4932697035936,"circlet_count":0,"master_deck":["Strike_R","Strike_R","Defend_R","Defend_R","Defend_R","Defend_R","Bash","Spot Weakness+1","Cleave","Shrug It Off","Carnage+1","Heavy Blade+1","Thunderclap","Metallicize+1","Heavy Blade+1","Sword Boomerang","Bludgeon+1","Heavy Blade+1","Flex+1","Offering","Reaper","Ghostly","Ghostly","Ghostly","Ghostly","Ghostly"],"relics":["Burning Blood","NeowsBlessing","Juzu Bracelet","Singing Bowl","MawBank","Busted Crown","OrangePellets","Letter Opener","Ancient Tea Set"],"potions_floor_usage":[7,7,16,16,33,33],"damage_taken":[{"damage":0,"enemies":"Small Slimes","floor":1,"turns":1},{"damage":0,"enemies":"Cultist","floor":2,"turns":1},{"damage":0,"enemies":"2 Louse","floor":4,"turns":1},{"damage":4,"enemies":"Blue Slaver","floor":5,"turns":5},{"damage":22,"enemies":"Lagavulin","floor":7,"turns":5},{"damage":15,"enemies":"3 Louse","floor":8,"turns":3},{"damage":10,"enemies":"3 Sentries","floor":10,"turns":4},{"damage":14,"enemies":"Exordium Wildlife","floor":12,"turns":5},{"damage":6,"enemies":"2 Fungi Beasts","floor":14,"turns":3},{"damage":41,"enemies":"The Guardian","floor":16,"turns":11},{"damage":16,"enemies":"Shell Parasite","floor":18,"turns":5},{"damage":25,"enemies":"3 Byrds","floor":21,"turns":4},{"damage":31,"enemies":"3 Cultists","floor":22,"turns":6},{"damage":15,"enemies":"Chosen and Byrds","floor":29,"turns":5},{"damage":54,"enemies":"Champ","floor":33,"turns":8}],"seed_played":"-6783402086631373813","potions_obtained":[{"floor":1,"key":"Dexterity Potion"},{"floor":4,"key":"Poison Potion"},{"floor":7,"key":"Weak Potion"},{"floor":12,"key":"SpeedPotion"},{"floor":14,"key":"SteroidPotion"},{"floor":22,"key":"Strength Potion"}],"is_trial":false,"path_per_floor":["M","M","?","M","M","R","E","M","T","E","R","M","R","M","R","B",null,"M","$","?","M","M","R","?","R","T","$","?","M","R","?","R","B"],"character_chosen":"IRONCLAD","items_purchased":["OrangePellets","Heavy Blade","Flex"],"campfire_rested":0,"item_purchase_floors":[19,19,19],"current_hp_per_floor":[80,80,80,80,80,80,64,55,55,51,51,43,43,43,43,8,80,72,72,72,55,32,32,32,32,32,32,32,31,31,31,31,0],"gold":165,"neow_bonus":"THREE_ENEMY_KILL","is_prod":false,"is_daily":false,"chose_seed":false,"campfire_upgraded":8,"win_rate":0,"timestamp":1549404638,"path_taken":["M","M","?","M","M","R","E","M","T","E","R","M","R","M","R","BOSS","M","?","?","M","M","R","?","R","T","$","?","M","R","?","R","BOSS"],"build_version":"2019-01-23","purchased_purges":1,"victory":false,"max_hp_per_floor":[80,80,80,80,80,80,80,80,80,80,80,80,80,80,80,80,80,82,82,82,84,86,86,86,86,86,86,43,45,45,45,45,45],"card_choices":[{"not_picked":["Anger","Iron Wave"],"picked":"Spot Weakness","floor":1},{"not_picked":["Fire Breathing","Bloodletting"],"picked":"Cleave","floor":2},{"not_picked":["Dropkick","Clash"],"picked":"Shrug It Off","floor":4},{"not_picked":["Sentinel","Ghostly Armor"],"picked":"Carnage","floor":5},{"not_picked":["Evolve","Impervious"],"picked":"Heavy Blade","floor":7},{"not_picked":["Entrench","Blood for Blood"],"picked":"Thunderclap","floor":8},{"not_picked":["Shockwave","Spot Weakness"],"picked":"Metallicize","floor":10},{"not_picked":["Cleave","Twin Strike"],"picked":"Heavy Blade","floor":12},{"not_picked":["Clash","Cleave"],"picked":"Sword Boomerang","floor":14},{"not_picked":["Fiend Fire","Brutality"],"picked":"Bludgeon","floor":16},{"not_picked":["Cleave+1"],"picked":"Singing Bowl","floor":18},{"not_picked":["Armaments"],"picked":"Singing Bowl","floor":21},{"not_picked":["Iron Wave"],"picked":"Singing Bowl","floor":22},{"not_picked":["Power Through"],"picked":"Singing Bowl","floor":29}],"player_experience":758942,"relics_obtained":[{"floor":7,"key":"Juzu Bracelet"},{"floor":9,"key":"Singing Bowl"},{"floor":10,"key":"MawBank"},{"floor":26,"key":"Ancient Tea Set"}],"event_choices":[{"damage_healed":0,"gold_gain":0,"player_choice":"Ignored","damage_taken":0,"max_hp_gain":0,"max_hp_loss":0,"event_name":"NoteForYourself","floor":3,"gold_loss":0},{"damage_healed":0,"gold_gain":0,"player_choice":"Obtained Relic","damage_taken":0,"relics_obtained":["Letter Opener"],"max_hp_gain":0,"max_hp_loss":0,"event_name":"Addict","floor":20,"gold_loss":85},{"damage_healed":0,"gold_gain":0,"cards_transformed":["Strike_R","Strike_R"],"player_choice":"Became Test Subject","damage_taken":0,"max_hp_gain":0,"max_hp_loss":0,"event_name":"Drug Dealer","floor":24,"gold_loss":0,"cards_obtained":["Offering","Reaper"]},{"damage_healed":0,"gold_gain":0,"player_choice":"Became a Ghost","damage_taken":0,"max_hp_gain":0,"max_hp_loss":43,"event_name":"Ghosts","floor":28,"gold_loss":0,"cards_obtained":["Ghostly","Ghostly","Ghostly","Ghostly","Ghostly"]},{"damage_healed":0,"gold_gain":99,"player_choice":"Stole From Cult","damage_taken":0,"max_hp_gain":0,"max_hp_loss":0,"event_name":"Nest","floor":31,"gold_loss":0}],"is_beta":false,"boss_relics":[{"not_picked":["Runic Pyramid","Philosopher\u0027s Stone"],"picked":"Busted Crown"}],"items_purged_floors":[19],"is_endless":false,"potions_floor_spawned":[1,4,7,12,14,22],"killed_by":"Champ","ascension_level":0}