{"gold_per_floor":[18,35,35,49,49,49,49,75,126,126,145,145,164,164,164,288,288,273,58,82,82,82,82,3,3,3,3,102,2,2,38,38,38],"floor_reached":33,"playtime":1153,"items_purged":["Defend_G","Defend_G"],"score":324,"play_id":"a919f586-81b5-4915-9ef3-daeec88ddf26","local_time":"20181129170308","is_ascension_mode":true,"campfire_choices":[{"data":"Blade Dance","floor":6,"key":"SMITH"},{"floor":10,"key":"REST"},{"floor":12,"key":"REST"},{"data":"Phantasmal Killer","floor":15,"key":"SMITH"},{"floor":23,"key":"REST"},{"floor":25,"key":"REST"},{"floor":32,"key":"REST"}],"neow_cost":"NO_GOLD","seed_source_timestamp":532428538290106,"circlet_count":0,"master_deck":["Defend_G","Defend_G","Defend_G","Strike_G","Strike_G+1","Strike_G","Strike_G","Strike_G","Survivor+1","Neutralize+1","Blur","Outmaneuver","Blade Dance+1","Flying Knee","Acrobatics","Distraction","Quick Slash","Phantasmal Killer+1","Cloak And Dagger","Cloak And Dagger","Outmaneuver","After Image","Cloak And Dagger","Envenom","Backflip","Blade Dance","Choke","Dodge and Roll"],"relics":["Ring of the Snake","Prayer Wheel","Ancient Tea Set","Bronze Scales","Art of War","Golden Idol","Snecko Eye","Mercury Hourglass","Potion Belt","Centennial Puzzle"],"potions_floor_usage":[16,22,31,33],"damage_taken":[{"damage":0,"enemies":"Cultist","floor":1,"turns":5},{"damage":0,"enemies":"Small Slimes","floor":2,"turns":5},{"damage":5,"enemies":"2 Louse","floor":4,"turns":3},{"damage":34,"enemies":"Gremlin Nob","floor":8,"turns":4},{"damage":0,"enemies":"Looter","floor":11,"turns":2},{"damage":0,"enemies":"Large Slime","floor":13,"turns":4},{"damage":22,"enemies":"The Guardian","floor":16,"turns":11},{"damage":28,"enemies":"2 Thieves","floor":18,"turns":4},{"damage":0,"enemies":"Shell Parasite","floor":20,"turns":6},{"damage":33,"enemies":"Colosseum Slavers","floor":22,"turns":7},{"damage":42,"enemies":"Slavers","floor":31,"turns":4},{"damage":36,"enemies":"Champ","floor":33,"turns":7}],"seed_played":"6082797310394028526","potions_obtained":[{"floor":1,"key":"LiquidBronze"},{"floor":2,"key":"AttackPotion"},{"floor":11,"key":"PowerPotion"},{"floor":20,"key":"Ancient Potion"}],"is_trial":false,"path_per_floor":["M","M","?","M","?","R","?","E","T","R","M","R","M","?","R","B",null,"M","$","M","?","?","R","$","R","T","T","?","$","$","E","R","B"],"character_chosen":"THE_SILENT","items_purchased":["Envenom","Choke"],"campfire_rested":5,"item_purchase_floors":[19,24],"current_hp_per_floor":[70,70,58,53,39,39,39,5,5,26,26,47,47,47,47,25,55,27,27,27,48,15,34,34,53,53,53,53,53,53,11,30,0],"gold":38,"neow_bonus":"ONE_RARE_RELIC","is_prod":false,"is_daily":false,"chose_seed":false,"campfire_upgraded":2,"win_rate":0,"timestamp":1543528988,"path_taken":["M","?","?","M","?","R","?","E","T","R","?","R","M","?","R","BOSS","M","$","M","?","?","R","$","R","T","?","?","?","$","E","R","BOSS"],"build_version":"2018-11-15","purchased_purges":2,"victory":false,"max_hp_per_floor":[70,70,70,70,70,70,70,70,70,70,70,70,70,65,65,65,65,65,65,65,65,65,65,65,65,65,65,65,65,65,65,65,65],"card_choices":[{"not_picked":["Leg Sweep","Prepared"],"picked":"Blur","floor":1},{"not_picked":["Finisher","All Out Attack"],"picked":"Outmaneuver","floor":1},{"not_picked":["Leg Sweep","Bouncing Flask"],"picked":"Blade Dance","floor":2},{"not_picked":["Slice","Concentrate"],"picked":"Flying Knee","floor":2},{"not_picked":["Dagger Spray","Deflect"],"picked":"Acrobatics","floor":4},{"not_picked":["Flying Knee","Sucker Punch"],"picked":"Distraction","floor":4},{"not_picked":["Underhanded Strike","Acrobatics"],"picked":"Quick Slash","floor":8},{"not_picked":["Endless Agony","Flechettes"],"picked":"Phantasmal Killer","floor":11},{"not_picked":["Skewer","Flying Knee"],"picked":"Cloak And Dagger","floor":11},{"not_picked":["Setup","Dodge and Roll"],"picked":"Cloak And Dagger","floor":13},{"not_picked":["Poisoned Stab","Concentrate"],"picked":"Outmaneuver","floor":13},{"not_picked":["Bullet Time","A Thousand Cuts"],"picked":"After Image","floor":16},{"not_picked":["Dagger Spray+1","Prepared"],"picked":"Cloak And Dagger","floor":18},{"not_picked":["Dagger Throw","Deadly Poison","Caltrops"],"picked":"SKIP","floor":18},{"not_picked":["Poisoned Stab","Caltrops"],"picked":"Backflip","floor":20},{"not_picked":["Sucker Punch","Deadly Poison"],"picked":"Blade Dance","floor":20},{"not_picked":["Bouncing Flask","PiercingWail"],"picked":"Dodge and Roll","floor":31}],"player_experience":329115,"relics_obtained":[{"floor":8,"key":"Bronze Scales"},{"floor":9,"key":"Art of War"},{"floor":26,"key":"Mercury Hourglass"},{"floor":27,"key":"Potion Belt"},{"floor":31,"key":"Centennial Puzzle"}],"event_choices":[{"damage_healed":0,"gold_gain":0,"player_choice":"Success","damage_taken":12,"relics_obtained":["Ancient Tea Set"],"max_hp_gain":0,"max_hp_loss":0,"event_name":"Scrap Ooze","floor":3,"gold_loss":0},{"damage_healed":0,"gold_gain":0,"player_choice":"Entered Light","damage_taken":14,"max_hp_gain":0,"max_hp_loss":0,"event_name":"Shining Light","floor":5,"gold_loss":0,"cards_upgraded":["Strike_G","Survivor"]},{"damage_healed":0,"gold_gain":0,"player_choice":"Upgraded","damage_taken":0,"max_hp_gain":0,"max_hp_loss":0,"event_name":"Upgrade Shrine","floor":7,"gold_loss":0,"cards_upgraded":["Neutralize"]},{"damage_healed":0,"gold_gain":0,"player_choice":"Lose Max HP","damage_taken":0,"relics_obtained":["Golden Idol"],"max_hp_gain":0,"max_hp_loss":5,"event_name":"Golden Idol","floor":14,"gold_loss":0},{"damage_healed":21,"gold_gain":0,"player_choice":"Heal","damage_taken":0,"max_hp_gain":0,"max_hp_loss":0,"event_name":"The Library","floor":21,"gold_loss":0},{"damage_healed":0,"gold_gain":0,"player_choice":"Fight","damage_taken":0,"max_hp_gain":0,"max_hp_loss":0,"event_name":"Colosseum","floor":22,"gold_loss":0},{"damage_healed":0,"gold_gain":0,"player_choice":"Fled From Nobs","damage_taken":0,"max_hp_gain":0,"max_hp_loss":0,"event_name":"Colosseum","floor":22,"gold_loss":0},{"damage_healed":0,"gold_gain":99,"player_choice":"Stole From Cult","damage_taken":0,"max_hp_gain":0,"max_hp_loss":0,"event_name":"Nest","floor":28,"gold_loss":0}],"is_beta":false,"boss_relics":[{"not_picked":["HoveringKite","Lizard Tail"],"picked":"Snecko Eye"}],"items_purged_floors":[19,29],"is_endless":false,"potions_floor_spawned":[1,2,11,20,22],"killed_by":"Champ","ascension_level":5}