{"gold_per_floor":[117,292,392,406,406,406,423,423,471,23,43,43,70,70,70,173,223,240,13,13,13,26,51,62,89,89,108,207,207,31,31,31,132,132,151,151,151,161,111,143,143,161,161,175,175,175,175,28,28,28,28,28,16,16],"floor_reached":54,"playtime":2886,"items_purged":["Doubt","Defend_B","Strike_B"],"score":1154,"play_id":"22bcb5c6-5358-4a0b-a6dd-89dcac2f965c","local_time":"20181129152624","is_ascension_mode":true,"campfire_choices":[{"data":"Zap","floor":6,"key":"SMITH"},{"data":"Sweeping Beam","floor":8,"key":"SMITH"},{"floor":15,"key":"RECALL"},{"floor":29,"key":"REST"},{"data":"Echo Form","floor":32,"key":"SMITH"},{"data":"Seek","floor":41,"key":"SMITH"},{"data":"Hologram","floor":47,"key":"SMITH"},{"data":"Chrysalis","floor":49,"key":"SMITH"},{"data":"Go for the Eyes","floor":52,"key":"SMITH"}],"neow_cost":"NONE","seed_source_timestamp":0,"circlet_count":0,"master_deck":["Strike_B","Strike_B","Strike_B","Defend_B+1","Zap+1","Fission+1","Glacier","Steam","Sweeping Beam+1","Go for the Eyes+1","Self Repair","Echo Form+1","Conserve Battery","BootSequence","Cold Snap","Hologram+1","Hello World+1","Rebound","Conserve Battery+1","Fission+1","Ghostly","Ghostly","Ghostly","Ghostly","Ghostly","Seek+1","Leap+1","Chrysalis+1","Bandage Up","Skim+1","Capacitor+1","Ball Lightning+1","Coolheaded+1","Master of Strategy","Gash"],"special_seed":0,"relics":["Cracked Core","Membership Card","Omamori","Pear","Vajra","Tiny House","Mercury Hourglass","Strange Spoon","Shuriken","Symbiotic Virus","Potion Belt","Dodecahedron","DollysMirror","Lantern","Sozu","Bag of Marbles","Dream Catcher"],"potions_floor_usage":[16,23,33,42],"damage_taken":[{"damage":0,"enemies":"Small Slimes","floor":1,"turns":3},{"damage":0,"enemies":"Cultist","floor":4,"turns":5},{"damage":0,"enemies":"Jaw Worm","floor":7,"turns":5},{"damage":4,"enemies":"Gremlin Gang","floor":11,"turns":5},{"damage":9,"enemies":"3 Sentries","floor":13,"turns":9},{"damage":69,"enemies":"Hexaghost","floor":16,"turns":13},{"damage":41,"enemies":"Chosen","floor":18,"turns":7},{"damage":15,"enemies":"Spheric Guardian","floor":22,"turns":4},{"damage":19,"enemies":"Gremlin Leader","floor":23,"turns":9},{"damage":0,"enemies":"3 Cultists","floor":24,"turns":4},{"damage":34,"enemies":"Slavers","floor":25,"turns":6},{"damage":3,"enemies":"Cultist and Chosen","floor":27,"turns":5},{"damage":31,"enemies":"Collector","floor":33,"turns":11},{"damage":0,"enemies":"3 Darklings","floor":35,"turns":6},{"damage":0,"enemies":"3 Shapes","floor":38,"turns":3},{"damage":0,"enemies":"Nemesis","floor":40,"turns":9},{"damage":18,"enemies":"Writhing Mass","floor":42,"turns":11},{"damage":0,"enemies":"4 Shapes","floor":44,"turns":5},{"damage":32,"enemies":"Donu and Deca","floor":50,"turns":12},{"damage":49,"enemies":"Shield and Spear","floor":54,"turns":8}],"seed_played":"2819894801908524427","potions_obtained":[{"floor":4,"key":"Fire Potion"},{"floor":7,"key":"SteroidPotion"},{"floor":17,"key":"EssenceOfSteel"},{"floor":27,"key":"Weak Potion"},{"floor":33,"key":"SneckoOil"}],"is_trial":false,"path_per_floor":["M","?","?","M","?","R","M","R","T","$","M","$","E","?","R","B",null,"M","$","?","?","M","E","M","E","T","M","?","R","$","?","R","B",null,"M","?","?","M","$","E","R","M","T","M","?","?","R","$","R","B",null,"R","$","E"],"character_chosen":"DEFECT","items_purchased":["Membership Card","Omamori","Pear","Mercury Hourglass","Strange Spoon","DollysMirror","Lantern","Master of Strategy","Gash"],"campfire_rested":1,"item_purchase_floors":[10,10,10,19,19,30,30,48,53],"current_hp_per_floor":[75,75,75,75,75,75,75,75,75,85,81,81,72,72,72,10,90,56,56,56,56,55,50,57,30,30,34,34,61,61,45,45,21,45,45,45,45,45,45,45,45,38,38,45,45,45,45,45,45,23,45,45,45,0],"gold":16,"neow_bonus":"ONE_RANDOM_RARE_CARD","is_prod":false,"is_daily":false,"chose_seed":false,"campfire_upgraded":7,"win_rate":0,"timestamp":1543523184,"path_taken":["M","?","?","?","?","R","?","R","T","$","M","?","E","?","R","BOSS","M","$","?","?","?","E","M","E","T","?","?","R","$","?","R","BOSS","M","?","?","M","$","E","R","?","T","M","?","?","R","$","R","BOSS","R","$","E"],"build_version":"2018-11-15","purchased_purges":3,"victory":false,"max_hp_per_floor":[75,75,75,75,75,75,75,75,75,85,85,85,85,85,85,85,90,90,90,90,90,90,90,90,90,90,90,90,90,90,45,45,45,45,45,45,45,45,45,45,45,45,45,45,45,45,45,45,45,45,45,45,45,45],"card_choices":[{"not_picked":["Rebound","Sunder"],"picked":"Glacier","floor":1},{"not_picked":["Fusion","Scrape"],"picked":"Steam","floor":4},{"not_picked":["Auto Shields","Barrage"],"picked":"Sweeping Beam","floor":7},{"not_picked":["Auto Shields","Sweeping Beam"],"picked":"Go for the Eyes","floor":11},{"not_picked":["FTL","Beam Cell"],"picked":"Self Repair","floor":13},{"not_picked":["Meteor Strike","Rainbow"],"picked":"Echo Form","floor":16},{"not_picked":["Stack","Glacier"],"picked":"Conserve Battery","floor":17},{"not_picked":["Beam Cell","Streamline+1"],"picked":"BootSequence","floor":18},{"not_picked":["Multi-Cast","FTL"],"picked":"Cold Snap","floor":22},{"not_picked":["Streamline+1","Genetic Algorithm"],"picked":"Hologram","floor":23},{"not_picked":["Chill","Glacier"],"picked":"Hello World+1","floor":24},{"not_picked":["Tempest","Barrage"],"picked":"Rebound","floor":25},{"not_picked":["Consume","Static Discharge"],"picked":"Conserve Battery+1","floor":27},{"not_picked":["Buffer","All For One"],"picked":"Seek","floor":33},{"not_picked":["Steam Power+1","Fusion"],"picked":"Leap+1","floor":35},{"not_picked":["Deep Breath","Mind Blast"],"picked":"Chrysalis","floor":36},{"not_picked":["Double Energy+1","Steam+1"],"picked":"Skim+1","floor":38},{"not_picked":["Sunder","Go for the Eyes+1"],"picked":"Capacitor+1","floor":40},{"not_picked":["Sweeping Beam+1","Leap"],"picked":"Ball Lightning+1","floor":42},{"not_picked":["Redo","Conserve Battery+1"],"picked":"Coolheaded+1","floor":44}],"player_experience":324841,"relics_obtained":[{"floor":13,"key":"Vajra"},{"floor":23,"key":"Symbiotic Virus"},{"floor":25,"key":"Potion Belt"},{"floor":26,"key":"Dodecahedron"},{"floor":40,"key":"Bag of Marbles"},{"floor":43,"key":"Dream Catcher"}],"event_choices":[{"damage_healed":0,"gold_gain":175,"player_choice":"AGREE","damage_taken":0,"max_hp_gain":0,"max_hp_loss":0,"event_name":"Liars Game","floor":2,"gold_loss":0,"cards_obtained":["Doubt"]},{"damage_healed":0,"gold_gain":100,"player_choice":"Gold","damage_taken":0,"max_hp_gain":0,"max_hp_loss":0,"event_name":"Wheel of Change","floor":3,"gold_loss":0},{"damage_healed":0,"gold_gain":0,"player_choice":"Upgraded","damage_taken":0,"max_hp_gain":0,"max_hp_loss":0,"event_name":"Upgrade Shrine","floor":5,"gold_loss":0,"cards_upgraded":["Fission"]},{"cards_removed":["Defend_B"],"damage_healed":0,"gold_gain":0,"player_choice":"Forget","damage_taken":0,"max_hp_gain":0,"max_hp_loss":0,"event_name":"Living Wall","floor":14,"gold_loss":0},{"cards_removed":["Defend_B"],"damage_healed":0,"gold_gain":0,"player_choice":"Elegance","damage_taken":0,"max_hp_gain":0,"max_hp_loss":0,"event_name":"Back to Basics","floor":20,"gold_loss":0},{"damage_healed":0,"gold_gain":0,"player_choice":"Gave Potion","damage_taken":0,"relics_obtained":["Shuriken"],"max_hp_gain":0,"max_hp_loss":0,"event_name":"WeMeetAgain","floor":21,"gold_loss":0},{"damage_healed":0,"gold_gain":99,"player_choice":"Stole From Cult","damage_taken":0,"max_hp_gain":0,"max_hp_loss":0,"event_name":"Nest","floor":28,"gold_loss":0},{"damage_healed":0,"gold_gain":0,"player_choice":"Became a Ghost","damage_taken":0,"max_hp_gain":0,"max_hp_loss":45,"event_name":"Ghosts","floor":31,"gold_loss":0,"cards_obtained":["Ghostly","Ghostly","Ghostly","Ghostly","Ghostly"]},{"damage_healed":0,"gold_gain":0,"player_choice":"Memory 1","damage_taken":0,"max_hp_gain":0,"max_hp_loss":0,"event_name":"SensoryStone","floor":36,"gold_loss":0},{"damage_healed":0,"gold_gain":0,"player_choice":"1 cards matched","damage_taken":0,"max_hp_gain":0,"max_hp_loss":0,"event_name":"Match and Keep!","floor":37,"gold_loss":0,"cards_obtained":["Bandage Up"]},{"damage_healed":0,"gold_gain":0,"player_choice":"Ignored","damage_taken":0,"max_hp_gain":0,"max_hp_loss":0,"event_name":"Tomb of Lord Red Mask","floor":45,"gold_loss":0},{"cards_removed":["Dualcast"],"damage_healed":0,"gold_gain":0,"player_choice":"Offered Basic","damage_taken":0,"max_hp_gain":0,"max_hp_loss":0,"event_name":"Bonfire Elementals","floor":46,"gold_loss":0}],"is_beta":false,"boss_relics":[{"not_picked":["Empty Cage","White Beast Statue"],"picked":"Tiny House"},{"not_picked":["Runic Pyramid","Eternal Feather"],"picked":"Sozu"}],"items_purged_floors":[10,39,48],"is_endless":false,"potions_floor_spawned":[4,7,27,33,38,40,44],"killed_by":"Shield and Spear","ascension_level":4}