{"gold_per_floor":[215,227,20,20,33,33,66,66,91,124,199,118,148,163,163,163],"floor_reached":16,"playtime":530,"items_purged":[],"score":130,"play_id":"2d04340a-2e5d-429d-b3f7-58a45f4b186f","local_time":"20181226033556","is_ascension_mode":true,"campfire_choices":[{"data":"Dagger Spray","floor":6,"key":"SMITH"},{"floor":8,"key":"RECALL"},{"floor":15,"key":"REST"}],"neow_cost":"NONE","seed_source_timestamp":720494957167300,"circlet_count":0,"master_deck":["Defend_G","Defend_G","Defend_G","Defend_G","Defend_G","Strike_G","Strike_G","Strike_G","Strike_G","Survivor","Neutralize","Deadly Poison","Dagger Spray+1","Adrenaline","Flash of Steel"],"relics":["Ring of the Snake","ClockworkSouvenir","Bag of Preparation","Letter Opener"],"potions_floor_usage":[10,10],"damage_taken":[{"damage":1,"enemies":"Small Slimes","floor":1,"turns":3},{"damage":1,"enemies":"2 Louse","floor":2,"turns":3},{"damage":0,"enemies":"Jaw Worm","floor":5,"turns":4},{"damage":22,"enemies":"3 Sentries","floor":7,"turns":9},{"damage":27,"enemies":"Lagavulin","floor":10,"turns":7},{"damage":0,"enemies":"Gremlin Gang","floor":14,"turns":2},{"damage":22,"enemies":"Slime Boss","floor":16,"turns":7}],"seed_played":"1173956859416098968","potions_obtained":[{"floor":5,"key":"SpeedPotion"},{"floor":7,"key":"AttackPotion"},{"floor":14,"key":"Ancient Potion"}],"is_trial":false,"path_per_floor":["M","M","$","?","M","R","E","R","T","E","?","$","?","M","R","B"],"character_chosen":"THE_SILENT","items_purchased":["ClockworkSouvenir","Flash of Steel"],"campfire_rested":1,"item_purchase_floors":[3,12],"current_hp_per_floor":[69,68,68,61,61,61,39,39,39,12,1,1,1,1,22,0],"gold":163,"neow_bonus":"HUNDRED_GOLD","is_prod":false,"is_daily":false,"chose_seed":false,"campfire_upgraded":1,"win_rate":0,"timestamp":1545791756,"path_taken":["M","M","$","?","M","R","E","R","T","E","?","$","?","M","R","BOSS"],"build_version":"2018-12-20","purchased_purges":0,"victory":false,"max_hp_per_floor":[70,70,70,70,70,70,70,70,70,70,70,70,70,70,70,70],"card_choices":[{"not_picked":["Deflect","Blade Dance"],"picked":"Deadly Poison","floor":1},{"not_picked":["Setup","Terror","Accuracy"],"picked":"SKIP","floor":2},{"not_picked":["Terror","Cloak And Dagger"],"picked":"Dagger Spray","floor":5},{"not_picked":["Predator","Setup","Flechettes"],"picked":"SKIP","floor":7},{"not_picked":["PiercingWail","Underhanded Strike"],"picked":"Adrenaline","floor":10},{"not_picked":["Cloak And Dagger","Quick Slash","Outmaneuver"],"picked":"SKIP","floor":14}],"player_experience":815193,"relics_obtained":[{"floor":7,"key":"Bag of Preparation"},{"floor":10,"key":"Letter Opener"}],"event_choices":[{"cards_removed":["Strike_G"],"damage_healed":0,"gold_gain":0,"player_choice":"Card Removal","damage_taken":7,"max_hp_gain":0,"max_hp_loss":0,"event_name":"Golden Wing","floor":4,"gold_loss":0},{"damage_healed":0,"gold_gain":75,"player_choice":"Gather Gold","damage_taken":11,"max_hp_gain":0,"max_hp_loss":0,"event_name":"World of Goop","floor":11,"gold_loss":0},{"damage_healed":0,"gold_gain":30,"player_choice":"Searched \u00271\u0027 times","damage_taken":0,"max_hp_gain":0,"max_hp_loss":0,"event_name":"Dead Adventurer","floor":13,"gold_loss":0}],"is_beta":false,"boss_relics":[],"items_purged_floors":[],"is_endless":false,"potions_floor_spawned":[5,7,14],"killed_by":"Slime Boss","ascension_level":4}