{"gold_per_floor":[119,135,150,7,22,80,93,126,179,195,195,215,90,90,90,183,183,198,198,218,18,18,18,18],"floor_reached":24,"playtime":1549,"items_purged":["Strike_R","Strike_R","Warcry"],"score":379,"play_id":"e3329bcd-fdb9-4470-b3f6-865dede9cfb8","local_time":"20181213231938","is_ascension_mode":true,"campfire_choices":[{"floor":11,"key":"REST"},{"floor":15,"key":"REST"},{"floor":23,"key":"REST"}],"neow_cost":"TEN_PERCENT_HP_LOSS","seed_source_timestamp":128367392939695,"circlet_count":0,"master_deck":["AscendersBane","Bash","Pommel Strike","Shrug It Off","Demon Form","Shrug It Off","Sword Boomerang","Disarm","Shrug It Off","Pommel Strike","Whirlwind","Anger","Heavy Blade","Shrug It Off","Immolate","Warcry","True Grit","Twin Strike","Disarm","Shrug It Off","Limit Break"],"relics":["Burning Blood","Tiny Chest","Bottled Flame","Boot","Golden Idol","Pandora\u0027s Box","NlothsMask"],"potions_floor_usage":[7,8,12,16],"damage_taken":[{"damage":10,"enemies":"Cultist","floor":1,"turns":4},{"damage":15,"enemies":"2 Louse","floor":2,"turns":3},{"damage":7,"enemies":"Small Slimes","floor":3,"turns":4},{"damage":10,"enemies":"2 Fungi Beasts","floor":5,"turns":3},{"damage":33,"enemies":"3 Sentries","floor":6,"turns":7},{"damage":3,"enemies":"3 Louse","floor":7,"turns":3},{"damage":20,"enemies":"Lagavulin","floor":8,"turns":5},{"damage":11,"enemies":"Large Slime","floor":10,"turns":5},{"damage":14,"enemies":"Red Slaver","floor":12,"turns":2},{"damage":36,"enemies":"Slime Boss","floor":16,"turns":8},{"damage":27,"enemies":"Shell Parasite","floor":18,"turns":8},{"damage":0,"enemies":"3 Byrds","floor":20,"turns":3},{"damage":44,"enemies":"Colosseum Slavers","floor":22,"turns":6},{"damage":40,"enemies":"3 Cultists","floor":24,"turns":5}],"seed_played":"3963522287660125756","potions_obtained":[{"floor":6,"key":"Regen Potion"},{"floor":7,"key":"SteroidPotion"},{"floor":10,"key":"Energy Potion"},{"floor":12,"key":"GamblersBrew"},{"floor":20,"key":"FairyPotion"}],"is_trial":false,"path_per_floor":["M","M","M","$","M","E","M","E","T","M","R","M","$","?","R","B",null,"M","?","M","$","?","R","M"],"character_chosen":"IRONCLAD","items_purchased":["Shrug It Off","Sword Boomerang","Shrug It Off","Limit Break"],"campfire_rested":3,"item_purchase_floors":[4,4,13,21],"current_hp_per_floor":[64,55,54,54,50,23,35,21,21,16,36,28,28,28,46,16,51,30,30,36,36,12,30,0],"gold":18,"neow_bonus":"REMOVE_TWO","is_prod":false,"is_daily":false,"chose_seed":false,"campfire_upgraded":0,"win_rate":0,"timestamp":1544743178,"path_taken":["M","M","?","$","M","E","M","E","T","?","R","M","?","?","R","BOSS","M","?","?","$","?","R","M"],"build_version":"2018-12-06","purchased_purges":3,"victory":false,"max_hp_per_floor":[68,68,68,68,68,68,68,68,68,68,68,68,68,63,63,63,63,63,63,63,63,63,63,63],"card_choices":[{"not_picked":["Clothesline","Wild Strike"],"picked":"Pommel Strike","floor":1},{"not_picked":["Pommel Strike","Clash"],"picked":"Shrug It Off","floor":2},{"not_picked":["Metallicize","Uppercut"],"picked":"Demon Form","floor":3},{"not_picked":["Shrug It Off","Havoc"],"picked":"Disarm","floor":5},{"not_picked":["Twin Strike","Offering"],"picked":"Shrug It Off","floor":6},{"not_picked":["Flex","Feel No Pain"],"picked":"Pommel Strike","floor":7},{"not_picked":["Cleave","Warcry"],"picked":"Whirlwind","floor":8},{"not_picked":["Warcry","Blood for Blood"],"picked":"Anger","floor":10},{"not_picked":["Shrug It Off","Flex"],"picked":"Heavy Blade","floor":12},{"not_picked":["Bludgeon","Dark Embrace"],"picked":"Immolate","floor":16},{"not_picked":["Clash","Armaments"],"picked":"Shrug It Off","floor":18},{"not_picked":["Power Through+1","Shrug It Off","Inflame"],"picked":"SKIP","floor":20}],"player_experience":1043843,"relics_obtained":[{"floor":6,"key":"Tiny Chest"},{"floor":8,"key":"Bottled Flame"},{"floor":9,"key":"Boot"}],"event_choices":[{"damage_healed":0,"gold_gain":0,"player_choice":"Lose Max HP","damage_taken":0,"relics_obtained":["Golden Idol"],"max_hp_gain":0,"max_hp_loss":5,"event_name":"Golden Idol","floor":14,"gold_loss":0},{"damage_healed":0,"gold_gain":0,"player_choice":"Trade","damage_taken":0,"relics_obtained":["NlothsMask"],"max_hp_gain":0,"max_hp_loss":0,"event_name":"FaceTrader","floor":19,"gold_loss":0},{"damage_healed":0,"gold_gain":0,"player_choice":"Fight","damage_taken":0,"max_hp_gain":0,"max_hp_loss":0,"event_name":"Colosseum","floor":22,"gold_loss":0},{"damage_healed":0,"gold_gain":0,"player_choice":"Fled From Nobs","damage_taken":0,"max_hp_gain":0,"max_hp_loss":0,"event_name":"Colosseum","floor":22,"gold_loss":0}],"is_beta":false,"boss_relics":[{"not_picked":["Calling Bell","Runic Pyramid"],"picked":"Pandora\u0027s Box"}],"items_purged_floors":[4,13,21],"is_endless":false,"potions_floor_spawned":[6,7,10,12,20,22],"killed_by":"3 Cultists","ascension_level":14}