{"gold_per_floor":[114,114,130,305,321,348,361,361,361,12,12],"floor_reached":11,"playtime":504,"items_purged":[],"score":120,"play_id":"5f5658c7-2866-4932-a3f6-f5c3f5caed2a","local_time":"20190122103317","is_ascension_mode":true,"campfire_choices":[],"neow_cost":"NONE","seed_source_timestamp":256158831360425,"circlet_count":0,"master_deck":["AscendersBane","Strike_B","Strike_B","Defend_B","Defend_B","Defend_B","Defend_B","Zap","Dualcast","Gash","Beam Cell","Doubt","Sweeping Beam","Stack","Ball Lightning","Fission","Hologram","Melter"],"relics":["Cracked Core","NeowsBlessing","Mummified Hand","Pantograph","Shuriken"],"potions_floor_usage":[7,11],"damage_taken":[{"damage":0,"enemies":"2 Louse","floor":1,"turns":1},{"damage":0,"enemies":"Jaw Worm","floor":3,"turns":1},{"damage":0,"enemies":"Small Slimes","floor":5,"turns":1},{"damage":55,"enemies":"3 Sentries","floor":6,"turns":8},{"damage":5,"enemies":"Gremlin Gang","floor":7,"turns":5},{"damage":15,"enemies":"Lagavulin","floor":11,"turns":4}],"seed_played":"-1433471066356892174","potions_obtained":[{"floor":3,"key":"Dexterity Potion"},{"floor":7,"key":"Regen Potion"}],"is_trial":false,"path_per_floor":["M","?","M","?","M","E","M","?","T","$","E"],"character_chosen":"DEFECT","items_purchased":["Shuriken","Hologram","Melter"],"campfire_rested":0,"item_purchase_floors":[10,10,10],"current_hp_per_floor":[68,61,61,61,61,6,1,1,1,1,0],"gold":12,"neow_bonus":"THREE_ENEMY_KILL","is_prod":false,"is_daily":false,"chose_seed":false,"campfire_upgraded":0,"win_rate":0,"timestamp":1548153197,"path_taken":["M","?","M","?","M","E","M","?","T","$","E"],"build_version":"2019-01-17v2","purchased_purges":0,"victory":false,"max_hp_per_floor":[75,75,75,75,75,75,75,75,75,75,75],"card_choices":[{"not_picked":["Leap","Compile Driver"],"picked":"Gash","floor":1},{"not_picked":["Conserve Battery","Compile Driver"],"picked":"Beam Cell","floor":3},{"not_picked":["Consume","Reinforced Body"],"picked":"Sweeping Beam","floor":5},{"not_picked":["Genetic Algorithm","BootSequence"],"picked":"Stack","floor":6},{"not_picked":["Chaos","Hologram"],"picked":"Ball Lightning","floor":7}],"player_experience":1223387,"relics_obtained":[{"floor":6,"key":"Mummified Hand"},{"floor":9,"key":"Pantograph"}],"event_choices":[{"cards_removed":["Strike_B"],"damage_healed":0,"gold_gain":0,"player_choice":"Card Removal","damage_taken":7,"max_hp_gain":0,"max_hp_loss":0,"event_name":"Golden Wing","floor":2,"gold_loss":0},{"damage_healed":0,"gold_gain":175,"player_choice":"AGREE","damage_taken":0,"max_hp_gain":0,"max_hp_loss":0,"event_name":"Liars Game","floor":4,"gold_loss":0,"cards_obtained":["Doubt"]},{"damage_healed":0,"gold_gain":0,"cards_transformed":["Strike_B"],"player_choice":"Transformed","damage_taken":0,"max_hp_gain":0,"max_hp_loss":0,"event_name":"Transmorgrifier","floor":8,"gold_loss":0,"cards_obtained":["Fission"]}],"is_beta":false,"boss_relics":[],"items_purged_floors":[],"is_endless":false,"potions_floor_spawned":[3,7],"killed_by":"Lagavulin","ascension_level":13}