{"gold_per_floor":[114,39,57,70,70,70,89,89,113,38,50,50,150,170,170,265,265,265],"floor_reached":18,"playtime":714,"items_purged":["Strike_R"],"score":263,"play_id":"7f05de44-43d7-4536-88f3-5a40c1178fbf","local_time":"20190130183810","is_ascension_mode":true,"campfire_choices":[{"data":"Shrug It Off","floor":6,"key":"SMITH"},{"data":"Bash","floor":15,"key":"SMITH"}],"neow_cost":"NONE","seed_source_timestamp":15883416210061,"circlet_count":0,"master_deck":["Strike_R","Strike_R","Strike_R","Defend_R","Defend_R","Defend_R","Defend_R","Bash+1","Shrug It Off+1","Cleave","Offering","Evolve","Inflame","Dark Embrace"],"relics":["Burning Blood","NeowsBlessing","Pen Nib","White Beast Statue"],"potions_floor_usage":[16,16,16],"damage_taken":[{"damage":0,"enemies":"2 Louse","floor":1,"turns":1},{"damage":0,"enemies":"Jaw Worm","floor":3,"turns":1},{"damage":0,"enemies":"Small Slimes","floor":4,"turns":1},{"damage":21,"enemies":"Exordium Thugs","floor":7,"turns":5},{"damage":6,"enemies":"3 Louse","floor":11,"turns":3},{"damage":12,"enemies":"Gremlin Gang","floor":14,"turns":4},{"damage":6,"enemies":"Slime Boss","floor":16,"turns":9},{"damage":30,"enemies":"3 Byrds","floor":18,"turns":5}],"seed_played":"-1463514465031015468","potions_obtained":[{"floor":3,"key":"SteroidPotion"},{"floor":11,"key":"FearPotion"},{"floor":14,"key":"EssenceOfSteel"}],"is_trial":false,"path_per_floor":["M","$","M","M","?","R","M","?","T","$","M","?","?","M","R","B",null,"M"],"character_chosen":"IRONCLAD","items_purchased":["Offering"],"campfire_rested":0,"item_purchase_floors":[10],"current_hp_per_floor":[78,78,80,80,80,80,65,58,58,58,58,58,58,52,52,52,73,43],"gold":265,"neow_bonus":"THREE_ENEMY_KILL","is_prod":false,"is_daily":false,"chose_seed":false,"campfire_upgraded":2,"win_rate":0,"timestamp":1548841090,"path_taken":["M","$","M","M","?","R","M","?","T","?","M","?","?","?","R","BOSS","M"],"build_version":"2019-01-23","purchased_purges":1,"victory":false,"max_hp_per_floor":[80,80,80,80,80,80,80,80,80,80,80,80,80,80,80,80,80,80],"card_choices":[{"not_picked":["Thunderclap","Blood for Blood"],"picked":"Shrug It Off","floor":1},{"not_picked":["Perfected Strike","Power Through"],"picked":"Cleave","floor":3},{"not_picked":["Iron Wave","Havoc","Feel No Pain"],"picked":"SKIP","floor":4},{"not_picked":["Wild Strike","Corruption","Headbutt"],"picked":"SKIP","floor":7},{"not_picked":["Armaments","Sword Boomerang"],"picked":"Evolve","floor":11},{"not_picked":["Brutality","Iron Wave"],"picked":"Inflame","floor":14},{"not_picked":["Offering","Impervious"],"picked":"Dark Embrace","floor":16}],"player_experience":128401,"relics_obtained":[{"floor":9,"key":"Pen Nib"}],"event_choices":[{"damage_healed":0,"gold_gain":0,"player_choice":"Ignored","damage_taken":0,"max_hp_gain":0,"max_hp_loss":0,"event_name":"Liars Game","floor":5,"gold_loss":0},{"cards_removed":["Strike_R"],"damage_healed":0,"gold_gain":0,"player_choice":"Card Removal","damage_taken":7,"max_hp_gain":0,"max_hp_loss":0,"event_name":"Golden Wing","floor":8,"gold_loss":0},{"damage_healed":0,"gold_gain":0,"player_choice":"Searched \u00270\u0027 times","damage_taken":0,"max_hp_gain":0,"max_hp_loss":0,"event_name":"Dead Adventurer","floor":12,"gold_loss":0},{"damage_healed":0,"gold_gain":100,"player_choice":"Pray","damage_taken":0,"max_hp_gain":0,"max_hp_loss":0,"event_name":"Golden Shrine","floor":13,"gold_loss":0}],"is_beta":false,"boss_relics":[{"not_picked":["Runic Dome","Runic Cube"],"picked":"White Beast Statue"}],"items_purged_floors":[2],"is_endless":false,"potions_floor_spawned":[3,11,14],"killed_by":"3 Byrds","ascension_level":6}