{"gold_per_floor":[111,130,205,216,36,36,14,14,14,14,29,56,67,13,13,85,85,65,65,65],"floor_reached":20,"playtime":663,"items_purged":["Writhe"],"score":287,"play_id":"6e534383-f6f8-4b0f-8ecd-b15c54601af6","local_time":"20190208195754","is_ascension_mode":true,"campfire_choices":[{"data":"Armaments","floor":6.0,"key":"SMITH"},{"data":"Juggernaut","floor":8.0,"key":"SMITH"},{"data":"Infernal Blade","floor":10.0,"key":"SMITH"},{"data":"Corruption","floor":15.0,"key":"SMITH"}],"neow_cost":"CURSE","seed_source_timestamp":1688947996010375,"circlet_count":0,"master_deck":["AscendersBane","Strike_R","Strike_R","Strike_R","Strike_R","Strike_R","Defend_R","Defend_R","Defend_R","Defend_R","Bash","Juggernaut+1","Armaments+1","Burning Pact","Corruption+1","Infernal Blade+1","Iron Wave","Dark Embrace","True Grit","Iron Wave","Fiend Fire","Battle Trance"],"special_seed":0,"relics":["Burning Blood","Question Card","Bag of Marbles","Black Star"],"potions_floor_usage":[16,16],"damage_taken":[{"damage":3.0,"enemies":"Jaw Worm","floor":1.0,"turns":5.0},{"damage":6.0,"enemies":"Cultist","floor":2.0,"turns":4.0},{"damage":8.0,"enemies":"2 Louse","floor":4.0,"turns":3.0},{"damage":35.0,"enemies":"Exordium Thugs","floor":7.0,"turns":5.0},{"damage":6.0,"enemies":"Looter","floor":11.0,"turns":2.0},{"damage":5.0,"enemies":"2 Fungi Beasts","floor":13.0,"turns":3.0},{"damage":24,"enemies":"Hexaghost","floor":16,"turns":12},{"damage":32,"enemies":"2 Thieves","floor":18,"turns":4},{"damage":33,"enemies":"Spheric Guardian","floor":20,"turns":4}],"seed_played":"-3359807025729295582","potions_obtained":[{"floor":1.0,"key":"Energy Potion"},{"floor":11.0,"key":"Dexterity Potion"},{"floor":16,"key":"Weak Potion"}],"is_trial":false,"path_per_floor":["M","M","?","M","$","R","M","R","T","R","M","T","M","$","R","B",null,"M","?","M"],"character_chosen":"IRONCLAD","items_purchased":["Corruption","Infernal Blade","Iron Wave"],"campfire_rested":0,"item_purchase_floors":[5,5,14],"current_hp_per_floor":[71,71,60,58,58,58,29,29,29,29,29,29,30,30,30,12,59,33,33,0],"gold":65,"neow_bonus":"THREE_RARE_CARDS","is_prod":false,"is_daily":false,"chose_seed":false,"campfire_upgraded":4,"win_rate":0,"timestamp":1549673874,"path_taken":["M","M","?","M","$","R","M","R","T","R","M","?","?","?","R","BOSS","M","?","M"],"build_version":"2019-02-06","purchased_purges":1,"victory":false,"max_hp_per_floor":[75,75,75,75,75,75,75,75,75,75,75,75,75,75,75,75,75,75,75,75],"card_choices":[{"not_picked":["Feed","Demon Form"],"picked":"Juggernaut","floor":0.0},{"not_picked":["Havoc","Heavy Blade","Wild Strike"],"picked":"SKIP","floor":1.0},{"not_picked":["Headbutt","Heavy Blade"],"picked":"Armaments","floor":2.0},{"not_picked":["Clash","Twin Strike"],"picked":"Burning Pact","floor":4.0},{"not_picked":["Burning Pact","Thunderclap"],"picked":"Iron Wave","floor":7.0},{"not_picked":["Pommel Strike","Anger","Armaments"],"picked":"Dark Embrace","floor":11.0},{"not_picked":["Pommel Strike","Perfected Strike","Blood for Blood"],"picked":"True Grit","floor":13.0},{"not_picked":["Berserk","Exhume","Double Tap"],"picked":"Fiend Fire","floor":16},{"not_picked":["Twin Strike","Shrug It Off","Hemokinesis"],"picked":"Battle Trance","floor":18}],"player_experience":642584,"relics_obtained":[{"floor":9.0,"key":"Question Card"},{"floor":12.0,"key":"Bag of Marbles"}],"event_choices":[{"damage_healed":0.0,"max_hp_gain":0.0,"max_hp_loss":0.0,"gold_gain":75.0,"event_name":"World of Goop","player_choice":"Gather Gold","floor":3.0,"gold_loss":0.0,"damage_taken":11.0},{"damage_healed":0,"gold_gain":0,"player_choice":"Ignored","damage_taken":0,"max_hp_gain":0,"max_hp_loss":0,"event_name":"N\u0027loth","floor":19,"gold_loss":0}],"is_beta":true,"boss_relics":[{"not_picked":["Astrolabe","Pandora\u0027s Box"],"picked":"Black Star"}],"items_purged_floors":[5],"is_endless":false,"potions_floor_spawned":[1,11,16],"killed_by":"Spheric Guardian","ascension_level":15}