{"gold_per_floor":[113,113,113,123,198,229,259,259,340,340,355,355,355,320,320,320],"floor_reached":16,"playtime":371,"items_purged":[],"score":125,"play_id":"4b791a11-a26f-4b1c-8af0-deb97003f588","local_time":"20181203133705","is_ascension_mode":true,"campfire_choices":[{"floor":7,"key":"DIG"},{"floor":10,"key":"DIG"},{"floor":12,"key":"DIG"},{"floor":15,"key":"DIG"}],"neow_cost":"CURSE","seed_source_timestamp":866454802634360,"circlet_count":0,"master_deck":["Strike_R","Strike_R","Strike_R","Strike_R","Strike_R","Defend_R","Defend_R","Defend_R","Defend_R","Bash","Pommel Strike","Feel No Pain","Body Slam","Corruption"],"relics":["Burning Blood","FossilizedHelix","Shovel","Pantograph","Tiny Chest","Letter Opener","Sundial","Anchor","Juzu Bracelet","Bottled Lightning"],"potions_floor_usage":[11,16,16],"damage_taken":[{"damage":0,"enemies":"Cultist","floor":1,"turns":3},{"damage":8,"enemies":"2 Louse","floor":4,"turns":3},{"damage":24,"enemies":"Gremlin Nob","floor":6,"turns":5},{"damage":0,"enemies":"Small Slimes","floor":11,"turns":2},{"damage":96,"enemies":"The Guardian","floor":16,"turns":12}],"seed_played":"3310538033852782339","potions_obtained":[{"floor":1,"key":"Explosive Potion"},{"floor":6,"key":"Fruit Juice"},{"floor":11,"key":"SteroidPotion"}],"is_trial":false,"path_per_floor":["M","?","?","M","?","E","R","?","T","R","M","R","?","?","R","B"],"character_chosen":"IRONCLAD","items_purchased":[],"campfire_rested":0,"item_purchase_floors":[],"current_hp_per_floor":[78,66,71,69,58,40,40,40,40,40,46,46,46,67,67,0],"gold":320,"neow_bonus":"ONE_RARE_RELIC","is_prod":false,"is_daily":false,"chose_seed":false,"campfire_upgraded":0,"win_rate":0,"timestamp":1543862225,"path_taken":["M","?","?","M","?","E","R","?","T","R","?","R","?","?","R","BOSS"],"build_version":"2018-11-15","purchased_purges":0,"victory":false,"max_hp_per_floor":[80,80,85,85,85,85,85,85,85,85,85,85,85,85,85,90],"card_choices":[{"not_picked":["Clash","Sword Boomerang"],"picked":"Pommel Strike","floor":1},{"not_picked":["Rage","Flex"],"picked":"Feel No Pain","floor":4},{"not_picked":["Twin Strike","Thunderclap"],"picked":"Body Slam","floor":6},{"not_picked":["Anger","Whirlwind"],"picked":"Corruption","floor":11}],"player_experience":344665,"relics_obtained":[{"floor":6,"key":"Pantograph"},{"floor":7,"key":"Tiny Chest"},{"floor":8,"key":"Letter Opener"},{"floor":9,"key":"Sundial"},{"floor":10,"key":"Anchor"},{"floor":12,"key":"Juzu Bracelet"},{"floor":15,"key":"Bottled Lightning"}],"event_choices":[{"damage_healed":0,"gold_gain":0,"player_choice":"Success","damage_taken":12,"relics_obtained":["Shovel"],"max_hp_gain":0,"max_hp_loss":0,"event_name":"Scrap Ooze","floor":2,"gold_loss":0},{"damage_healed":0,"gold_gain":0,"player_choice":"Donut","damage_taken":0,"max_hp_gain":5,"max_hp_loss":0,"event_name":"Big Fish","floor":3,"gold_loss":0},{"damage_healed":0,"gold_gain":75,"player_choice":"Gather Gold","damage_taken":11,"max_hp_gain":0,"max_hp_loss":0,"event_name":"World of Goop","floor":5,"gold_loss":0},{"damage_healed":0,"gold_gain":0,"player_choice":"Relic","damage_taken":0,"max_hp_gain":0,"max_hp_loss":0,"event_name":"Wheel of Change","floor":8,"gold_loss":0},{"cards_removed":["Normality"],"damage_healed":0,"gold_gain":0,"player_choice":"Forget","damage_taken":0,"max_hp_gain":0,"max_hp_loss":0,"event_name":"Living Wall","floor":13,"gold_loss":0},{"damage_healed":21,"gold_gain":0,"player_choice":"Healed","damage_taken":0,"max_hp_gain":0,"max_hp_loss":0,"event_name":"The Cleric","floor":14,"gold_loss":35}],"is_beta":false,"boss_relics":[],"items_purged_floors":[],"is_endless":false,"potions_floor_spawned":[1,6,11],"killed_by":"The Guardian","ascension_level":6}