{"gold_per_floor":[117,117,132,132,53,88,88,104,104,104,139,139,150,150,150,150],"floor_reached":16,"playtime":460,"items_purged":[],"score":239,"play_id":"0b635429-6a86-4686-9f30-b1813fe3e560","local_time":"20190204040240","is_ascension_mode":true,"campfire_choices":[{"data":"Neutralize","floor":7,"key":"SMITH"},{"data":"Crippling Poison","floor":10,"key":"SMITH"},{"data":"Deadly Poison","floor":12,"key":"SMITH"},{"floor":15,"key":"REST"}],"neow_cost":"NONE","seed_source_timestamp":2023877926845535,"circlet_count":0,"master_deck":["AscendersBane","Defend_G","Defend_G","Defend_G","Defend_G","Defend_G+1","Strike_G","Strike_G","Strike_G","Strike_G","Strike_G+1","Survivor","Neutralize+1","Caltrops","Poisoned Stab","Catalyst","Deadly Poison+1","Crippling Poison+1","Backflip","Blur"],"relics":["Ring of the Snake","NeowsBlessing","Blue Candle","Molten Egg 2","Bag of Preparation"],"potions_floor_usage":[16],"damage_taken":[{"damage":0,"enemies":"2 Louse","floor":1,"turns":1},{"damage":0,"enemies":"Jaw Worm","floor":3,"turns":1},{"damage":0,"enemies":"Lagavulin","floor":6,"turns":1},{"damage":0,"enemies":"Cultist","floor":8,"turns":4},{"damage":26,"enemies":"3 Sentries","floor":11,"turns":7},{"damage":6,"enemies":"Looter","floor":13,"turns":3},{"damage":55,"enemies":"Slime Boss","floor":16,"turns":9}],"seed_played":"-6928846839867228217","potions_obtained":[{"floor":1,"key":"Dexterity Potion"},{"floor":3,"key":"LiquidBronze"}],"is_trial":false,"path_per_floor":["M","?","M","?","$","E","R","M","T","R","E","R","M","?","R","B"],"character_chosen":"THE_SILENT","items_purchased":["Catalyst"],"campfire_rested":1,"item_purchase_floors":[5],"current_hp_per_floor":[59,39,39,61,61,61,61,61,61,61,35,35,29,29,48,0],"gold":150,"neow_bonus":"THREE_ENEMY_KILL","is_prod":false,"is_daily":false,"chose_seed":false,"campfire_upgraded":3,"win_rate":0,"timestamp":1549270960,"path_taken":["M","?","M","?","?","E","R","?","T","R","E","R","M","?","R","BOSS"],"build_version":"2019-01-23","purchased_purges":0,"victory":false,"max_hp_per_floor":[66,66,66,66,66,66,66,66,66,66,66,66,66,66,66,66],"card_choices":[{"not_picked":["Masterful Stab","Endless Agony"],"picked":"Caltrops","floor":1},{"not_picked":["Acrobatics","Quick Slash"],"picked":"Poisoned Stab","floor":3},{"not_picked":["Predator","Eviscerate"],"picked":"Deadly Poison","floor":6},{"not_picked":["Dash","Noxious Fumes"],"picked":"Crippling Poison","floor":8},{"not_picked":["A Thousand Cuts","Choke+1"],"picked":"Backflip","floor":11},{"not_picked":["Reflex","Deflect"],"picked":"Blur","floor":13}],"player_experience":524152,"relics_obtained":[{"floor":6,"key":"Blue Candle"},{"floor":9,"key":"Molten Egg 2"},{"floor":11,"key":"Bag of Preparation"}],"event_choices":[{"damage_healed":0,"gold_gain":0,"player_choice":"Entered Light","damage_taken":20,"max_hp_gain":0,"max_hp_loss":0,"event_name":"Shining Light","floor":2,"gold_loss":0,"cards_upgraded":["Strike_G","Defend_G"]},{"damage_healed":22,"gold_gain":0,"player_choice":"Banana","damage_taken":0,"max_hp_gain":0,"max_hp_loss":0,"event_name":"Big Fish","floor":4,"gold_loss":0},{"damage_healed":0,"gold_gain":0,"player_choice":"Searched \u00271\u0027 times","damage_taken":0,"max_hp_gain":0,"max_hp_loss":0,"event_name":"Dead Adventurer","floor":14,"gold_loss":0}],"is_beta":false,"boss_relics":[],"items_purged_floors":[],"is_endless":false,"potions_floor_spawned":[1,3,6],"killed_by":"Slime Boss","ascension_level":16}