{"gold_per_floor":[364,85,85,9,24,24,57,132,156,156,156,156,171,183,183,256,256,270,270],"floor_reached":19,"playtime":1398,"items_purged":["Strike_R"],"score":281,"play_id":"20470c88-01c7-448e-afef-84399d74b269","local_time":"20181231001123","is_ascension_mode":true,"campfire_choices":[{"data":"True Grit","floor":6,"key":"SMITH"},{"floor":12,"key":"REST"},{"floor":15,"key":"REST"}],"neow_cost":"TEN_PERCENT_HP_LOSS","seed_source_timestamp":956132193296502,"circlet_count":0,"master_deck":["AscendersBane","Strike_R","Strike_R","Strike_R","Strike_R","Defend_R","Defend_R","Defend_R","Defend_R","Bash","Feel No Pain","Metallicize","True Grit+1","Wild Strike+1","Twin Strike","Feel No Pain","Thunderclap","Burning Pact","True Grit","Sentinel","Barricade","Metallicize","Entrench","Sentinel","Rampage","Wild Strike"],"relics":["Burning Blood","Pantograph","Orrery"],"potions_floor_usage":[16,16],"damage_taken":[{"damage":6,"enemies":"Cultist","floor":1,"turns":4},{"damage":9,"enemies":"Small Slimes","floor":5,"turns":5},{"damage":49,"enemies":"Gremlin Nob","floor":7,"turns":7},{"damage":6,"enemies":"2 Louse","floor":13,"turns":2},{"damage":6,"enemies":"Looter","floor":14,"turns":3},{"damage":35,"enemies":"Slime Boss","floor":16,"turns":11},{"damage":7,"enemies":"Chosen","floor":18,"turns":12},{"damage":61,"enemies":"3 Byrds","floor":19,"turns":6}],"seed_played":"6705929074225207726","potions_obtained":[{"floor":7,"key":"AttackPotion"},{"floor":13,"key":"Swift Potion"},{"floor":16,"key":"SteroidPotion"}],"is_trial":false,"path_per_floor":["M","$","?","$","M","R","E","?","T","?","?","R","M","M","R","B",null,"M","M"],"character_chosen":"IRONCLAD","items_purchased":["Metallicize","True Grit","Wild Strike","Twin Strike","Feel No Pain"],"campfire_rested":2,"item_purchase_floors":[2,2,2,2,4],"current_hp_per_floor":[68,68,68,68,65,65,22,11,11,11,11,31,31,31,51,39,61,60,0],"gold":270,"neow_bonus":"TWO_FIFTY_GOLD","is_prod":false,"is_daily":false,"chose_seed":false,"campfire_upgraded":1,"win_rate":0,"timestamp":1546215083,"path_taken":["M","$","?","?","M","R","E","?","T","?","?","R","M","?","R","BOSS","M","M"],"build_version":"2018-12-20","purchased_purges":1,"victory":false,"max_hp_per_floor":[68,68,68,68,68,68,68,68,68,68,68,68,68,68,68,68,68,68,68],"card_choices":[{"not_picked":["Perfected Strike","Wild Strike"],"picked":"Feel No Pain","floor":1},{"not_picked":["Clash","Sword Boomerang"],"picked":"Thunderclap","floor":5},{"not_picked":["Anger","Dropkick"],"picked":"Burning Pact","floor":7},{"not_picked":["Entrench","Burning Pact"],"picked":"True Grit","floor":13},{"not_picked":["Intimidate","Reckless Charge"],"picked":"Sentinel","floor":14},{"not_picked":["Feed","Demon Form"],"picked":"Barricade","floor":16},{"not_picked":["Twin Strike","Headbutt"],"picked":"Metallicize","floor":17},{"not_picked":["Cleave","Perfected Strike"],"picked":"Entrench","floor":17},{"not_picked":["Dropkick","Hemokinesis"],"picked":"Sentinel","floor":17},{"not_picked":["Burning Pact","Sword Boomerang"],"picked":"Rampage","floor":17},{"not_picked":["Pommel Strike","True Grit"],"picked":"Wild Strike","floor":18}],"player_experience":1103010,"relics_obtained":[{"floor":7,"key":"Pantograph"}],"event_choices":[{"damage_healed":0,"gold_gain":0,"player_choice":"0 cards matched","damage_taken":0,"max_hp_gain":0,"max_hp_loss":0,"event_name":"Match and Keep!","floor":3,"gold_loss":0,"cards_obtained":[]},{"damage_healed":0,"gold_gain":75,"player_choice":"Gather Gold","damage_taken":11,"max_hp_gain":0,"max_hp_loss":0,"event_name":"World of Goop","floor":8,"gold_loss":0},{"damage_healed":0,"gold_gain":0,"player_choice":"Searched \u00270\u0027 times","damage_taken":0,"max_hp_gain":0,"max_hp_loss":0,"event_name":"Dead Adventurer","floor":10,"gold_loss":0},{"damage_healed":0,"gold_gain":0,"player_choice":"Forge","damage_taken":0,"max_hp_gain":0,"max_hp_loss":0,"event_name":"Accursed Blacksmith","floor":11,"gold_loss":0,"cards_upgraded":["Wild Strike"]}],"is_beta":false,"boss_relics":[{"not_picked":["Coffee Dripper","Mark of Pain"],"picked":"Orrery"}],"items_purged_floors":[2],"is_endless":false,"potions_floor_spawned":[7,13,16],"killed_by":"3 Byrds","ascension_level":14}