{"gold_per_floor":[110,110,37,57,132,132,175,175,175,175,200,231,156,171,171,260,260,274,274,274,28,48,48,62,86,86,86,104,104],"floor_reached":29,"playtime":1148,"items_purged":["Strike_R"],"score":452,"play_id":"a61c0d0d-1cfe-4360-84fc-d681372ca016","local_time":"20190109135822","is_ascension_mode":true,"campfire_choices":[{"data":"Rampage","floor":6,"key":"SMITH"},{"data":"Offering","floor":8,"key":"SMITH"},{"data":"True Grit","floor":10,"key":"SMITH"},{"data":"Uppercut","floor":15,"key":"SMITH"},{"floor":23,"key":"REST"},{"floor":27,"key":"REST"}],"neow_cost":"NONE","seed_source_timestamp":11522027363980,"circlet_count":0,"master_deck":["AscendersBane","Strike_R","Strike_R","Strike_R","Defend_R","Defend_R","Defend_R","Defend_R","Bash","True Grit+1","Demon Form","Rampage+1","Offering+1","Sword Boomerang","Feel No Pain","Uppercut+1","Fiend Fire","Heavy Blade","Corruption","Necronomicurse","Cleave","Body Slam","Headbutt","Limit Break","Metallicize"],"relics":["Burning Blood","NeowsBlessing","Golden Idol","Happy Flower","Mummified Hand","Mercury Hourglass","Eternal Feather","Necronomicon","Pen Nib","Singing Bowl"],"potions_floor_usage":[12,12,16,22,25,29,29],"damage_taken":[{"damage":0,"enemies":"2 Louse","floor":1,"turns":1},{"damage":0,"enemies":"Jaw Worm","floor":4,"turns":1},{"damage":0,"enemies":"3 Sentries","floor":7,"turns":1},{"damage":0,"enemies":"Small Slimes","floor":11,"turns":3},{"damage":17,"enemies":"Lagavulin","floor":12,"turns":3},{"damage":18,"enemies":"2 Fungi Beasts","floor":14,"turns":3},{"damage":36,"enemies":"The Guardian","floor":16,"turns":7},{"damage":28,"enemies":"Spheric Guardian","floor":18,"turns":4},{"damage":6,"enemies":"Shell Parasite","floor":22,"turns":1},{"damage":10,"enemies":"Sentry and Sphere","floor":24,"turns":3},{"damage":23,"enemies":"Snake Plant","floor":25,"turns":3},{"damage":47,"enemies":"Centurion and Healer","floor":28,"turns":4},{"damage":14,"enemies":"Cultist and Chosen","floor":29,"turns":3}],"seed_played":"5827549597870231328","potions_obtained":[{"floor":4,"key":"SteroidPotion"},{"floor":11,"key":"Poison Potion"},{"floor":12,"key":"Poison Potion"},{"floor":16,"key":"SneckoOil"},{"floor":22,"key":"PowerPotion"},{"floor":24,"key":"LiquidBronze"},{"floor":28,"key":"Ancient Potion"}],"is_trial":false,"path_per_floor":["M","?","$","M","?","R","E","R","T","R","M","E","?","M","R","B",null,"M","?","?","$","M","R","M","M","T","R","M","M"],"character_chosen":"IRONCLAD","items_purchased":["Demon Form","Pen Nib","Cleave"],"campfire_rested":2,"item_purchase_floors":[3,21,21],"current_hp_per_floor":[74,68,68,68,57,57,63,63,63,63,68,57,57,45,45,15,55,33,33,12,12,12,44,40,23,23,55,14,0],"gold":104,"neow_bonus":"THREE_ENEMY_KILL","is_prod":false,"is_daily":false,"chose_seed":false,"campfire_upgraded":4,"win_rate":0,"timestamp":1547042302,"path_taken":["M","?","$","M","?","R","E","R","T","R","M","E","?","M","R","BOSS","M","?","?","?","M","R","?","M","T","R","M","M"],"build_version":"2019-01-03v4","purchased_purges":1,"victory":false,"max_hp_per_floor":[75,68,68,68,68,68,68,68,68,68,68,68,68,68,68,68,68,68,68,68,68,68,68,68,68,68,68,68,68],"card_choices":[{"not_picked":["Havoc","Flex"],"picked":"True Grit","floor":1},{"not_picked":["Iron Wave","Armaments"],"picked":"Rampage","floor":4},{"not_picked":["Evolve","Infernal Blade"],"picked":"Offering","floor":7},{"not_picked":["Clothesline","Anger"],"picked":"Sword Boomerang","floor":11},{"not_picked":["Anger","Perfected Strike"],"picked":"Feel No Pain","floor":12},{"not_picked":["Anger","Combust"],"picked":"Uppercut","floor":14},{"not_picked":["Feed","Bludgeon"],"picked":"Fiend Fire","floor":16},{"not_picked":["Clothesline","Rupture"],"picked":"Heavy Blade","floor":18},{"not_picked":["Heavy Blade","Wild Strike"],"picked":"Body Slam","floor":22},{"not_picked":["Thunderclap","Sword Boomerang"],"picked":"Headbutt","floor":24},{"not_picked":["Shockwave","Heavy Blade"],"picked":"Limit Break","floor":25},{"not_picked":["Anger","Clash"],"picked":"Metallicize","floor":28}],"player_experience":1159867,"relics_obtained":[{"floor":7,"key":"Happy Flower"},{"floor":9,"key":"Mummified Hand"},{"floor":12,"key":"Mercury Hourglass"},{"floor":20,"key":"Necronomicon"},{"floor":26,"key":"Singing Bowl"}],"event_choices":[{"damage_healed":0,"gold_gain":0,"player_choice":"Lose Max HP","damage_taken":0,"relics_obtained":["Golden Idol"],"max_hp_gain":0,"max_hp_loss":7,"event_name":"Golden Idol","floor":2,"gold_loss":0},{"damage_healed":0,"gold_gain":75,"player_choice":"Gather Gold","damage_taken":11,"max_hp_gain":0,"max_hp_loss":0,"event_name":"World of Goop","floor":5,"gold_loss":0},{"cards_removed":["Strike_R"],"damage_healed":0,"gold_gain":0,"player_choice":"Card Removal","damage_taken":0,"max_hp_gain":0,"max_hp_loss":0,"event_name":"The Cleric","floor":13,"gold_loss":75},{"damage_healed":0,"gold_gain":0,"player_choice":"Read","damage_taken":0,"max_hp_gain":0,"max_hp_loss":0,"event_name":"The Library","floor":19,"gold_loss":0,"cards_obtained":["Corruption"]},{"damage_healed":0,"gold_gain":0,"player_choice":"Obtained Book","damage_taken":21,"max_hp_gain":0,"max_hp_loss":0,"event_name":"Cursed Tome","floor":20,"gold_loss":0}],"is_beta":false,"boss_relics":[{"not_picked":["Lizard Tail","Fusion Hammer"],"picked":"Eternal Feather"}],"items_purged_floors":[21],"is_endless":false,"potions_floor_spawned":[4,11,12,16,22,24,28],"killed_by":"Cultist and Chosen","ascension_level":15}