{"gold_per_floor":[116,191,22,22,40,40,54,54,132,148,148,168,195,211,211,314,314,330,341,341,358,43,73,73,103,103,136,150,160,185,197,209,325,337,362,374,62,62,81,116,134,162,185,200,211,211,211,211,211,211,211,211,13,38,38],"floor_reached":55,"playtime":3647,"items_purged":["Defend_G","Strike_G"],"score":1089,"play_id":"1f942b2d-fc46-47ee-996e-79e7a5a62cd5","local_time":"20181127150042","is_ascension_mode":true,"campfire_choices":[{"data":"Neutralize","floor":6,"key":"SMITH"},{"data":"Deflect","floor":8,"key":"SMITH"},{"data":"Deflect","floor":11,"key":"SMITH"},{"floor":15,"key":"RECALL"},{"floor":24,"key":"REST"},{"floor":32,"key":"REST"},{"floor":46,"key":"REST"},{"floor":49,"key":"REST"},{"data":"Backstab","floor":52,"key":"SMITH"}],"neow_cost":"TEN_PERCENT_HP_LOSS","seed_source_timestamp":349311459359698,"circlet_count":0,"master_deck":["Defend_G","Defend_G","Defend_G","Strike_G","Strike_G","Survivor+1","Neutralize+1","Deflect+1","Apotheosis+1","All Out Attack","Heel Hook","Deflect+1","Masterful Stab","After Image+1","Well Laid Plans","A Thousand Cuts","Tactician+1","Footwork+1","Backflip","Deflect","Blur+1","PiercingWail","Leg Sweep+1","Well Laid Plans","Quick Slash","Acrobatics+1","Envenom","Cloak And Dagger","Dodge and Roll","Skewer","Dodge and Roll","Backstab","Dagger Throw+1","Blur","Setup+1","Cloak And Dagger","Backstab+1","Backflip+1","Riddle With Holes+1","Adrenaline","Sadistic Nature","Trip","Purity","Quick Slash","Backflip"],"relics":["Ring of the Serpent","Mango","Paper Crane","Blood Vial","ClockworkSouvenir","Bottled Flame","Anchor","Bottled Lightning","Omamori","MawBank","Orrery","Bronze Scales","War Paint","Ancient Tea Set","PreservedInsect","Regal Pillow"],"potions_floor_usage":[16,16,25,27,30,33,50,54,54,55,55],"damage_taken":[{"damage":0,"enemies":"Small Slimes","floor":1,"turns":4},{"damage":0,"enemies":"Jaw Worm","floor":5,"turns":4},{"damage":4,"enemies":"Cultist","floor":7,"turns":3},{"damage":0,"enemies":"Large Slime","floor":10,"turns":7},{"damage":0,"enemies":"Exordium Thugs","floor":12,"turns":4},{"damage":9,"enemies":"3 Sentries","floor":13,"turns":9},{"damage":0,"enemies":"2 Fungi Beasts","floor":14,"turns":3},{"damage":3,"enemies":"The Guardian","floor":16,"turns":13},{"damage":0,"enemies":"Shell Parasite","floor":18,"turns":6},{"damage":15,"enemies":"3 Byrds","floor":19,"turns":5},{"damage":23,"enemies":"Colosseum Slavers","floor":20,"turns":6},{"damage":8,"enemies":"Snake Plant","floor":21,"turns":6},{"damage":27,"enemies":"Gremlin Leader","floor":23,"turns":8},{"damage":13,"enemies":"Slavers","floor":25,"turns":5},{"damage":9,"enemies":"Gremlin Leader","floor":27,"turns":7},{"damage":0,"enemies":"Centurion and Healer","floor":28,"turns":7},{"damage":2,"enemies":"Sentry and Sphere","floor":29,"turns":5},{"damage":0,"enemies":"Slavers","floor":30,"turns":7},{"damage":14,"enemies":"Automaton","floor":33,"turns":14},{"damage":9,"enemies":"Orb Walker","floor":35,"turns":5},{"damage":10,"enemies":"3 Shapes","floor":39,"turns":3},{"damage":0,"enemies":"Nemesis","floor":40,"turns":9},{"damage":3,"enemies":"Writhing Mass","floor":41,"turns":10},{"damage":15,"enemies":"Reptomancer","floor":42,"turns":8},{"damage":7,"enemies":"Sphere and 2 Shapes","floor":44,"turns":8},{"damage":0,"enemies":"Maw","floor":45,"turns":10},{"damage":23,"enemies":"Donu and Deca","floor":50,"turns":9},{"damage":18,"enemies":"Shield and Spear","floor":54,"turns":9},{"damage":68,"enemies":"The Heart","floor":55,"turns":9}],"seed_played":"-771725483173884835","potions_obtained":[{"floor":5,"key":"FearPotion"},{"floor":10,"key":"EssenceOfSteel"},{"floor":12,"key":"Fire Potion"},{"floor":13,"key":"Block Potion"},{"floor":21,"key":"SteroidPotion"},{"floor":25,"key":"Fruit Juice"},{"floor":27,"key":"Explosive Potion"},{"floor":29,"key":"SkillPotion"},{"floor":30,"key":"Regen Potion"},{"floor":33,"key":"Strength Potion"},{"floor":40,"key":"EssenceOfSteel"},{"floor":42,"key":"GhostInAJar"},{"floor":54,"key":"EssenceOfSteel"}],"is_trial":false,"path_per_floor":["M","?","$","?","M","R","M","R","T","M","R","M","E","M","R","B",null,"M","M","?","M","$","E","R","E","T","E","M","M","E","?","R","B",null,"M","?","$","?","M","E","M","E","T","M","M","R","?","?","R","B",null,"R","$","E","B"],"character_chosen":"THE_SILENT","items_purchased":["Apotheosis","ClockworkSouvenir","Deflect","Bronze Scales","Blur","PreservedInsect","Block Potion"],"campfire_rested":4,"item_purchase_floors":[3,22,22,37,37,53,53],"current_hp_per_floor":[77,66,66,66,66,66,62,62,62,62,62,62,53,55,55,54,77,77,62,41,35,35,10,33,27,27,20,22,22,24,24,48,51,82,73,73,73,73,65,67,66,53,53,48,50,74,64,64,82,59,82,82,82,64,0],"gold":38,"neow_bonus":"ONE_RARE_RELIC","is_prod":false,"is_daily":false,"chose_seed":false,"campfire_upgraded":4,"win_rate":0,"timestamp":1543348842,"path_taken":["M","?","$","?","M","R","M","R","T","M","R","M","E","M","R","BOSS","M","M","?","M","$","E","R","E","T","E","M","M","E","?","R","BOSS","M","?","$","?","M","E","?","E","T","M","M","R","?","?","R","BOSS","R","$","E","BOSS"],"build_version":"2018-11-15","purchased_purges":2,"victory":false,"max_hp_per_floor":[77,77,77,77,77,77,77,77,77,77,77,77,77,77,77,77,77,77,77,77,77,77,77,77,82,82,82,82,82,82,82,82,82,82,82,82,82,82,82,82,82,82,82,82,82,82,82,82,82,82,82,82,82,82,82],"card_choices":[{"not_picked":["Outmaneuver","Accuracy"],"picked":"Deflect","floor":1},{"not_picked":["Setup","Prepared"],"picked":"All Out Attack","floor":5},{"not_picked":["Poisoned Stab","Flechettes"],"picked":"Heel Hook","floor":7},{"not_picked":["Concentrate","PiercingWail"],"picked":"Deflect","floor":10},{"not_picked":["Predator","Flechettes"],"picked":"Masterful Stab","floor":12},{"not_picked":["Underhanded Strike","Footwork"],"picked":"After Image","floor":13},{"not_picked":["Poisoned Stab","Setup"],"picked":"Well Laid Plans","floor":14},{"not_picked":["Corpse Explosion","Unload"],"picked":"A Thousand Cuts","floor":16},{"not_picked":["Escape Plan","Dodge and Roll"],"picked":"Tactician+1","floor":18},{"not_picked":["Outmaneuver+1","All Out Attack"],"picked":"Footwork+1","floor":19},{"not_picked":["Dagger Throw","Dodge and Roll"],"picked":"Backflip","floor":21},{"not_picked":["Blade Dance","Expertise"],"picked":"Blur+1","floor":23},{"not_picked":["Endless Agony","Deadly Poison"],"picked":"PiercingWail","floor":25},{"not_picked":["Escape Plan","Blade Dance"],"picked":"Leg Sweep","floor":27},{"not_picked":["PiercingWail","Prepared"],"picked":"Well Laid Plans","floor":28},{"not_picked":["PiercingWail","Concentrate"],"picked":"Quick Slash","floor":29},{"not_picked":["Blade Dance","PiercingWail"],"picked":"Acrobatics+1","floor":30},{"not_picked":["Unload","Tools of the Trade"],"picked":"Envenom","floor":33},{"not_picked":["Dagger Spray","Masterful Stab+1"],"picked":"Cloak And Dagger","floor":34},{"not_picked":["Bouncing Flask","Choke+1"],"picked":"Dodge and Roll","floor":34},{"not_picked":["All Out Attack+1","Well Laid Plans"],"picked":"Skewer","floor":34},{"not_picked":["Poisoned Stab","Caltrops"],"picked":"Dodge and Roll","floor":34},{"not_picked":["Bane","Blade Dance"],"picked":"Backstab","floor":34},{"not_picked":["Predator+1","Blade Dance"],"picked":"Dagger Throw+1","floor":35},{"not_picked":["Underhanded Strike","Distraction+1"],"picked":"Setup+1","floor":39},{"not_picked":["Eviscerate","Corpse Explosion"],"picked":"Cloak And Dagger","floor":40},{"not_picked":["Eviscerate+1","Flying Knee"],"picked":"Backstab","floor":41},{"not_picked":["Expertise+1","Poisoned Stab"],"picked":"Backflip+1","floor":42},{"not_picked":["Deadly Poison+1","Blade Dance+1"],"picked":"Riddle With Holes+1","floor":44},{"not_picked":["Dagger Spray+1","Quick Slash+1"],"picked":"Adrenaline","floor":45},{"not_picked":["Metamorphosis","Enlightenment"],"picked":"Sadistic Nature","floor":47},{"not_picked":["Forethought","PanicButton"],"picked":"Trip","floor":47},{"not_picked":["The Bomb","Good Instincts"],"picked":"Purity","floor":47},{"not_picked":["Calculated Gamble","Crippling Poison+1"],"picked":"Backflip","floor":54}],"player_experience":315644,"relics_obtained":[{"floor":9,"key":"Paper Crane"},{"floor":13,"key":"Blood Vial"},{"floor":23,"key":"Bottled Flame"},{"floor":25,"key":"Anchor"},{"floor":26,"key":"Bottled Lightning"},{"floor":27,"key":"Omamori"},{"floor":30,"key":"MawBank"},{"floor":40,"key":"War Paint"},{"floor":42,"key":"Ancient Tea Set"},{"floor":54,"key":"Regal Pillow"}],"event_choices":[{"damage_healed":0,"gold_gain":75,"player_choice":"Gather Gold","damage_taken":11,"max_hp_gain":0,"max_hp_loss":0,"event_name":"World of Goop","floor":2,"gold_loss":0},{"damage_healed":0,"gold_gain":0,"player_choice":"Grow","damage_taken":0,"max_hp_gain":0,"max_hp_loss":0,"event_name":"Living Wall","floor":4,"gold_loss":0,"cards_upgraded":["Apotheosis"]},{"damage_healed":0,"gold_gain":0,"player_choice":"Fight","damage_taken":0,"max_hp_gain":0,"max_hp_loss":0,"event_name":"Colosseum","floor":20,"gold_loss":0},{"damage_healed":0,"gold_gain":0,"player_choice":"Fled From Nobs","damage_taken":0,"max_hp_gain":0,"max_hp_loss":0,"event_name":"Colosseum","floor":20,"gold_loss":0},{"cards_removed":["Defend_G"],"damage_healed":0,"gold_gain":0,"player_choice":"Card Removal","damage_taken":0,"max_hp_gain":0,"max_hp_loss":0,"event_name":"Wheel of Change","floor":31,"gold_loss":0},{"cards_removed":["Strike_G"],"damage_healed":0,"gold_gain":0,"player_choice":"Removed Attack","damage_taken":0,"max_hp_gain":0,"max_hp_loss":0,"event_name":"Falling","floor":36,"gold_loss":0},{"damage_healed":0,"gold_gain":0,"player_choice":"Upgraded","damage_taken":0,"max_hp_gain":0,"max_hp_loss":0,"event_name":"Upgrade Shrine","floor":38,"gold_loss":0,"cards_upgraded":["After Image"]},{"damage_healed":0,"gold_gain":0,"player_choice":"Memory 3","damage_taken":10,"max_hp_gain":0,"max_hp_loss":0,"event_name":"SensoryStone","floor":47,"gold_loss":0},{"damage_healed":0,"gold_gain":0,"cards_transformed":["Strike_G"],"player_choice":"Transformed","damage_taken":0,"max_hp_gain":0,"max_hp_loss":0,"event_name":"Transmorgrifier","floor":48,"gold_loss":0,"cards_obtained":["Quick Slash"]}],"is_beta":false,"boss_relics":[{"not_picked":["Tiny House","Calling Bell"],"picked":"Ring of the Serpent"},{"not_picked":["Pandora\u0027s Box","Velvet Choker"],"picked":"Orrery"}],"items_purged_floors":[22,37],"is_endless":false,"potions_floor_spawned":[5,10,12,13,20,21,25,27,29,30,33,39,40,42,45,54],"killed_by":"The Heart","ascension_level":4}