{"gold_per_floor":[115,115,65,76,76,76,101,101,128,57,77,77,95,106,106,201,201,215,3,14,14,25,25,42,42,69,69,84,34,34,34,34,34],"floor_reached":33,"playtime":857,"items_purged":["Strike_G"],"score":309,"play_id":"01bec0e8-746d-45f8-9df1-36b031ed84c5","local_time":"20180916174201","is_ascension_mode":true,"campfire_choices":[{"data":"Dash","floor":6,"key":"SMITH"},{"data":"Neutralize","floor":8,"key":"SMITH"},{"data":"Dagger Spray","floor":12,"key":"SMITH"},{"floor":15,"key":"REST"},{"data":"Concentrate","floor":23,"key":"SMITH"},{"floor":25,"key":"REST"},{"floor":32,"key":"REST"}],"neow_cost":"CURSE","seed_source_timestamp":17047710862150,"circlet_count":0,"master_deck":["Defend_G","Defend_G","Defend_G","Strike_G","Strike_G","Strike_G","Strike_G+1","Survivor","Neutralize+1","Bane+1","Dash+1","Predator","Dagger Spray+1","Acrobatics","A Thousand Cuts+1","After Image","Concentrate+1","Pain"],"relics":["Ring of the Snake","Ice Cream","Bag of Preparation","Cursed Key","Potion Belt"],"potions_floor_usage":[16,16,22,30,33],"damage_taken":[{"damage":4,"enemies":"Jaw Worm","floor":1,"turns":3},{"damage":0,"enemies":"Cultist","floor":4,"turns":3},{"damage":12,"enemies":"3 Sentries","floor":7,"turns":8},{"damage":0,"enemies":"2 Louse","floor":11,"turns":2},{"damage":11,"enemies":"Exordium Wildlife","floor":13,"turns":4},{"damage":0,"enemies":"Looter","floor":14,"turns":2},{"damage":42,"enemies":"Slime Boss","floor":16,"turns":10},{"damage":22,"enemies":"Spheric Guardian","floor":18,"turns":4},{"damage":13,"enemies":"3 Byrds","floor":20,"turns":3},{"damage":8,"enemies":"Centurion and Healer","floor":22,"turns":5},{"damage":6,"enemies":"Chosen and Byrds","floor":24,"turns":4},{"damage":28,"enemies":"Snake Plant","floor":28,"turns":5},{"damage":9,"enemies":"Shelled Parasite and Fungi","floor":30,"turns":2},{"damage":34,"enemies":"Automaton","floor":33,"turns":4}],"seed_played":"-1880107923036441351","potions_obtained":[{"floor":4,"key":"AttackPotion"},{"floor":7,"key":"LiquidBronze"},{"floor":14,"key":"Fruit Juice"},{"floor":20,"key":"Regen Potion"},{"floor":28,"key":"SmokeBomb"}],"is_trial":false,"path_per_floor":["M","?","?","M","?","R","E","R","T","$","M","R","M","M","R","B",null,"M","$","M","?","M","R","M","R","T","?","M","?","M","$","R"],"character_chosen":"THE_SILENT","items_purchased":["Predator","After Image"],"campfire_rested":3,"item_purchase_floors":[10,19],"current_hp_per_floor":[66,66,66,66,52,52,40,40,40,40,40,40,29,29,50,13,60,38,38,25,25,31,31,25,47,47,47,19,19,10,10,32,0],"gold":34,"neow_bonus":"TRANSFORM_TWO_CARDS","is_prod":false,"is_daily":false,"chose_seed":false,"campfire_upgraded":4,"win_rate":0,"timestamp":1537134121,"path_taken":["M","?","?","M","?","R","E","R","T","$","M","R","M","?","R","BOSS","M","$","?","?","M","R","?","R","T","?","M","?","M","$","R","BOSS"],"build_version":"2018-09-12","purchased_purges":1,"victory":false,"max_hp_per_floor":[70,70,70,70,70,70,70,70,70,70,70,70,70,70,70,75,75,75,75,75,75,75,75,75,75,75,75,75,75,75,75,75,75],"card_choices":[{"not_picked":["Caltrops","Accuracy","Setup"],"picked":"SKIP","floor":1},{"not_picked":["PiercingWail","Well Laid Plans","Blade Dance"],"picked":"SKIP","floor":4},{"not_picked":["Dodge and Roll","Accuracy","Cloak And Dagger"],"picked":"SKIP","floor":7},{"not_picked":["Underhanded Strike","Dodge and Roll"],"picked":"Dagger Spray","floor":11},{"not_picked":["Dagger Spray","Venomology"],"picked":"Acrobatics","floor":13},{"not_picked":["Predator","Cloak And Dagger","Dodge and Roll"],"picked":"SKIP","floor":14},{"not_picked":["Night Terror","Phantasmal Killer"],"picked":"A Thousand Cuts","floor":16},{"not_picked":["Dagger Spray","Sucker Punch","Deadly Poison+1"],"picked":"SKIP","floor":18},{"not_picked":["Masterful Stab","Heel Hook","Cloak And Dagger"],"picked":"SKIP","floor":20},{"not_picked":["Acrobatics+1","Dagger Throw"],"picked":"Concentrate","floor":22},{"not_picked":["Blade Dance","Storm of Steel","Sucker Punch"],"picked":"SKIP","floor":24},{"not_picked":["Deflect","Cloak And Dagger+1","Blade Dance"],"picked":"SKIP","floor":28}],"player_experience":383886,"relics_obtained":[{"floor":7,"key":"Ice Cream"},{"floor":9,"key":"Bag of Preparation"},{"floor":26,"key":"Potion Belt"}],"event_choices":[{"event_name":"The Woman in Blue","player_choice":"Bought 0 Potions","floor":2,"damage_taken":0},{"event_name":"The Cleric","player_choice":"Card Removal","floor":3,"damage_taken":0},{"event_name":"Shining Light","player_choice":"Entered Light","floor":5,"damage_taken":0},{"event_name":"Upgrade Shrine","player_choice":"Upgraded","floor":21,"damage_taken":0},{"event_name":"Ghosts","player_choice":"Ignored","floor":27,"damage_taken":0},{"event_name":"The Joust","player_choice":"Bet on Murderer","floor":29,"damage_taken":0}],"is_beta":true,"boss_relics":[{"not_picked":["Tiny House","Busted Crown"],"picked":"Cursed Key"}],"items_purged_floors":[19],"is_endless":false,"potions_floor_spawned":[4,7,14,20,28,30],"killed_by":"Automaton","ascension_level":5}