{"gold_per_floor":[118,131,36,55,55,55,87,87,160,14,25,25,53,67,67,167,167,177],"floor_reached":18,"playtime":1742,"items_purged":[],"score":172,"play_id":"026d649f-8392-4aa3-9fc8-c1569d09924b","local_time":"20190131170851","is_ascension_mode":false,"campfire_choices":[{"data":"Reflex","floor":6,"key":"SMITH"},{"floor":8,"key":"REST"},{"floor":15,"key":"REST"}],"neow_cost":"NONE","seed_source_timestamp":1119542388209818,"circlet_count":0,"master_deck":["Defend_G","Defend_G","Defend_G","Defend_G","Defend_G","Strike_G","Strike_G","Strike_G","Strike_G","Strike_G","Survivor","Neutralize","Acrobatics","Bane","Poisoned Stab","PiercingWail","Reflex+1","Caltrops","Corpse Explosion","Eviscerate","Prepared","Distraction","Bane","Envenom","Dodge and Roll"],"relics":["Ring of the Snake","Vajra","Bottled Tornado","Bottled Flame","HoveringKite"],"potions_floor_usage":[16,16,16],"damage_taken":[{"damage":1,"enemies":"Jaw Worm","floor":1,"turns":7},{"damage":0,"enemies":"Cultist","floor":2,"turns":4},{"damage":2,"enemies":"Small Slimes","floor":4,"turns":3},{"damage":48,"enemies":"Lagavulin","floor":7,"turns":11},{"damage":0,"enemies":"Looter","floor":11,"turns":4},{"damage":40,"enemies":"Gremlin Nob","floor":13,"turns":5},{"damage":0,"enemies":"Exordium Wildlife","floor":14,"turns":3},{"damage":31,"enemies":"The Guardian","floor":16,"turns":14},{"damage":25,"enemies":"2 Thieves","floor":18,"turns":3}],"seed_played":"8979345512683261947","potions_obtained":[{"floor":1,"key":"Explosive Potion"},{"floor":4,"key":"LiquidBronze"},{"floor":11,"key":"FearPotion"},{"floor":16,"key":"GhostInAJar"},{"floor":18,"key":"AttackPotion"}],"is_trial":false,"path_per_floor":["M","M","$","M","?","R","E","R","T","$","M","$","E","M","R","B",null,"M"],"character_chosen":"THE_SILENT","items_purchased":["Poisoned Stab","PiercingWail","Corpse Explosion","Eviscerate"],"campfire_rested":2,"item_purchase_floors":[3,3,10,10],"current_hp_per_floor":[76,76,76,74,74,74,26,49,49,49,49,49,9,9,32,1,77,52],"gold":177,"neow_bonus":"TEN_PERCENT_HP_BONUS","is_prod":false,"is_daily":false,"chose_seed":false,"campfire_upgraded":1,"win_rate":0.0,"timestamp":1548950931,"path_taken":["M","M","$","M","?","R","E","R","T","$","M","$","E","M","R","BOSS","M"],"build_version":"2019-01-23","purchased_purges":0,"victory":false,"max_hp_per_floor":[77,77,77,77,77,77,77,77,77,77,77,77,77,77,77,77,77,77],"card_choices":[{"not_picked":["All Out Attack","Deflect"],"picked":"Acrobatics","floor":1},{"not_picked":["Slice","Blade Dance"],"picked":"Bane","floor":2},{"not_picked":["Heel Hook","Quick Slash"],"picked":"Reflex","floor":4},{"not_picked":["Outmaneuver","Sucker Punch"],"picked":"Caltrops","floor":7},{"not_picked":["Outmaneuver","Malaise"],"picked":"Prepared","floor":11},{"not_picked":["Underhanded Strike","Quick Slash"],"picked":"Distraction","floor":13},{"not_picked":["Blade Dance","Dodge and Roll"],"picked":"Bane","floor":14},{"not_picked":["Venomology","Adrenaline"],"picked":"Envenom","floor":16},{"not_picked":["Dash","Choke+1"],"picked":"Dodge and Roll","floor":18}],"player_experience":22430,"relics_obtained":[{"floor":7,"key":"Vajra"},{"floor":9,"key":"Bottled Tornado"},{"floor":13,"key":"Bottled Flame"}],"event_choices":[{"damage_healed":0,"gold_gain":0,"player_choice":"Leave","damage_taken":0,"max_hp_gain":0,"max_hp_loss":0,"event_name":"The Cleric","floor":5,"gold_loss":0}],"is_beta":false,"boss_relics":[{"not_picked":["WristBlade","Sozu"],"picked":"HoveringKite"}],"items_purged_floors":[],"is_endless":false,"potions_floor_spawned":[1,4,11,14,16,18],"killed_by":"2 Thieves","ascension_level":0}