{"gold_per_floor":[109,109,85,99,99,99,132,147,221,221,221,221,234,1,1,105,105,125,142,142,153,153,153,185,185,265,281,281,281,295,313,313,411,411,428,189,189,209,209,209,256,281,281,296,296,396,101,115,115,115],"floor_reached":50,"playtime":2341,"items_purged":["Defend_R","Defend_R"],"score":564,"play_id":"280c4458-89fa-4125-9124-f2e0e5c51ca9","local_time":"20190129210828","is_ascension_mode":true,"campfire_choices":[{"data":"Flex","floor":6,"key":"SMITH"},{"data":"Searing Blow","floor":10,"key":"SMITH"},{"data":"Searing Blow+1","floor":12,"key":"SMITH"},{"data":"Searing Blow+2","floor":15,"key":"SMITH"},{"data":"Searing Blow+3","floor":23,"key":"SMITH"},{"data":"Searing Blow+4","floor":25,"key":"SMITH"},{"data":"Searing Blow+5","floor":28,"key":"SMITH"},{"data":"Searing Blow+6","floor":32,"key":"SMITH"},{"data":"Searing Blow+7","floor":40,"key":"SMITH"},{"data":"Searing Blow+8","floor":45,"key":"SMITH"},{"data":"Searing Blow+9","floor":49,"key":"SMITH"}],"neow_cost":"TEN_PERCENT_HP_LOSS","seed_source_timestamp":10328738358800,"circlet_count":0,"master_deck":["Defend_R+1","Defend_R","Bash","Dark Shackles","Madness","Pommel Strike","True Grit","Flex+1","Searing Blow+10","Thunderclap","Offering+1","Headbutt","Master of Strategy+1","Impervious+1","Armaments+1","Dropkick","True Grit+1","Warcry+1","Bite","Bite","Bite","Bite","Seeing Red+1","Exhume+1","Warcry+1","Apotheosis+1","Shrug It Off+1","Trip+1","Shrug It Off+1","Seeing Red+1","Deep Breath+1","Seeing Red+1"],"relics":["Burning Blood","Regal Pillow","Toxic Egg 2","Sozu","Smiling Mask","Mummified Hand","Pantograph","Lizard Tail","Shovel","Charon\u0027s Ashes","Paper Frog","Juzu Bracelet","Unceasing Top","Bag of Marbles"],"potions_floor_usage":[18,27],"damage_taken":[{"damage":1,"enemies":"Jaw Worm","floor":1,"turns":5},{"damage":0,"enemies":"2 Louse","floor":4,"turns":3},{"damage":27,"enemies":"3 Sentries","floor":7,"turns":9},{"damage":3,"enemies":"Small Slimes","floor":8,"turns":3},{"damage":12,"enemies":"Blue Slaver","floor":13,"turns":2},{"damage":35,"enemies":"Hexaghost","floor":16,"turns":8},{"damage":17,"enemies":"Spheric Guardian","floor":18,"turns":4},{"damage":14,"enemies":"2 Thieves","floor":19,"turns":3},{"damage":31,"enemies":"3 Cultists","floor":21,"turns":5},{"damage":33,"enemies":"Book of Stabbing","floor":24,"turns":4},{"damage":15,"enemies":"Snecko","floor":27,"turns":4},{"damage":11,"enemies":"Centurion and Healer","floor":30,"turns":14},{"damage":6,"enemies":"3 Cultists","floor":31,"turns":3},{"damage":42,"enemies":"Automaton","floor":33,"turns":9},{"damage":6,"enemies":"Orb Walker","floor":35,"turns":2},{"damage":23,"enemies":"3 Darklings","floor":38,"turns":4},{"damage":7,"enemies":"2 Orb Walkers","floor":41,"turns":4},{"damage":15,"enemies":"Reptomancer","floor":42,"turns":4},{"damage":6,"enemies":"4 Shapes","floor":44,"turns":2},{"damage":6,"enemies":"Mind Bloom Boss Battle","floor":46,"turns":1},{"damage":13,"enemies":"Sphere and 2 Shapes","floor":48,"turns":2},{"damage":102,"enemies":"Time Eater","floor":50,"turns":9}],"seed_played":"6117986600302533247","potions_obtained":[{"floor":4,"key":"Swift Potion"},{"floor":7,"key":"Ancient Potion"},{"floor":16,"key":"EntropicBrew"}],"is_trial":false,"path_per_floor":["M","?","$","M","?","R","E","M","T","R","?","R","M","$","R","B",null,"M","M","?","M","?","R","E","R","T","M","R","T","M","M","R","B",null,"M","$","?","M","?","R","?","E","T","M","R","?","$","M","R","B"],"character_chosen":"IRONCLAD","items_purchased":["True Grit","Headbutt","Master of Strategy+1","Apotheosis+1","Shrug It Off+1","Bag of Marbles","Deep Breath+1"],"campfire_rested":0,"item_purchase_floors":[3,14,14,36,36,47,47],"current_hp_per_floor":[72,58,58,64,64,64,43,46,46,46,51,51,45,45,45,16,77,66,58,58,33,33,33,18,18,18,19,19,19,53,53,53,31,53,53,53,53,36,36,36,44,50,50,53,53,53,53,49,49,0],"gold":115,"neow_bonus":"RANDOM_COLORLESS_2","is_prod":false,"is_daily":false,"chose_seed":false,"campfire_upgraded":11,"win_rate":0,"timestamp":1548821308,"path_taken":["M","?","$","M","?","R","E","M","T","R","?","R","?","$","R","BOSS","M","M","?","M","?","R","E","R","T","M","R","?","M","?","R","BOSS","M","$","?","?","?","R","?","E","T","M","R","?","?","M","R","BOSS"],"build_version":"2019-01-23","purchased_purges":2,"victory":false,"max_hp_per_floor":[72,72,72,72,72,72,72,72,72,72,77,77,77,77,77,77,77,77,77,77,77,53,53,53,53,53,53,53,53,53,53,53,53,53,53,53,53,53,53,53,53,53,53,53,53,53,53,53,53,53],"card_choices":[{"not_picked":["Burning Pact","Warcry"],"picked":"Pommel Strike","floor":1},{"not_picked":["Anger","Sentinel"],"picked":"Flex","floor":4},{"not_picked":["Infernal Blade","Battle Trance"],"picked":"Searing Blow","floor":7},{"not_picked":["Cleave","Flex"],"picked":"Thunderclap","floor":8},{"not_picked":["Perfected Strike","Thunderclap"],"picked":"Offering+1","floor":13},{"not_picked":["Berserk","Brutality"],"picked":"Impervious+1","floor":16},{"not_picked":["Sword Boomerang","Clothesline"],"picked":"Armaments+1","floor":18},{"not_picked":["Metallicize","Iron Wave"],"picked":"Dropkick","floor":19},{"not_picked":["Clash+1","Armaments+1"],"picked":"Warcry+1","floor":21},{"not_picked":["Headbutt","Exhume+1"],"picked":"Seeing Red+1","floor":24},{"not_picked":["Body Slam","Blood for Blood","Uppercut"],"picked":"SKIP","floor":27},{"not_picked":["Bloodletting+1","Pummel","Twin Strike"],"picked":"SKIP","floor":30},{"not_picked":["Clash+1","Fire Breathing","Flame Barrier+1"],"picked":"SKIP","floor":31},{"not_picked":["Immolate","Juggernaut"],"picked":"Exhume+1","floor":33},{"not_picked":["Sword Boomerang+1","Twin Strike+1"],"picked":"Warcry+1","floor":35},{"not_picked":["Clash","True Grit+1","Iron Wave+1"],"picked":"SKIP","floor":38},{"not_picked":["Finesse+1","Dark Shackles+1"],"picked":"Trip+1","floor":39},{"not_picked":["Uppercut","Thunderclap","Body Slam+1"],"picked":"SKIP","floor":42},{"not_picked":["Pummel","Barricade"],"picked":"Shrug It Off+1","floor":44},{"not_picked":["Blood for Blood+1","Anger"],"picked":"Seeing Red+1","floor":46},{"not_picked":["Metallicize","Havoc+1"],"picked":"Seeing Red+1","floor":48}],"player_experience":275494,"relics_obtained":[{"floor":7,"key":"Regal Pillow"},{"floor":9,"key":"Toxic Egg 2"},{"floor":24,"key":"Smiling Mask"},{"floor":26,"key":"Mummified Hand"},{"floor":29,"key":"Pantograph"},{"floor":41,"key":"Charon\u0027s Ashes"},{"floor":42,"key":"Paper Frog"},{"floor":43,"key":"Juzu Bracelet"},{"floor":46,"key":"Unceasing Top"}],"event_choices":[{"damage_healed":0,"gold_gain":0,"player_choice":"Entered Light","damage_taken":14,"max_hp_gain":0,"max_hp_loss":0,"event_name":"Shining Light","floor":2,"gold_loss":0,"cards_upgraded":["Defend_R","Strike_R"]},{"damage_healed":0,"gold_gain":0,"player_choice":"Ignored","damage_taken":0,"max_hp_gain":0,"max_hp_loss":0,"event_name":"Liars Game","floor":5,"gold_loss":0},{"damage_healed":0,"gold_gain":0,"player_choice":"Donut","damage_taken":0,"max_hp_gain":5,"max_hp_loss":0,"event_name":"Big Fish","floor":11,"gold_loss":0},{"damage_healed":0,"gold_gain":0,"player_choice":"Read","damage_taken":0,"max_hp_gain":0,"max_hp_loss":0,"event_name":"The Library","floor":20,"gold_loss":0,"cards_obtained":["True Grit"]},{"damage_healed":0,"gold_gain":0,"player_choice":"Became a vampire","damage_taken":0,"max_hp_gain":0,"max_hp_loss":24,"event_name":"Vampires","floor":22,"gold_loss":0,"cards_obtained":["Bite","Bite","Bite","Bite","Bite"]},{"cards_removed":["Bite"],"damage_healed":0,"gold_gain":0,"player_choice":"Gave Card","damage_taken":0,"relics_obtained":["Shovel"],"max_hp_gain":0,"max_hp_loss":0,"event_name":"WeMeetAgain","floor":37,"gold_loss":0},{"damage_healed":0,"gold_gain":0,"player_choice":"Memory 1","damage_taken":0,"max_hp_gain":0,"max_hp_loss":0,"event_name":"SensoryStone","floor":39,"gold_loss":0},{"damage_healed":0,"gold_gain":0,"player_choice":"Fight","damage_taken":0,"max_hp_gain":0,"max_hp_loss":0,"event_name":"Mysterious Sphere","floor":41,"gold_loss":0},{"damage_healed":0,"gold_gain":0,"player_choice":"Fight","damage_taken":0,"max_hp_gain":0,"max_hp_loss":0,"event_name":"MindBloom","floor":46,"gold_loss":0}],"is_beta":false,"boss_relics":[{"not_picked":["Runic Pyramid","Pandora\u0027s Box"],"picked":"Sozu"},{"not_picked":["Orrery","Velvet Choker"],"picked":"Lizard Tail"}],"items_purged_floors":[36,47],"is_endless":false,"potions_floor_spawned":[4,7,16,21,24,27,30,38,41,46,48],"killed_by":"Time Eater","ascension_level":1}