{"gold_per_floor":[20,40,40,56,68,68,93,93,93,124,137,167,167,187,187,290,290,309,8,8,8,20,20,33,45,45,45,45,64,64,97,97,193,193,210,1209,1226,1301,1314,1314,1314],"floor_reached":41,"playtime":3392,"items_purged":[],"score":655,"play_id":"79e04f67-a4c9-4437-b403-ce12e73067c8","local_time":"20190122163314","is_ascension_mode":true,"campfire_choices":[{"data":"Dualcast","floor":6,"key":"SMITH"},{"data":"Biased Cognition","floor":8,"key":"SMITH"},{"data":"Redo","floor":15,"key":"SMITH"},{"data":"Capacitor","floor":23,"key":"SMITH"},{"data":"Conserve Battery","floor":32,"key":"SMITH"},{"data":"Chaos","floor":40,"key":"SMITH"}],"neow_cost":"NO_GOLD","seed_source_timestamp":1107910637597801,"circlet_count":0,"master_deck":["Defend_B","Defend_B","Defend_B","Defend_B","Zap+1","Dualcast+1","Electrodynamics","Melter","Biased Cognition+1","Capacitor+1","Conserve Battery","Redo+1","Echo Form","Injury","Pain","Shame","Cold Snap","Cold Snap","Shame","Bite","Bite","Bite","Bite","Bite","Compile Driver","Chaos+1","Ghostly","Ghostly","Ghostly","Ghostly","Ghostly","Conserve Battery+1","Creative AI+1","Loop+1","Normality","Normality","Undo+1"],"relics":["Cracked Core","Whetstone","Blue Candle","Bottled Lightning","Calling Bell","Strawberry","Ornamental Fan","Bird Faced Urn","Frozen Egg 2","Bag of Marbles","Dodecahedron","Mummified Hand","Darkstone Periapt","Coffee Dripper"],"potions_floor_usage":[10,12,16,31,31,37,39],"damage_taken":[{"damage":0,"enemies":"Small Slimes","floor":1,"turns":4},{"damage":6,"enemies":"2 Louse","floor":2,"turns":3},{"damage":1,"enemies":"Cultist","floor":4,"turns":3},{"damage":0,"enemies":"Looter","floor":5,"turns":3},{"damage":16,"enemies":"Lagavulin","floor":7,"turns":6},{"damage":4,"enemies":"3 Sentries","floor":10,"turns":3},{"damage":2,"enemies":"3 Louse","floor":11,"turns":2},{"damage":12,"enemies":"Gremlin Nob","floor":12,"turns":4},{"damage":0,"enemies":"Gremlin Gang","floor":14,"turns":2},{"damage":29,"enemies":"Hexaghost","floor":16,"turns":8},{"damage":37,"enemies":"Shell Parasite","floor":18,"turns":5},{"damage":20,"enemies":"2 Thieves","floor":22,"turns":4},{"damage":7,"enemies":"Cultist and Chosen","floor":24,"turns":5},{"damage":32,"enemies":"Snecko","floor":25,"turns":6},{"damage":3,"enemies":"Centurion and Healer","floor":29,"turns":9},{"damage":22,"enemies":"Gremlin Leader","floor":31,"turns":9},{"damage":9,"enemies":"Champ","floor":33,"turns":13},{"damage":0,"enemies":"3 Shapes","floor":35,"turns":3},{"damage":10,"enemies":"3 Darklings","floor":37,"turns":3},{"damage":35,"enemies":"4 Shapes","floor":39,"turns":4},{"damage":33,"enemies":"Spire Growth","floor":41,"turns":4}],"seed_played":"-4724639198159388276","potions_obtained":[{"floor":7,"key":"SkillPotion"},{"floor":10,"key":"SpeedPotion"},{"floor":12,"key":"AttackPotion"},{"floor":14,"key":"FairyPotion"},{"floor":18,"key":"Dexterity Potion"},{"floor":24,"key":"SpeedPotion"},{"floor":33,"key":"EssenceOfSteel"},{"floor":37,"key":"Swift Potion"},{"floor":39,"key":"Poison Potion"}],"is_trial":false,"path_per_floor":["M","M","?","M","M","R","E","R","T","E","M","E","?","M","R","B",null,"M","$","?","?","M","R","M","M","T","?","T","M","?","E","R","B",null,"M","?","M","?","M","R","M"],"character_chosen":"DEFECT","items_purchased":["Frozen Egg 2","Cold Snap"],"campfire_rested":0,"item_purchase_floors":[19,19],"current_hp_per_floor":[75,69,69,68,68,68,52,52,52,48,46,34,34,34,34,5,82,49,49,49,49,41,41,46,30,30,28,28,28,28,28,28,28,28,28,40,36,32,12,12,0],"gold":1314,"neow_bonus":"THREE_RARE_CARDS","is_prod":false,"is_daily":false,"chose_seed":false,"campfire_upgraded":6,"win_rate":0,"timestamp":1548196394,"path_taken":["M","M","?","M","M","R","E","R","T","E","M","E","?","?","R","BOSS","M","$","?","?","M","R","M","M","T","?","?","?","?","E","R","BOSS","M","?","M","?","?","R","M"],"build_version":"2019-01-17v2","purchased_purges":0,"victory":false,"max_hp_per_floor":[75,75,75,75,75,75,75,75,75,75,75,75,75,75,75,75,82,82,82,82,57,57,57,57,57,57,28,28,28,28,28,28,28,28,28,40,40,40,40,40,40],"card_choices":[{"not_picked":["Reboot","Rainbow"],"picked":"Electrodynamics","floor":0},{"not_picked":["Leap","Streamline","Static Discharge"],"picked":"SKIP","floor":1},{"not_picked":["Steam","Beam Cell","Static Discharge"],"picked":"SKIP","floor":2},{"not_picked":["Coolheaded","Leap","Scrape"],"picked":"SKIP","floor":4},{"not_picked":["Turbo","Coolheaded"],"picked":"Melter","floor":5},{"not_picked":["Beam Cell","Steam"],"picked":"Biased Cognition","floor":7},{"not_picked":["Hologram","Melter","Hello World"],"picked":"SKIP","floor":10},{"not_picked":["Hologram","Double Energy"],"picked":"Capacitor","floor":11},{"not_picked":["Reinforced Body","Ball Lightning"],"picked":"Conserve Battery","floor":12},{"not_picked":["Chaos","Rebound"],"picked":"Redo","floor":14},{"not_picked":["Rainbow","Amplify"],"picked":"Echo Form","floor":16},{"not_picked":["Ball Lightning","Hello World"],"picked":"Cold Snap","floor":18},{"not_picked":["Leap","Go for the Eyes"],"picked":"Compile Driver","floor":22},{"not_picked":["Steam","Go for the Eyes","Gash"],"picked":"SKIP","floor":24},{"not_picked":["Rebound","Ball Lightning"],"picked":"Chaos","floor":25},{"not_picked":["Rip and Tear","Tempest","Beam Cell"],"picked":"SKIP","floor":29},{"not_picked":["Darkness+1","Stack+1"],"picked":"Conserve Battery","floor":31},{"not_picked":["All For One","Rainbow"],"picked":"Creative AI+1","floor":33},{"not_picked":["Melter+1","Stack+1"],"picked":"Loop+1","floor":35},{"not_picked":["Streamline+1","Turbo","Sweeping Beam"],"picked":"SKIP","floor":37},{"not_picked":["White Noise","Stack"],"picked":"Undo+1","floor":39}],"player_experience":282333,"relics_obtained":[{"floor":7,"key":"Whetstone"},{"floor":10,"key":"Blue Candle"},{"floor":12,"key":"Bottled Lightning"},{"floor":17,"key":"Strawberry"},{"floor":17,"key":"Ornamental Fan"},{"floor":17,"key":"Bird Faced Urn"},{"floor":26,"key":"Dodecahedron"},{"floor":28,"key":"Mummified Hand"},{"floor":31,"key":"Darkstone Periapt"}],"event_choices":[{"damage_healed":0,"gold_gain":0,"player_choice":"Grow","damage_taken":0,"max_hp_gain":0,"max_hp_loss":0,"event_name":"Living Wall","floor":3,"gold_loss":0,"cards_upgraded":["Zap"]},{"damage_healed":0,"gold_gain":0,"player_choice":"0 cards matched","damage_taken":0,"max_hp_gain":0,"max_hp_loss":0,"event_name":"Match and Keep!","floor":13,"gold_loss":0,"cards_obtained":[]},{"damage_healed":0,"gold_gain":0,"player_choice":"Stole Relic","damage_taken":0,"relics_obtained":["Bag of Marbles"],"max_hp_gain":0,"max_hp_loss":0,"event_name":"Addict","floor":20,"gold_loss":0,"cards_obtained":["Shame"]},{"damage_healed":0,"gold_gain":0,"player_choice":"Became a vampire","damage_taken":0,"max_hp_gain":0,"max_hp_loss":25,"event_name":"Vampires","floor":21,"gold_loss":0,"cards_obtained":["Bite","Bite","Bite","Bite","Bite"]},{"damage_healed":0,"gold_gain":0,"player_choice":"Became a Ghost","damage_taken":0,"max_hp_gain":0,"max_hp_loss":29,"event_name":"Ghosts","floor":27,"gold_loss":0,"cards_obtained":["Ghostly","Ghostly","Ghostly","Ghostly","Ghostly"]},{"damage_healed":0,"gold_gain":0,"player_choice":"Bought 0 Potions","damage_taken":0,"max_hp_gain":0,"max_hp_loss":0,"event_name":"The Woman in Blue","floor":30,"gold_loss":0},{"damage_healed":0,"gold_gain":999,"player_choice":"Gold","damage_taken":0,"max_hp_gain":0,"max_hp_loss":0,"event_name":"MindBloom","floor":36,"gold_loss":0,"cards_obtained":["Normality","Normality"]},{"damage_healed":0,"gold_gain":75,"player_choice":"Touch","damage_taken":4,"max_hp_gain":0,"max_hp_loss":0,"event_name":"FaceTrader","floor":38,"gold_loss":0}],"is_beta":false,"boss_relics":[{"not_picked":["Empty Cage","Tiny House"],"picked":"Calling Bell"},{"not_picked":["Inserter","FrozenCore"],"picked":"Coffee Dripper"}],"items_purged_floors":[],"is_endless":false,"potions_floor_spawned":[7,10,12,14,18,24,33,37,39],"killed_by":"Spire Growth","ascension_level":1}