{"gold_per_floor":[20,31,31,51,67,67,100,100,100,127,139,168,180,207,219,335,347,379,391,418,630,657,669,43,43,95,123,123,154,154,254,254,350,350,365,465,465,16,316,344,344,360,431,449,469,495,514,514,514,514],"floor_reached":51,"playtime":4351,"items_purged":["Strike_R"],"score":788,"play_id":"0512da56-9376-4841-9f11-e6f1c2c66127","local_time":"20181029024025","is_ascension_mode":true,"campfire_choices":[{"data":"Warcry","floor":6.0,"key":"SMITH"},{"data":"Carnage","floor":8.0,"key":"SMITH"},{"data":"Clothesline","floor":13.0,"key":"SMITH"},{"data":"Rampage","floor":15.0,"key":"SMITH"},{"data":"Double Tap","floor":23.0,"key":"SMITH"},{"data":"Trip","floor":25.0,"key":"SMITH"},{"data":"Metallicize","floor":30.0,"key":"SMITH"},{"data":"Bash","floor":32.0,"key":"SMITH"},{"data":"Secret Technique","floor":41,"key":"SMITH"},{"floor":49,"key":"REST"}],"neow_cost":"NO_GOLD","seed_source_timestamp":0,"circlet_count":0,"master_deck":["Strike_R","Strike_R","Strike_R","Defend_R","Defend_R","Defend_R","Bash+1","Warcry+1","Clothesline+1","Carnage+1","Rampage+1","Feel No Pain","Intimidate","Iron Wave","Double Tap+1","Intimidate","Infernal Blade+1","Pommel Strike+1","Trip+1","Metallicize+1","Rampage","Shrug It Off+1","Iron Wave","Barricade","Headbutt+1","Pommel Strike+1","Apotheosis","Secret Technique+1","Apotheosis","Thunderclap+1","Intimidate","Carnage+1","Disarm","Ghostly Armor","Burning Pact"],"special_seed":0,"relics":["Burning Blood","Pantograph","Sundial","Letter Opener","MawBank","Sozu","Toolbox","Bottled Flame","Juzu Bracelet","Meat on the Bone","Dodecahedron","Du-Vu Doll","The Courier","Mark of Pain","Calipers","Molten Egg 2","Blue Candle","Gremlin Horn","Question Card","Paper Frog"],"potions_floor_usage":[],"damage_taken":[{"damage":3.0,"enemies":"Jaw Worm","floor":1.0,"turns":4.0},{"damage":1.0,"enemies":"Cultist","floor":2.0,"turns":5.0},{"damage":2.0,"enemies":"Small Slimes","floor":4.0,"turns":4.0},{"damage":16.0,"enemies":"Red Slaver","floor":5.0,"turns":5.0},{"damage":40.0,"enemies":"3 Sentries","floor":7.0,"turns":8.0},{"damage":12.0,"enemies":"Gremlin Nob","floor":10.0,"turns":3.0},{"damage":16.0,"enemies":"Large Slime","floor":12.0,"turns":3.0},{"damage":5.0,"enemies":"Gremlin Gang","floor":14.0,"turns":5.0},{"damage":29.0,"enemies":"Hexaghost","floor":16.0,"turns":9.0},{"damage":19.0,"enemies":"2 Thieves","floor":18.0,"turns":3.0},{"damage":0.0,"enemies":"Spheric Guardian","floor":20.0,"turns":3.0},{"damage":35.0,"enemies":"Centurion and Healer","floor":22.0,"turns":6.0},{"damage":27.0,"enemies":"Book of Stabbing","floor":27.0,"turns":5.0},{"damage":30.0,"enemies":"Slavers","floor":29.0,"turns":6.0},{"damage":23.0,"enemies":"Colosseum Slavers","floor":31.0,"turns":4.0},{"damage":14.0,"enemies":"Colosseum Nobs","floor":31.0,"turns":4.0},{"damage":21.0,"enemies":"Champ","floor":33.0,"turns":9.0},{"damage":36.0,"enemies":"3 Darklings","floor":35.0,"turns":6.0},{"damage":5.0,"enemies":"Mind Bloom Boss Battle","floor":36.0,"turns":5.0},{"damage":19,"enemies":"Reptomancer","floor":40,"turns":7},{"damage":22,"enemies":"Orb Walker","floor":42,"turns":3},{"damage":10,"enemies":"Transient","floor":44,"turns":5},{"damage":15,"enemies":"Sphere and 2 Shapes","floor":45,"turns":5},{"damage":22,"enemies":"Nemesis","floor":46,"turns":11},{"damage":20,"enemies":"Maw","floor":47,"turns":7},{"damage":51,"enemies":"Time Eater","floor":50,"turns":13}],"seed_played":"-5941066112739764732","potions_obtained":[{"floor":4.0,"key":"FearPotion"},{"floor":5.0,"key":"Regen Potion"},{"floor":7.0,"key":"AttackPotion"}],"is_trial":false,"path_per_floor":["M","M","?","M","M","R","E","R","T","E","$","M","R","M","R","B",null,"M","$","M","?","M","R","$","R","T","E","?","E","R","?","R","B",null,"M","?","?","$","?","E","R","M","T","M","M","E","M","?","R","B"],"character_chosen":"IRONCLAD","items_purchased":["Toolbox","Trip","Metallicize","Bottled Flame","Molten Egg 2","Blue Candle"],"campfire_rested":1,"item_purchase_floors":[24,24,24,24,38,38],"current_hp_per_floor":[80,80,80,80,70,70,51,51,51,45,45,35,35,36,36,38,80,67,67,73,73,44,44,44,44,44,23,49,37,37,36,36,58,80,50,76,66,66,66,53,53,49,49,57,48,44,42,42,66,47],"gold":514,"neow_bonus":"REMOVE_TWO","is_prod":false,"is_daily":false,"chose_seed":false,"campfire_upgraded":9,"win_rate":0,"timestamp":1540795225,"path_taken":["M","M","?","M","M","R","E","R","T","E","$","M","R","M","R","BOSS","M","?","M","?","M","R","$","R","T","E","?","E","R","?","R","BOSS","M","?","?","?","?","E","R","M","T","M","M","E","M","?","R","BOSS"],"build_version":"2018-10-25v2","purchased_purges":1,"victory":true,"max_hp_per_floor":[80,80,80,80,80,80,80,80,80,80,80,80,80,80,80,80,80,80,80,80,80,80,80,80,80,80,80,80,80,80,80,80,80,80,80,80,80,80,80,80,80,80,80,80,80,80,80,80,80,80],"card_choices":[{"not_picked":["Sword Boomerang","Rage"],"picked":"Warcry","floor":1.0},{"not_picked":["Perfected Strike","Clash"],"picked":"Pommel Strike","floor":2.0},{"not_picked":["Flame Barrier","Shockwave"],"picked":"Clothesline","floor":4.0},{"not_picked":["Anger","Heavy Blade"],"picked":"Carnage","floor":5.0},{"not_picked":["Shrug It Off","Perfected Strike"],"picked":"Rampage","floor":7.0},{"not_picked":["Iron Wave","Inflame"],"picked":"Feel No Pain","floor":10.0},{"not_picked":["Anger","Blood for Blood"],"picked":"Intimidate","floor":12.0},{"not_picked":["Pommel Strike","Bludgeon"],"picked":"Iron Wave","floor":14.0},{"not_picked":["Reaper","Bludgeon"],"picked":"Double Tap","floor":16.0},{"not_picked":["Armaments","Thunderclap"],"picked":"Intimidate","floor":18.0},{"not_picked":["Inflame","Feel No Pain"],"picked":"Infernal Blade+1","floor":20.0},{"not_picked":["Rupture","Corruption"],"picked":"Pommel Strike+1","floor":22.0},{"not_picked":["Hemokinesis","Flex"],"picked":"Rampage","floor":27.0},{"not_picked":["Double Tap","Wild Strike"],"picked":"Shrug It Off+1","floor":29.0},{"not_picked":["Inflame","Ghostly Armor"],"picked":"Iron Wave","floor":31.0},{"not_picked":["Bludgeon","Reaper"],"picked":"Barricade","floor":33.0},{"not_picked":["Whirlwind+1","Body Slam"],"picked":"Headbutt+1","floor":35.0},{"not_picked":["Cleave+1","Flex+1"],"picked":"Pommel Strike+1","floor":36.0},{"not_picked":["Finesse","Swift Strike"],"picked":"Apotheosis","floor":37.0},{"not_picked":["Flash of Steel","Trip"],"picked":"Secret Technique","floor":37.0},{"not_picked":["Dark Shackles","Flash of Steel"],"picked":"Apotheosis","floor":37.0},{"not_picked":["Armaments+1","Fire Breathing"],"picked":"Thunderclap+1","floor":40},{"not_picked":["Thunderclap+1","Rupture+1"],"picked":"Intimidate","floor":42},{"not_picked":["Intimidate","Wild Strike+1","Twin Strike+1"],"picked":"Carnage+1","floor":44},{"not_picked":["Anger+1","Sword Boomerang+1","Pommel Strike+1"],"picked":"Disarm","floor":45},{"not_picked":["Hemokinesis+1","Bloodletting+1","Reckless Charge+1"],"picked":"Ghostly Armor","floor":46},{"not_picked":["Havoc+1","Dropkick+1","Cleave+1"],"picked":"Burning Pact","floor":47}],"player_experience":189271,"relics_obtained":[{"floor":7.0,"key":"Sundial"},{"floor":9.0,"key":"Letter Opener"},{"floor":10.0,"key":"MawBank"},{"floor":26.0,"key":"Juzu Bracelet"},{"floor":27.0,"key":"Meat on the Bone"},{"floor":29.0,"key":"Dodecahedron"},{"floor":31.0,"key":"Du-Vu Doll"},{"floor":31.0,"key":"The Courier"},{"floor":36.0,"key":"Calipers"},{"floor":40,"key":"Gremlin Horn"},{"floor":43,"key":"Question Card"},{"floor":46,"key":"Paper Frog"}],"event_choices":[{"cards_removed":["Pommel Strike"],"damage_healed":0.0,"max_hp_gain":0.0,"max_hp_loss":0.0,"gold_gain":0.0,"event_name":"WeMeetAgain","player_choice":"Gave Card","floor":3.0,"gold_loss":0.0,"damage_taken":0.0,"relics_obtained":["Pantograph"]},{"damage_healed":0.0,"max_hp_gain":0.0,"max_hp_loss":0.0,"gold_gain":250.0,"event_name":"The Joust","player_choice":"Bet on Owner","floor":21.0,"gold_loss":50.0,"damage_taken":0.0},{"damage_healed":26.0,"max_hp_gain":0.0,"max_hp_loss":0.0,"gold_gain":0.0,"event_name":"The Library","player_choice":"Heal","floor":28.0,"gold_loss":0.0,"damage_taken":0.0},{"damage_healed":0.0,"max_hp_gain":0.0,"max_hp_loss":0.0,"gold_gain":0.0,"event_name":"Colosseum","player_choice":"Fight","floor":31.0,"gold_loss":0.0,"damage_taken":0.0},{"damage_healed":0.0,"max_hp_gain":0.0,"max_hp_loss":0.0,"gold_gain":0.0,"event_name":"Colosseum","player_choice":"Fought Nobs","floor":31.0,"gold_loss":0.0,"damage_taken":0.0},{"damage_healed":0.0,"max_hp_gain":0.0,"max_hp_loss":0.0,"gold_gain":0.0,"event_name":"MindBloom","player_choice":"Fight","floor":36.0,"gold_loss":0.0,"damage_taken":0.0},{"damage_healed":0.0,"max_hp_gain":0.0,"max_hp_loss":0.0,"gold_gain":0.0,"event_name":"SensoryStone","player_choice":"Memory 3","floor":37.0,"gold_loss":0.0,"damage_taken":10.0},{"damage_healed":0.0,"max_hp_gain":0.0,"max_hp_loss":0.0,"gold_gain":300.0,"event_name":"Wheel of Change","player_choice":"Gold","floor":39.0,"gold_loss":0.0,"damage_taken":0.0},{"damage_healed":0,"gold_gain":0,"player_choice":"Ignored","damage_taken":0,"max_hp_gain":0,"max_hp_loss":0,"event_name":"Mysterious Sphere","floor":48,"gold_loss":0}],"is_beta":false,"boss_relics":[{"not_picked":["Black Star","Velvet Choker"],"picked":"Sozu"},{"not_picked":["Runic Dome","Snecko Eye"],"picked":"Mark of Pain"}],"items_purged_floors":[38],"is_endless":false,"potions_floor_spawned":[4,5,7,20,31,31,40,44,45],"ascension_level":1}