{"gold_per_floor":[16,16,41,41,56,99,99,99,99,150,195,228,240,267,279,291],"floor_reached":16,"playtime":574,"items_purged":[],"score":165,"play_id":"967a3eed-5312-467c-aeab-f22d8afd2050","local_time":"20190124212637","is_ascension_mode":true,"campfire_choices":[{"data":"Bouncing Flask","floor":15,"key":"SMITH"}],"neow_cost":"NO_GOLD","seed_source_timestamp":521220664246888,"circlet_count":0,"master_deck":["AscendersBane","Defend_G","Defend_G","Defend_G","Strike_G","Strike_G","Strike_G","Strike_G","Survivor+1","Neutralize","Backflip+1","Deadly Poison","Dagger Throw","Flying Knee","Bouncing Flask+1","PiercingWail","Dodge and Roll","Prepared"],"relics":["Ring of the Snake","Golden Idol","Mercury Hourglass","Dodecahedron","MawBank","Juzu Bracelet","Odd Mushroom"],"potions_floor_usage":[6,6,10],"damage_taken":[{"damage":4,"enemies":"2 Louse","floor":1,"turns":4},{"damage":0,"enemies":"Small Slimes","floor":3,"turns":4},{"damage":0,"enemies":"Jaw Worm","floor":5,"turns":4},{"damage":39,"enemies":"Gremlin Nob","floor":6,"turns":5},{"damage":10,"enemies":"3 Sentries","floor":10,"turns":7},{"damage":3,"enemies":"The Mushroom Lair","floor":11,"turns":4},{"damage":1,"enemies":"3 Louse","floor":12,"turns":3},{"damage":0,"enemies":"Blue Slaver","floor":14,"turns":3},{"damage":32,"enemies":"Slime Boss","floor":16,"turns":5}],"seed_played":"2166626030568717656","potions_obtained":[{"floor":3,"key":"Regen Potion"},{"floor":5,"key":"Energy Potion"},{"floor":6,"key":"Energy Potion"},{"floor":10,"key":"Weak Potion"}],"is_trial":false,"path_per_floor":["M","?","M","?","M","E","T","?","T","E","?","M","?","M","R","B"],"character_chosen":"THE_SILENT","items_purchased":[],"campfire_rested":0,"item_purchase_floors":[],"current_hp_per_floor":[59,59,59,52,52,27,27,48,48,38,35,34,21,21,21,0],"gold":291,"neow_bonus":"REMOVE_TWO","is_prod":false,"is_daily":false,"chose_seed":false,"campfire_upgraded":1,"win_rate":0,"timestamp":1548386797,"path_taken":["M","?","M","?","M","E","?","?","T","E","?","M","?","M","R","BOSS"],"build_version":"2019-01-23","purchased_purges":0,"victory":false,"max_hp_per_floor":[70,65,65,65,65,65,65,65,65,65,65,65,65,65,65,65],"card_choices":[{"not_picked":["Flying Knee","Sucker Punch"],"picked":"Backflip","floor":1},{"not_picked":["Catalyst","Slice"],"picked":"Deadly Poison","floor":3},{"not_picked":["Prepared","Terror"],"picked":"Dagger Throw","floor":5},{"not_picked":["Dagger Throw","Underhanded Strike"],"picked":"Flying Knee","floor":6},{"not_picked":["Backflip","Dagger Spray"],"picked":"Bouncing Flask","floor":10},{"not_picked":["Masterful Stab","Dagger Throw"],"picked":"PiercingWail","floor":11},{"not_picked":["Acrobatics","Outmaneuver"],"picked":"Dodge and Roll","floor":12},{"not_picked":["Dagger Throw","Bouncing Flask"],"picked":"Prepared","floor":14}],"player_experience":206627,"relics_obtained":[{"floor":6,"key":"Mercury Hourglass"},{"floor":7,"key":"Dodecahedron"},{"floor":9,"key":"MawBank"},{"floor":10,"key":"Juzu Bracelet"},{"floor":11,"key":"Odd Mushroom"}],"event_choices":[{"damage_healed":0,"gold_gain":0,"player_choice":"Lose Max HP","damage_taken":0,"relics_obtained":["Golden Idol"],"max_hp_gain":0,"max_hp_loss":5,"event_name":"Golden Idol","floor":2,"gold_loss":0},{"cards_removed":["Defend_G"],"damage_healed":0,"gold_gain":0,"player_choice":"Card Removal","damage_taken":7,"max_hp_gain":0,"max_hp_loss":0,"event_name":"Golden Wing","floor":4,"gold_loss":0},{"damage_healed":21,"gold_gain":0,"player_choice":"Banana","damage_taken":0,"max_hp_gain":0,"max_hp_loss":0,"event_name":"Big Fish","floor":8,"gold_loss":0},{"damage_healed":0,"gold_gain":0,"player_choice":"Fought Mushrooms","damage_taken":0,"max_hp_gain":0,"max_hp_loss":0,"event_name":"Mushrooms","floor":11,"gold_loss":0},{"damage_healed":0,"gold_gain":0,"player_choice":"Entered Light","damage_taken":13,"max_hp_gain":0,"max_hp_loss":0,"event_name":"Shining Light","floor":13,"gold_loss":0,"cards_upgraded":["Survivor","Backflip"]}],"is_beta":false,"boss_relics":[],"items_purged_floors":[],"is_endless":false,"potions_floor_spawned":[3,5,6,10],"killed_by":"Slime Boss","ascension_level":10}