{"gold_per_floor":[113,288,363,119,119,147,147,161,161,190,208,208,236,253,253,348,398,417,431,431,447,462,462,480,480,504,521,36,54,54,54],"floor_reached":31,"playtime":3612,"items_purged":["Doubt"],"score":282,"play_id":"3e81488e-eeae-490f-a69e-f164caca799c","local_time":"20190206183238","is_ascension_mode":false,"campfire_choices":[{"floor":7,"key":"REST"},{"floor":12,"key":"REST"},{"floor":15,"key":"RECALL"},{"floor":23,"key":"REST"},{"floor":25,"key":"REST"}],"neow_cost":"NONE","seed_source_timestamp":772237950054572,"circlet_count":0,"master_deck":["Defend_G","Defend_G","Defend_G","Defend_G","Strike_G","Strike_G","Strike_G","Strike_G","Strike_G","Survivor","Neutralize","Dagger Spray","Noxious Fumes+1","Crippling Poison","Leg Sweep","Expertise","Leg Sweep","Cloak And Dagger+1","Storm of Steel","Terror","Deflect","Setup","Bullet Time","Bouncing Flask","Dagger Spray+1","Noxious Fumes+1","Catalyst","Corpse Explosion","Noxious Fumes","Footwork"],"relics":["WristBlade","Bronze Scales","PreservedInsect","Bird Faced Urn","Matryoshka","Tiny House","Blood Vial","Singing Bowl"],"potions_floor_usage":[4,16,16,17,22,29,31,31,31],"damage_taken":[{"damage":7,"enemies":"Jaw Worm","floor":1,"turns":3},{"damage":28,"enemies":"3 Sentries","floor":6,"turns":7},{"damage":0,"enemies":"Small Slimes","floor":8,"turns":3},{"damage":8,"enemies":"Lagavulin","floor":10,"turns":6},{"damage":0,"enemies":"Cultist","floor":11,"turns":4},{"damage":13,"enemies":"3 Sentries","floor":13,"turns":6},{"damage":7,"enemies":"Exordium Thugs","floor":14,"turns":4},{"damage":10,"enemies":"Slime Boss","floor":16,"turns":8},{"damage":25,"enemies":"2 Thieves","floor":18,"turns":4},{"damage":6,"enemies":"Shell Parasite","floor":19,"turns":7},{"damage":35,"enemies":"3 Cultists","floor":21,"turns":6},{"damage":14,"enemies":"Snake Plant","floor":22,"turns":4},{"damage":12,"enemies":"Cultist and Chosen","floor":24,"turns":6},{"damage":17,"enemies":"Centurion and Healer","floor":27,"turns":5},{"damage":30,"enemies":"Snecko","floor":29,"turns":6},{"damage":23,"enemies":"Book of Stabbing","floor":31,"turns":3}],"seed_played":"-4050632109749975226","potions_obtained":[{"floor":8,"key":"Fire Potion"},{"floor":11,"key":"SteroidPotion"},{"floor":14,"key":"SpeedPotion"},{"floor":17,"key":"Fruit Juice"},{"floor":18,"key":"Explosive Potion"},{"floor":22,"key":"Weak Potion"},{"floor":24,"key":"LiquidBronze"},{"floor":29,"key":"SkillPotion"}],"is_trial":false,"path_per_floor":["M","?","?","$","?","E","R","M","T","E","M","R","E","M","R","B",null,"M","M","?","M","M","R","M","R","T","M","$","M","?","E"],"character_chosen":"THE_SILENT","items_purchased":["Noxious Fumes","Fruit Juice","Corpse Explosion","Noxious Fumes","Singing Bowl"],"campfire_rested":4,"item_purchase_floors":[4,4,28,28,28],"current_hp_per_floor":[63,63,52,57,57,29,51,51,51,43,45,67,56,51,51,43,85,60,56,56,23,9,34,24,49,49,38,38,12,12,0],"gold":54,"neow_bonus":"BOSS_RELIC","is_prod":false,"is_daily":false,"chose_seed":false,"campfire_upgraded":0,"win_rate":0,"timestamp":1549485158,"path_taken":["M","?","?","$","?","E","R","M","T","E","M","R","E","M","R","BOSS","M","?","?","?","M","R","?","R","T","M","$","M","?","E"],"build_version":"2019-01-23","purchased_purges":1,"victory":false,"max_hp_per_floor":[70,70,70,75,75,75,75,75,75,75,75,75,75,75,75,75,85,85,85,85,85,85,85,85,85,85,85,85,85,85,85],"card_choices":[{"not_picked":["Concentrate","Prepared"],"picked":"Dagger Spray","floor":1},{"not_picked":["Dagger Throw","Sucker Punch","Backflip"],"picked":"SKIP","floor":6},{"not_picked":["Eviscerate","Heel Hook"],"picked":"Crippling Poison","floor":8},{"not_picked":["Eviscerate","Flying Knee"],"picked":"Leg Sweep","floor":10},{"not_picked":["Quick Slash","Poisoned Stab"],"picked":"Expertise","floor":11},{"not_picked":["Predator","Tools of the Trade"],"picked":"Leg Sweep","floor":13},{"not_picked":["Setup","Bane"],"picked":"Cloak And Dagger","floor":14},{"not_picked":["Grand Finale","Wraith Form v2"],"picked":"Storm of Steel","floor":16},{"not_picked":["Heel Hook","Bane"],"picked":"Terror","floor":17},{"not_picked":["Eviscerate","Bane"],"picked":"Deflect","floor":18},{"not_picked":["Backflip+1","Dash"],"picked":"Setup","floor":19},{"not_picked":["Quick Slash","Prepared"],"picked":"Bouncing Flask","floor":21},{"not_picked":["Dodge and Roll","Quick Slash"],"picked":"Dagger Spray+1","floor":22},{"not_picked":["Sucker Punch","Acrobatics"],"picked":"Noxious Fumes+1","floor":24},{"not_picked":["Backflip+1","Blur+1"],"picked":"Catalyst","floor":27},{"not_picked":["Flying Knee","Blur+1"],"picked":"Footwork","floor":29}],"player_experience":364004,"relics_obtained":[{"floor":6,"key":"Bronze Scales"},{"floor":9,"key":"PreservedInsect"},{"floor":10,"key":"Bird Faced Urn"},{"floor":13,"key":"Matryoshka"},{"floor":26,"key":"Blood Vial"}],"event_choices":[{"damage_healed":0,"gold_gain":175,"player_choice":"AGREE","damage_taken":0,"max_hp_gain":0,"max_hp_loss":0,"event_name":"Liars Game","floor":2,"gold_loss":0,"cards_obtained":["Doubt"]},{"damage_healed":0,"gold_gain":75,"player_choice":"Gather Gold","damage_taken":11,"max_hp_gain":0,"max_hp_loss":0,"event_name":"World of Goop","floor":3,"gold_loss":0},{"damage_healed":0,"gold_gain":0,"player_choice":"Upgraded","damage_taken":0,"max_hp_gain":0,"max_hp_loss":0,"event_name":"Upgrade Shrine","floor":5,"gold_loss":0,"cards_upgraded":["Noxious Fumes"]},{"damage_healed":0,"gold_gain":0,"cards_transformed":["Defend_G"],"player_choice":"Transformed","damage_taken":0,"max_hp_gain":0,"max_hp_loss":0,"event_name":"Transmorgrifier","floor":20,"gold_loss":0,"cards_obtained":["Bullet Time"]},{"damage_healed":0,"gold_gain":0,"player_choice":"Ignored","damage_taken":0,"max_hp_gain":0,"max_hp_loss":0,"event_name":"Beggar","floor":30,"gold_loss":0}],"is_beta":false,"boss_relics":[{"not_picked":["Empty Cage","Snecko Eye"],"picked":"Tiny House"}],"items_purged_floors":[4],"is_endless":false,"potions_floor_spawned":[8,11,14,18,22,24,29],"killed_by":"Book of Stabbing","ascension_level":0}