{"gold_per_floor":[112,137,151,169,74,74,107,107,107,132,132,145,145,16,16,113,113,124,124,399,414,433,465,465,465,465,499,512,538,142,153,153,255,255,275,275,275,275,4,37,49,74,74,86,86,114,114,124,124,124],"floor_reached":51,"playtime":2514,"items_purged":["Strike_B","Strike_B","Strike_B"],"score":1177,"play_id":"ecd5cf47-d81e-4baf-9c08-703e795b4f4c","local_time":"20190127183455","is_ascension_mode":true,"campfire_choices":[{"data":"Zap","floor":6,"key":"SMITH"},{"data":"Darkness","floor":8,"key":"SMITH"},{"data":"Dualcast","floor":13,"key":"SMITH"},{"data":"Redo","floor":15,"key":"SMITH"},{"floor":25,"key":"REST"},{"floor":32,"key":"REST"},{"data":"Strike_B","floor":45,"key":"PURGE"},{"floor":47,"key":"REST"},{"data":"Defend_B","floor":49,"key":"PURGE"}],"neow_cost":"NONE","seed_source_timestamp":60160756805865,"circlet_count":0,"master_deck":["AscendersBane","Defend_B","Defend_B","Zap+1","Dualcast+1","Melter","Doom and Gloom","Darkness+1","Self Repair","Compile Driver","Conserve Battery","Ball Lightning","Redo+1","Biased Cognition","Redo","Chill+1","Consume","Darkness+1","Glacier","Coolheaded","Apotheosis","Glacier+1","Fission","Cold Snap","Defragment","Lockon"],"relics":["Cracked Core","NeowsBlessing","Pen Nib","Peace Pipe","Mummified Hand","Omamori","Fusion Hammer","Boot","Letter Opener","Torii","Lantern","Busted Crown","Frozen Egg 2","Symbiotic Virus","Cables","Happy Flower"],"potions_floor_usage":[11,16,16,16,21,23,27,29,42,50,50,50,50,50],"damage_taken":[{"damage":0,"enemies":"Cultist","floor":1,"turns":1},{"damage":0,"enemies":"2 Louse","floor":3,"turns":1},{"damage":0,"enemies":"Jaw Worm","floor":4,"turns":1},{"damage":30,"enemies":"Lagavulin","floor":7,"turns":5},{"damage":29,"enemies":"Gremlin Nob","floor":10,"turns":4},{"damage":4,"enemies":"Red Slaver","floor":12,"turns":4},{"damage":24,"enemies":"Slime Boss","floor":16,"turns":6},{"damage":7,"enemies":"Chosen","floor":18,"turns":3},{"damage":0,"enemies":"Spheric Guardian","floor":21,"turns":2},{"damage":9,"enemies":"Centurion and Healer","floor":22,"turns":5},{"damage":33,"enemies":"Gremlin Leader","floor":23,"turns":6},{"damage":16,"enemies":"Book of Stabbing","floor":27,"turns":4},{"damage":16,"enemies":"Snake Plant","floor":28,"turns":3},{"damage":7,"enemies":"Slavers","floor":29,"turns":3},{"damage":6,"enemies":"Shelled Parasite and Fungi","floor":31,"turns":4},{"damage":49,"enemies":"Champ","floor":33,"turns":8},{"damage":0,"enemies":"3 Darklings","floor":35,"turns":3},{"damage":22,"enemies":"Reptomancer","floor":40,"turns":7},{"damage":1,"enemies":"3 Shapes","floor":41,"turns":4},{"damage":8,"enemies":"Nemesis","floor":42,"turns":7},{"damage":12,"enemies":"Maw","floor":44,"turns":6},{"damage":24,"enemies":"Giant Head","floor":46,"turns":7},{"damage":7,"enemies":"Spire Growth","floor":48,"turns":4},{"damage":24,"enemies":"Time Eater","floor":50,"turns":7}],"seed_played":"-3654780311365419832","potions_obtained":[{"floor":3,"key":"SkillPotion"},{"floor":4,"key":"FocusPotion"},{"floor":10,"key":"Block Potion"},{"floor":11,"key":"Fruit Juice"},{"floor":11,"key":"EntropicBrew"},{"floor":22,"key":"GamblersBrew"},{"floor":23,"key":"GamblersBrew"},{"floor":27,"key":"Dexterity Potion"},{"floor":28,"key":"Block Potion"},{"floor":44,"key":"FocusPotion"}],"is_trial":false,"path_per_floor":["M","T","M","M","$","R","E","R","T","E","?","M","R","$","R","B",null,"M","?","?","M","M","E","?","R","T","E","M","E","$","M","R","B",null,"M","?","?","?","$","E","M","E","T","M","R","E","R","M","R","B",null],"character_chosen":"DEFECT","items_purchased":["Self Repair","Compile Driver","Redo","Coolheaded","Apotheosis","EntropicBrew","Defragment","Lockon"],"campfire_rested":3,"item_purchase_floors":[5,5,14,30,30,30,39,39],"current_hp_per_floor":[68,68,68,68,68,68,45,45,45,23,28,31,31,31,31,14,64,64,64,64,71,69,43,43,67,67,58,42,42,42,46,70,28,67,74,74,74,74,74,62,68,70,70,65,65,51,75,78,78,64],"gold":124,"neow_bonus":"THREE_ENEMY_KILL","is_prod":false,"is_daily":false,"chose_seed":false,"campfire_upgraded":4,"win_rate":0,"timestamp":1548635695,"path_taken":["M","?","M","M","$","R","E","R","T","E","?","?","R","$","R","BOSS","M","?","?","M","?","E","?","R","T","E","?","E","?","M","R","BOSS","M","?","?","?","$","E","M","E","T","M","R","E","R","M","R","BOSS"],"build_version":"2019-01-23","purchased_purges":3,"victory":true,"max_hp_per_floor":[75,75,75,75,75,75,75,75,75,75,80,80,80,80,80,80,80,80,80,80,80,80,80,80,80,80,80,80,80,80,80,80,80,80,80,80,80,80,80,80,80,80,80,80,80,80,80,80,80,80],"card_choices":[{"not_picked":["Sweeping Beam","Capacitor"],"picked":"Melter","floor":1},{"not_picked":["Aggregate","Streamline"],"picked":"Doom and Gloom","floor":3},{"not_picked":["Cold Snap","Capacitor"],"picked":"Darkness","floor":4},{"not_picked":["Rebound","Compile Driver","Turbo"],"picked":"SKIP","floor":7},{"not_picked":["Reinforced Body","Fusion"],"picked":"Conserve Battery","floor":10},{"not_picked":["Redo","Steam"],"picked":"Ball Lightning","floor":12},{"not_picked":["Core Surge","Creative AI"],"picked":"Biased Cognition","floor":16},{"not_picked":["Go for the Eyes","Leap+1"],"picked":"Redo","floor":18},{"not_picked":["Sweeping Beam","Ball Lightning"],"picked":"Chill+1","floor":21},{"not_picked":["Leap","Turbo"],"picked":"Consume","floor":22},{"not_picked":["Beam Cell","Gash","Sweeping Beam"],"picked":"SKIP","floor":23},{"not_picked":["Go for the Eyes","BootSequence","Beam Cell"],"picked":"SKIP","floor":27},{"not_picked":["Force Field","Reinforced Body"],"picked":"Glacier","floor":28},{"not_picked":["Streamline+1","Ball Lightning","Multi-Cast"],"picked":"SKIP","floor":29},{"not_picked":["Gash+1","Melter+1"],"picked":"Glacier+1","floor":31},{"not_picked":["Biased Cognition","Hyperbeam"],"picked":"Fission","floor":33},{"not_picked":[],"picked":"Cold Snap","floor":35},{"not_picked":["Leap+1"],"picked":"SKIP","floor":40},{"not_picked":["Stack+1"],"picked":"SKIP","floor":41},{"not_picked":["Double Energy+1"],"picked":"SKIP","floor":42},{"not_picked":["Auto Shields"],"picked":"SKIP","floor":44},{"not_picked":["Sweeping Beam+1"],"picked":"SKIP","floor":46},{"not_picked":["Fusion"],"picked":"SKIP","floor":48}],"player_experience":225830,"relics_obtained":[{"floor":2,"key":"Pen Nib"},{"floor":7,"key":"Peace Pipe"},{"floor":9,"key":"Mummified Hand"},{"floor":10,"key":"Omamori"},{"floor":23,"key":"Boot"},{"floor":26,"key":"Letter Opener"},{"floor":27,"key":"Torii"},{"floor":29,"key":"Lantern"},{"floor":40,"key":"Frozen Egg 2"},{"floor":42,"key":"Symbiotic Virus"},{"floor":43,"key":"Cables"},{"floor":46,"key":"Happy Flower"}],"event_choices":[{"damage_healed":0,"gold_gain":0,"player_choice":"Got Potions","damage_taken":0,"max_hp_gain":0,"max_hp_loss":0,"event_name":"Lab","floor":11,"gold_loss":0},{"cards_removed":["Defend_B"],"damage_healed":0,"gold_gain":0,"player_choice":"Elegance","damage_taken":0,"max_hp_gain":0,"max_hp_loss":0,"event_name":"Back to Basics","floor":19,"gold_loss":0},{"damage_healed":0,"gold_gain":275,"player_choice":"Desecrate","damage_taken":0,"max_hp_gain":0,"max_hp_loss":0,"event_name":"Golden Shrine","floor":20,"gold_loss":0,"cards_obtained":["Regret"]},{"damage_healed":0,"gold_gain":0,"player_choice":"Copied","damage_taken":0,"max_hp_gain":0,"max_hp_loss":0,"event_name":"Duplicator","floor":24,"gold_loss":0,"cards_obtained":["Darkness"]},{"damage_healed":0,"gold_gain":0,"player_choice":"Ignored","damage_taken":0,"max_hp_gain":0,"max_hp_loss":0,"event_name":"Mysterious Sphere","floor":36,"gold_loss":0},{"damage_healed":0,"gold_gain":0,"player_choice":"Ignored","damage_taken":0,"max_hp_gain":0,"max_hp_loss":0,"event_name":"Tomb of Lord Red Mask","floor":37,"gold_loss":0},{"damage_healed":0,"gold_gain":0,"player_choice":"Bought 0 Potions","damage_taken":0,"max_hp_gain":0,"max_hp_loss":0,"event_name":"The Woman in Blue","floor":38,"gold_loss":0}],"is_beta":false,"boss_relics":[{"not_picked":["Eternal Feather","Tiny House"],"picked":"Fusion Hammer"},{"not_picked":["Runic Dome","Pandora\u0027s Box"],"picked":"Busted Crown"}],"items_purged_floors":[14,30,39],"is_endless":false,"potions_floor_spawned":[3,4,10,12,22,23,27,28,41,44,48],"ascension_level":10}