{"gold_per_floor":[118,118,130,142,152,152,166,177,177,1,28,28,44,44,44,146,146,71,71,84,84,84],"floor_reached":22,"playtime":2016,"items_purged":[],"score":211,"play_id":"272fe7e5-8d1b-432c-ae09-cf09fc909e12","local_time":"20190207223457","is_ascension_mode":false,"campfire_choices":[{"data":"Scrape","floor":6,"key":"SMITH"},{"floor":12,"key":"REST"},{"floor":15,"key":"REST"}],"neow_cost":"NONE","seed_source_timestamp":33141919499573,"circlet_count":0,"master_deck":["Strike_B","Strike_B","Strike_B","Strike_B","Defend_B","Defend_B","Defend_B","Defend_B","Zap","Dualcast","Reinforced Body+1","Scrape+1","Gash","Heatsinks","Skim","Go for the Eyes","Metamorphosis","Capacitor","Force Field","Rainbow","Static Discharge","Leap+1"],"relics":["Cracked Core","Pear","Boot","Eternal Feather"],"potions_floor_usage":[],"damage_taken":[{"damage":1,"enemies":"Cultist","floor":1,"turns":3},{"damage":0,"enemies":"Small Slimes","floor":3,"turns":3},{"damage":2,"enemies":"Jaw Worm","floor":4,"turns":4},{"damage":12,"enemies":"Blue Slaver","floor":5,"turns":3},{"damage":1,"enemies":"2 Fungi Beasts","floor":7,"turns":4},{"damage":26,"enemies":"Exordium Thugs","floor":8,"turns":5},{"damage":13,"enemies":"3 Sentries","floor":11,"turns":4},{"damage":0,"enemies":"Large Slime","floor":13,"turns":3},{"damage":36,"enemies":"Slime Boss","floor":16,"turns":13},{"damage":35,"enemies":"2 Thieves","floor":18,"turns":5},{"damage":37,"enemies":"Shell Parasite","floor":20,"turns":10},{"damage":15,"enemies":"Snecko","floor":22,"turns":2}],"seed_played":"-2373085084916139504","potions_obtained":[{"floor":5,"key":"Dexterity Potion"},{"floor":8,"key":"LiquidBronze"},{"floor":11,"key":"Block Potion"}],"is_trial":false,"path_per_floor":["M","?","M","M","M","R","M","M","T","$","E","R","M","?","R","B",null,"M","$","M","?","M"],"character_chosen":"DEFECT","items_purchased":["Metamorphosis"],"campfire_rested":2,"item_purchase_floors":[10],"current_hp_per_floor":[81,81,81,79,67,67,66,40,50,50,37,64,64,55,82,46,92,57,57,20,2,0],"gold":84,"neow_bonus":"TEN_PERCENT_HP_BONUS","is_prod":false,"is_daily":false,"chose_seed":false,"campfire_upgraded":1,"win_rate":0.0,"timestamp":1549575297,"path_taken":["M","?","M","?","M","R","M","M","T","$","E","R","M","?","R","BOSS","M","$","?","?","M"],"build_version":"2019-01-23","purchased_purges":0,"victory":false,"max_hp_per_floor":[82,82,82,82,82,82,82,82,92,92,92,92,92,92,92,92,92,92,92,92,97,97],"card_choices":[{"not_picked":["Coolheaded","Sweeping Beam"],"picked":"Reinforced Body","floor":1},{"not_picked":["Conserve Battery","Aggregate"],"picked":"Scrape","floor":3},{"not_picked":["Genetic Algorithm","Compile Driver"],"picked":"Gash","floor":4},{"not_picked":["Hologram","Chaos"],"picked":"Heatsinks","floor":5},{"not_picked":["Genetic Algorithm","Steam"],"picked":"Skim","floor":7},{"not_picked":["Compile Driver","Streamline"],"picked":"Go for the Eyes","floor":8},{"not_picked":["Hello World","Steam"],"picked":"Capacitor","floor":11},{"not_picked":["Leap","Skim"],"picked":"Force Field","floor":13},{"not_picked":["Fission","Seek"],"picked":"Rainbow","floor":16},{"not_picked":["Steam","Consume"],"picked":"Static Discharge","floor":18},{"not_picked":["Go for the Eyes","Skim"],"picked":"Leap+1","floor":20}],"player_experience":27880,"relics_obtained":[{"floor":9,"key":"Pear"},{"floor":11,"key":"Boot"}],"event_choices":[{"damage_healed":0,"gold_gain":0,"player_choice":"Upgraded","damage_taken":0,"max_hp_gain":0,"max_hp_loss":0,"event_name":"Upgrade Shrine","floor":2,"gold_loss":0,"cards_upgraded":["Reinforced Body"]},{"damage_healed":0,"gold_gain":0,"player_choice":"Damaged","damage_taken":9,"max_hp_gain":0,"max_hp_loss":0,"event_name":"Wheel of Change","floor":14,"gold_loss":0},{"damage_healed":0,"gold_gain":0,"player_choice":"Shed Blood","damage_taken":23,"max_hp_gain":5,"max_hp_loss":0,"event_name":"Forgotten Altar","floor":21,"gold_loss":0}],"is_beta":false,"boss_relics":[{"not_picked":["Lizard Tail","Velvet Choker"],"picked":"Eternal Feather"}],"items_purged_floors":[],"is_endless":false,"potions_floor_spawned":[5,8,11,13,20],"killed_by":"Snecko","ascension_level":0}