{"gold_per_floor":[119,131,56,67,67,67,20,52,52,81,81,112,125,139,139,237,237,249,262,278,96,110,110],"floor_reached":23,"playtime":1686,"items_purged":["Strike_B","Defend_B"],"score":234,"play_id":"9587da22-c425-4d3f-b751-0d018a726540","local_time":"20181114152957","is_ascension_mode":true,"campfire_choices":[{"data":"Zap","floor":6,"key":"SMITH"},{"data":"Hologram","floor":11,"key":"SMITH"},{"data":"Hologram","floor":15,"key":"SMITH"}],"neow_cost":"NONE","seed_source_timestamp":1212681913855776,"circlet_count":0,"master_deck":["Strike_B","Strike_B","Strike_B","Defend_B","Zap+1","Dualcast","Beam Cell","Beam Cell","Hologram+1","Rebound","Hologram+1","Loop","Go for the Eyes","Steam","Fission","Sunder","Glacier","Hologram","Self Repair","Steam Power+1"],"relics":["Cracked Core","NeowsBlessing","Ice Cream","Dead Branch","Mango","Lantern","Empty Cage"],"potions_floor_usage":[8,14,18,19,20,22,23,23],"damage_taken":[{"damage":0,"enemies":"Cultist","floor":1,"turns":1},{"damage":0,"enemies":"Small Slimes","floor":2,"turns":1},{"damage":0,"enemies":"Jaw Worm","floor":4,"turns":1},{"damage":23,"enemies":"Lagavulin","floor":8,"turns":6},{"damage":26,"enemies":"Gremlin Nob","floor":10,"turns":4},{"damage":5,"enemies":"3 Sentries","floor":12,"turns":6},{"damage":6,"enemies":"3 Louse","floor":13,"turns":3},{"damage":5,"enemies":"Large Slime","floor":14,"turns":3},{"damage":21,"enemies":"Hexaghost","floor":16,"turns":10},{"damage":1,"enemies":"Chosen","floor":18,"turns":4},{"damage":7,"enemies":"3 Byrds","floor":19,"turns":4},{"damage":15,"enemies":"3 Cultists","floor":20,"turns":6},{"damage":18,"enemies":"Centurion and Healer","floor":22,"turns":5},{"damage":55,"enemies":"Gremlin Leader","floor":23,"turns":4}],"seed_played":"-7637745211698073110","potions_obtained":[{"floor":4,"key":"Strength Potion"},{"floor":10,"key":"AttackPotion"},{"floor":12,"key":"Regen Potion"},{"floor":13,"key":"SpeedPotion"},{"floor":16,"key":"Poison Potion"},{"floor":18,"key":"AttackPotion"},{"floor":20,"key":"LiquidBronze"},{"floor":22,"key":"Poison Potion"}],"is_trial":false,"path_per_floor":["M","M","$","M","?","R","$","E","T","E","R","E","M","M","R","B",null,"M","M","M","$","M","E"],"character_chosen":"DEFECT","items_purchased":["Hologram","Self Repair"],"campfire_rested":0,"item_purchase_floors":[7,21],"current_hp_per_floor":[75,75,75,75,75,75,75,52,52,40,40,35,29,33,33,12,89,88,81,66,66,55,0],"gold":110,"neow_bonus":"THREE_ENEMY_KILL","is_prod":false,"is_daily":false,"chose_seed":false,"campfire_upgraded":3,"win_rate":0,"timestamp":1542227397,"path_taken":["M","M","?","M","?","R","$","E","T","E","R","E","M","M","R","BOSS","M","M","M","$","M","E"],"build_version":"2018-11-08","purchased_purges":2,"victory":false,"max_hp_per_floor":[75,75,75,75,75,75,75,75,75,89,89,89,89,89,89,89,89,89,89,89,89,89,89],"card_choices":[{"not_picked":["Fusion","Compile Driver"],"picked":"Beam Cell","floor":1},{"not_picked":["Static Discharge","Lockon"],"picked":"Beam Cell","floor":2},{"not_picked":["Rip and Tear","Compile Driver"],"picked":"Glacier","floor":4},{"not_picked":["Recycle","Compile Driver"],"picked":"Rebound","floor":8},{"not_picked":["Static Discharge","Amplify"],"picked":"Hologram","floor":10},{"not_picked":["Compile Driver","Sweeping Beam"],"picked":"Loop","floor":12},{"not_picked":["Cold Snap","Meteor Strike"],"picked":"Go for the Eyes","floor":13},{"not_picked":["Beam Cell","Stack"],"picked":"Steam","floor":14},{"not_picked":["Amplify","Core Surge"],"picked":"Fission","floor":16},{"not_picked":["Leap+1","Coolheaded"],"picked":"Sunder","floor":18},{"not_picked":["Turbo","Gash"],"picked":"Glacier","floor":19},{"not_picked":["Heatsinks","Coolheaded"],"picked":"Hologram","floor":20},{"not_picked":["Leap+1","BootSequence"],"picked":"Steam Power+1","floor":22}],"player_experience":260481,"relics_obtained":[{"floor":8,"key":"Ice Cream"},{"floor":9,"key":"Dead Branch"},{"floor":10,"key":"Mango"},{"floor":12,"key":"Lantern"}],"event_choices":[{"cards_removed":["Glacier"],"damage_healed":0,"gold_gain":0,"player_choice":"Offered Uncommon","damage_taken":0,"max_hp_gain":0,"max_hp_loss":0,"event_name":"Bonfire Elementals","floor":5,"gold_loss":0}],"is_beta":false,"boss_relics":[{"not_picked":["Snecko Eye","Fusion Hammer"],"picked":"Empty Cage"}],"items_purged_floors":[3,21],"is_endless":false,"potions_floor_spawned":[4,10,12,13,16,18,20,22],"killed_by":"Gremlin Leader","ascension_level":2}