{"gold_per_floor":[119,119,119,44,70,99,118,118,118,118,148,165,165,178,178,249,249,259,270,270],"floor_reached":20,"playtime":1148,"items_purged":["Defend_R"],"score":464,"play_id":"007a9180-caff-4bbd-8a81-a9fe15b2b95a","local_time":"20180918124203","is_ascension_mode":true,"campfire_choices":[{"data":"Inflame","floor":10,"key":"SMITH"},{"data":"Defend_R","floor":13,"key":"SMITH"},{"data":"Shockwave","floor":15,"key":"SMITH"}],"neow_cost":"NONE","seed_source_timestamp":602398401579961,"circlet_count":0,"master_deck":["Strike_R+1","Strike_R+1","Strike_R","Strike_R","Defend_R","Defend_R+1","Bash","AscendersBane","Inflame+1","Second Wind","Shockwave+1","Whirlwind+1","Twin Strike+1","Demon Form"],"relics":["Burning Blood","NeowsBlessing","Whetstone","Bottled Lightning","Molten Egg 2","Gremlin Horn","Busted Crown"],"potions_floor_usage":[11,16,16],"damage_taken":[{"damage":0,"enemies":"2 Louse","floor":1,"turns":1},{"damage":0,"enemies":"Lagavulin","floor":6,"turns":1},{"damage":0,"enemies":"Jaw Worm","floor":7,"turns":1},{"damage":0,"enemies":"Gremlin Nob","floor":11,"turns":2},{"damage":6,"enemies":"Small Slimes","floor":12,"turns":2},{"damage":0,"enemies":"3 Louse","floor":14,"turns":1},{"damage":37,"enemies":"Hexaghost","floor":16,"turns":8},{"damage":33,"enemies":"Spheric Guardian","floor":18,"turns":4},{"damage":17,"enemies":"2 Thieves","floor":19,"turns":3},{"damage":41,"enemies":"Colosseum Slavers","floor":20,"turns":3}],"seed_played":"-2647066843705587159","potions_obtained":[{"floor":1,"key":"Strength Potion"},{"floor":6,"key":"AttackPotion"},{"floor":11,"key":"PowerPotion"}],"is_trial":false,"path_per_floor":["M","?","?","$","T","E","M","?","T","R","E","M","R","M","R","B",null,"M","M"],"character_chosen":"IRONCLAD","items_purchased":[],"campfire_rested":0,"item_purchase_floors":[],"current_hp_per_floor":[74,67,67,67,67,73,75,75,75,75,75,75,75,75,75,44,67,40,29,0],"gold":270,"neow_bonus":"THREE_ENEMY_KILL","is_prod":false,"is_daily":false,"chose_seed":false,"campfire_upgraded":3,"win_rate":0,"timestamp":1537288923,"path_taken":["M","?","?","$","?","E","?","?","T","R","E","M","R","M","R","BOSS","M","M","?"],"build_version":"2018-09-06","purchased_purges":1,"victory":false,"max_hp_per_floor":[75,75,75,75,75,75,75,75,75,75,75,75,75,75,75,75,75,75,75,75],"card_choices":[{"not_picked":["Intimidate","Seeing Red"],"picked":"Inflame","floor":1},{"not_picked":["Pommel Strike","Wild Strike","Clothesline"],"picked":"SKIP","floor":6},{"not_picked":["Perfected Strike","Carnage","Reckless Charge"],"picked":"SKIP","floor":7},{"not_picked":["Body Slam+1","Carnage+1"],"picked":"Shockwave","floor":11},{"not_picked":["Seeing Red","Thunderclap+1"],"picked":"Whirlwind+1","floor":12},{"not_picked":["Reckless Charge+1","Clash+1"],"picked":"Twin Strike+1","floor":14},{"not_picked":["Feed+1","Exhume"],"picked":"Demon Form","floor":16},{"not_picked":["Thunderclap+1"],"picked":"SKIP","floor":18},{"not_picked":["Body Slam+1"],"picked":"SKIP","floor":19}],"player_experience":2780196,"relics_obtained":[{"floor":5,"key":"Whetstone"},{"floor":6,"key":"Bottled Lightning"},{"floor":9,"key":"Molten Egg 2"},{"floor":11,"key":"Gremlin Horn"}],"event_choices":[{"event_name":"Golden Wing","player_choice":"Card Removal","floor":2,"damage_taken":0},{"event_name":"Wheel of Change","player_choice":"Card Removal","floor":3,"damage_taken":0},{"event_name":"Match and Keep!","player_choice":"1 cards matched","floor":8,"damage_taken":0},{"event_name":"Colosseum","player_choice":"Fight","floor":20,"damage_taken":0}],"is_beta":false,"boss_relics":[{"not_picked":["Calling Bell","Runic Cube"],"picked":"Busted Crown"}],"items_purged_floors":[4],"is_endless":false,"potions_floor_spawned":[1,6,11],"killed_by":"Colosseum Slavers","ascension_level":20}