{"gold_per_floor":[109,109,209,224,224,224,237,237,537,547,565,565,39,71,71,174,174,189,201,276,295,4,4,4,4],"floor_reached":25,"playtime":781,"items_purged":["Strike_B"],"score":211,"play_id":"b2265dcc-9203-4335-ad48-9cb1c63f7fbd","local_time":"20181118104311","is_ascension_mode":true,"campfire_choices":[{"data":"Darkness","floor":6,"key":"SMITH"},{"data":"Zap","floor":8,"key":"SMITH"},{"data":"Dualcast","floor":15,"key":"SMITH"},{"floor":23,"key":"REST"}],"neow_cost":"TEN_PERCENT_HP_LOSS","seed_source_timestamp":406313754435578,"circlet_count":0,"master_deck":["Strike_B+1","Strike_B+1","Defend_B","Defend_B","Defend_B","Zap+1","Dualcast+1","Capacitor","Darkness+1","Ball Lightning","Glacier","Self Repair","Violence","Compile Driver","Echo Form","Gash+1","Loop+1","Mayhem"],"relics":["Cracked Core","Lantern","Old Coin","Gremlin Horn","Pear","Philosopher\u0027s Stone","Membership Card"],"potions_floor_usage":[11,14,14,19],"damage_taken":[{"damage":0,"enemies":"Small Slimes","floor":1,"turns":2},{"damage":1,"enemies":"2 Louse","floor":4,"turns":3},{"damage":8,"enemies":"Cultist","floor":7,"turns":4},{"damage":10,"enemies":"Blue Slaver","floor":10,"turns":3},{"damage":4,"enemies":"3 Louse","floor":11,"turns":3},{"damage":15,"enemies":"Gremlin Nob","floor":14,"turns":4},{"damage":11,"enemies":"The Guardian","floor":16,"turns":8},{"damage":36,"enemies":"Shell Parasite","floor":18,"turns":4},{"damage":21,"enemies":"2 Thieves","floor":19,"turns":4},{"damage":25,"enemies":"Centurion and Healer","floor":21,"turns":5},{"damage":47,"enemies":"Book of Stabbing","floor":25,"turns":4}],"seed_played":"6471947746700421350","potions_obtained":[{"floor":1,"key":"FearPotion"},{"floor":10,"key":"SteroidPotion"},{"floor":11,"key":"Fruit Juice"},{"floor":18,"key":"Weak Potion"}],"is_trial":false,"path_per_floor":["M","?","?","M","?","R","M","R","T","M","M","?","$","E","R","B",null,"M","M","?","M","$","R","$","E"],"character_chosen":"DEFECT","items_purchased":["Gremlin Horn","Self Repair","Violence","Membership Card","Mayhem"],"campfire_rested":1,"item_purchase_floors":[13,13,13,22,22],"current_hp_per_floor":[68,68,68,67,53,53,45,45,45,35,36,36,36,38,38,34,83,61,40,32,21,21,45,45,0],"gold":4,"neow_bonus":"REMOVE_TWO","is_prod":false,"is_daily":false,"chose_seed":false,"campfire_upgraded":3,"win_rate":0,"timestamp":1542555791,"path_taken":["M","?","?","?","?","R","M","R","T","M","M","?","$","E","R","BOSS","M","M","?","?","$","R","?","E"],"build_version":"2018-11-15","purchased_purges":1,"victory":false,"max_hp_per_floor":[68,68,68,68,68,68,68,68,68,68,73,73,73,83,83,83,83,83,83,83,83,83,83,83,83],"card_choices":[{"not_picked":["Stack","Coolheaded"],"picked":"Capacitor","floor":1},{"not_picked":["Conserve Battery","Glacier"],"picked":"Darkness","floor":4},{"not_picked":["Cold Snap","Static Discharge"],"picked":"Ball Lightning","floor":7},{"not_picked":["Conserve Battery","Heatsinks"],"picked":"Glacier","floor":10},{"not_picked":["Storm","Steam","Rip and Tear"],"picked":"SKIP","floor":11},{"not_picked":["Buffer","Reboot"],"picked":"Compile Driver","floor":14},{"not_picked":["Buffer","Thunder Strike"],"picked":"Echo Form","floor":16},{"not_picked":["Gash+1","Lockon","Beam Cell"],"picked":"SKIP","floor":18},{"not_picked":["Lockon","Beam Cell"],"picked":"Gash+1","floor":18},{"not_picked":["Steam+1","Stack","Heatsinks+1"],"picked":"SKIP","floor":19},{"not_picked":["Stack","Streamline+1"],"picked":"Loop+1","floor":21}],"player_experience":559523,"relics_obtained":[{"floor":9,"key":"Old Coin"},{"floor":14,"key":"Pear"}],"event_choices":[{"damage_healed":0,"gold_gain":0,"player_choice":"Box","damage_taken":0,"relics_obtained":["Lantern"],"max_hp_gain":0,"max_hp_loss":0,"event_name":"Big Fish","floor":2,"gold_loss":0,"cards_obtained":["Regret"]},{"damage_healed":0,"gold_gain":100,"player_choice":"Pray","damage_taken":0,"max_hp_gain":0,"max_hp_loss":0,"event_name":"Golden Shrine","floor":3,"gold_loss":0},{"damage_healed":0,"gold_gain":0,"player_choice":"Entered Light","damage_taken":14,"max_hp_gain":0,"max_hp_loss":0,"event_name":"Shining Light","floor":5,"gold_loss":0,"cards_upgraded":["Strike_B","Strike_B"]},{"cards_removed":["Regret"],"damage_healed":0,"gold_gain":0,"player_choice":"Forget","damage_taken":0,"max_hp_gain":0,"max_hp_loss":0,"event_name":"Living Wall","floor":12,"gold_loss":0},{"damage_healed":0,"gold_gain":75,"player_choice":"Touch","damage_taken":8,"max_hp_gain":0,"max_hp_loss":0,"event_name":"FaceTrader","floor":20,"gold_loss":0}],"is_beta":true,"boss_relics":[{"not_picked":["Empty Cage","Coffee Dripper"],"picked":"Philosopher\u0027s Stone"}],"items_purged_floors":[13],"is_endless":false,"potions_floor_spawned":[1,10,11,18],"killed_by":"Book of Stabbing","ascension_level":1}