{"gold_per_floor":[11,11,31,50,50,50,79,79,130,130,144,175,197,228,240,352,364,393,405,417],"floor_reached":20,"playtime":706,"items_purged":[],"score":239,"play_id":"a3e34a70-0928-4e2c-8fc8-cfeab869ea8b","local_time":"20181203140650","is_ascension_mode":true,"campfire_choices":[{"data":"Body Slam","floor":8,"key":"SMITH"},{"data":"Blood for Blood","floor":10,"key":"SMITH"},{"floor":15,"key":"REST"}],"neow_cost":"NO_GOLD","seed_source_timestamp":867905171895255,"circlet_count":0,"master_deck":["Strike_R","Strike_R","Strike_R","Strike_R","Strike_R","Defend_R","Defend_R+1","Defend_R","Defend_R+1","Bash","Juggernaut","Blood for Blood+1","Inflame","Uppercut","Body Slam+1","Iron Wave","True Grit","Pommel Strike","Dark Embrace","Pommel Strike"],"relics":["Burning Blood","Regal Pillow","War Paint","Anchor","MawBank","Philosopher\u0027s Stone"],"potions_floor_usage":[7,12,16],"damage_taken":[{"damage":7,"enemies":"Small Slimes","floor":1,"turns":4},{"damage":10,"enemies":"Cultist","floor":3,"turns":5},{"damage":17,"enemies":"2 Louse","floor":4,"turns":4},{"damage":20,"enemies":"3 Sentries","floor":7,"turns":6},{"damage":9,"enemies":"Exordium Thugs","floor":11,"turns":4},{"damage":15,"enemies":"Gremlin Nob","floor":12,"turns":4},{"damage":4,"enemies":"Large Slime","floor":13,"turns":6},{"damage":5,"enemies":"Blue Slaver","floor":14,"turns":4},{"damage":61,"enemies":"Hexaghost","floor":16,"turns":9},{"damage":20,"enemies":"Spheric Guardian","floor":18,"turns":4},{"damage":56,"enemies":"3 Byrds","floor":20,"turns":5}],"seed_played":"-2167287982460970080","potions_obtained":[{"floor":1,"key":"LiquidBronze"},{"floor":2,"key":"FearPotion"},{"floor":2,"key":"Explosive Potion"},{"floor":7,"key":"SteroidPotion"},{"floor":16,"key":"Strength Potion"}],"is_trial":false,"path_per_floor":["M","?","M","M","$","?","E","R","T","R","M","E","M","M","R","B",null,"M","$","M"],"character_chosen":"IRONCLAD","items_purchased":[],"campfire_rested":1,"item_purchase_floors":[],"current_hp_per_floor":[71,71,67,56,56,56,42,42,42,42,39,30,32,33,72,17,64,50,50,0],"gold":417,"neow_bonus":"THREE_RARE_CARDS","is_prod":false,"is_daily":false,"chose_seed":false,"campfire_upgraded":2,"win_rate":0,"timestamp":1543864010,"path_taken":["M","?","M","?","$","?","E","R","T","R","M","E","?","M","R","BOSS","M","?","M"],"build_version":"2018-11-15","purchased_purges":0,"victory":false,"max_hp_per_floor":[80,80,80,80,80,80,80,80,80,80,80,80,80,80,80,80,80,80,80,80],"card_choices":[{"not_picked":["Bludgeon","Double Tap"],"picked":"Juggernaut","floor":0},{"not_picked":["Disarm","Anger"],"picked":"Blood for Blood","floor":1},{"not_picked":["Flex","Iron Wave"],"picked":"Inflame","floor":3},{"not_picked":["Disarm","Havoc"],"picked":"Uppercut","floor":4},{"not_picked":["Cleave","Evolve"],"picked":"Body Slam","floor":7},{"not_picked":["Armaments","Thunderclap"],"picked":"Iron Wave","floor":11},{"not_picked":["Rampage","Berserk"],"picked":"True Grit","floor":12},{"not_picked":["True Grit","Infernal Blade"],"picked":"Pommel Strike","floor":13},{"not_picked":["Havoc","Sword Boomerang","Carnage"],"picked":"SKIP","floor":14},{"not_picked":["Fiend Fire","Feed"],"picked":"Dark Embrace","floor":16},{"not_picked":["Thunderclap","Havoc"],"picked":"Pommel Strike","floor":18}],"player_experience":346094,"relics_obtained":[{"floor":6,"key":"Regal Pillow"},{"floor":7,"key":"War Paint"},{"floor":9,"key":"Anchor"},{"floor":12,"key":"MawBank"}],"event_choices":[{"damage_healed":0,"gold_gain":0,"player_choice":"Got Potions","damage_taken":0,"max_hp_gain":0,"max_hp_loss":0,"event_name":"Lab","floor":2,"gold_loss":0},{"damage_healed":0,"gold_gain":0,"player_choice":"Relic","damage_taken":0,"max_hp_gain":0,"max_hp_loss":0,"event_name":"Wheel of Change","floor":6,"gold_loss":0}],"is_beta":false,"boss_relics":[{"not_picked":["Ectoplasm","Black Star"],"picked":"Philosopher\u0027s Stone"}],"items_purged_floors":[],"is_endless":false,"potions_floor_spawned":[1,3,7,16],"killed_by":"3 Byrds","ascension_level":6}