{"gold_per_floor":[12,29,29,39,39,39,53,85,85,96,96,122,122,134,134,239,239,250,250,250],"floor_reached":20,"playtime":1033,"items_purged":[],"score":248,"play_id":"505fc2f8-d30c-4e9a-b757-043868cc0bee","local_time":"20181206010831","is_ascension_mode":true,"campfire_choices":[{"data":"Zap","floor":6,"key":"SMITH"},{"data":"Hologram","floor":11,"key":"SMITH"},{"floor":13,"key":"REST"},{"data":"Capacitor","floor":15,"key":"SMITH"}],"neow_cost":"NO_GOLD","seed_source_timestamp":37451327476133,"circlet_count":0,"master_deck":["Strike_B","Defend_B","Defend_B","Defend_B","Defend_B","Zap+1","Dualcast","Ball Lightning","Capacitor+1","Flash of Steel","Hologram+1","Melter","Rebound","Auto Shields","Chill","Steam","Biased Cognition","Streamline+1","Conserve Battery","Lockon"],"relics":["Cracked Core","Gambling Chip","Lantern","Darkstone Periapt","Shuriken","Nuclear Battery"],"potions_floor_usage":[12,16,20],"damage_taken":[{"damage":0,"enemies":"2 Louse","floor":1,"turns":3},{"damage":0,"enemies":"Cultist","floor":2,"turns":3},{"damage":2,"enemies":"Jaw Worm","floor":4,"turns":2},{"damage":9,"enemies":"Exordium Wildlife","floor":7,"turns":4},{"damage":22,"enemies":"3 Sentries","floor":8,"turns":5},{"damage":0,"enemies":"2 Fungi Beasts","floor":10,"turns":2},{"damage":16,"enemies":"Lagavulin","floor":12,"turns":5},{"damage":0,"enemies":"3 Louse","floor":14,"turns":3},{"damage":10,"enemies":"The Guardian","floor":16,"turns":11},{"damage":17,"enemies":"2 Thieves","floor":18,"turns":4},{"damage":8,"enemies":"Colosseum Slavers","floor":20,"turns":5},{"damage":41,"enemies":"Colosseum Nobs","floor":20,"turns":3}],"seed_played":"7221799151080851732","potions_obtained":[{"floor":2,"key":"SkillPotion"},{"floor":7,"key":"LiquidBronze"},{"floor":12,"key":"EssenceOfSteel"},{"floor":16,"key":"Swift Potion"},{"floor":18,"key":"Energy Potion"}],"is_trial":false,"path_per_floor":["M","M","?","M","?","R","M","E","T","M","R","E","R","M","R","B",null,"M","?","?"],"character_chosen":"DEFECT","items_purchased":[],"campfire_rested":1,"item_purchase_floors":[],"current_hp_per_floor":[68,68,68,66,59,59,50,28,28,28,28,12,34,34,34,24,62,45,45,0],"gold":250,"neow_bonus":"ONE_RARE_RELIC","is_prod":false,"is_daily":false,"chose_seed":false,"campfire_upgraded":3,"win_rate":0,"timestamp":1544076511,"path_taken":["M","M","?","?","?","R","M","E","T","M","R","E","R","M","R","BOSS","M","?","?"],"build_version":"2018-11-15","purchased_purges":0,"victory":false,"max_hp_per_floor":[75,75,75,75,75,75,75,75,75,75,75,75,75,75,75,75,75,75,75,75],"card_choices":[{"not_picked":["Barrage","Skim"],"picked":"Ball Lightning","floor":1},{"not_picked":["Stack","Chill"],"picked":"Capacitor","floor":2},{"not_picked":["Darkness","Coolheaded"],"picked":"Hologram","floor":4},{"not_picked":["Storm","Tempest"],"picked":"Melter","floor":7},{"not_picked":["Capacitor","Scrape"],"picked":"Rebound","floor":8},{"not_picked":["Sweeping Beam","Barrage"],"picked":"Auto Shields","floor":10},{"not_picked":["Creative AI","Rip and Tear"],"picked":"Chill","floor":12},{"not_picked":["Stack","Conserve Battery"],"picked":"Steam","floor":14},{"not_picked":["Hyperbeam","Rainbow"],"picked":"Biased Cognition","floor":16},{"not_picked":["Melter+1","Sweeping Beam"],"picked":"Streamline+1","floor":18}],"player_experience":359715,"relics_obtained":[{"floor":8,"key":"Lantern"},{"floor":9,"key":"Darkstone Periapt"},{"floor":12,"key":"Shuriken"}],"event_choices":[{"damage_healed":0,"gold_gain":0,"player_choice":"1 cards matched","damage_taken":0,"max_hp_gain":0,"max_hp_loss":0,"event_name":"Match and Keep!","floor":3,"gold_loss":0,"cards_obtained":["Flash of Steel"]},{"cards_removed":["Strike_B"],"damage_healed":0,"gold_gain":0,"player_choice":"Card Removal","damage_taken":7,"max_hp_gain":0,"max_hp_loss":0,"event_name":"Golden Wing","floor":5,"gold_loss":0},{"damage_healed":0,"gold_gain":0,"cards_transformed":["Strike_B","Strike_B"],"player_choice":"Became Test Subject","damage_taken":0,"max_hp_gain":0,"max_hp_loss":0,"event_name":"Drug Dealer","floor":19,"gold_loss":0,"cards_obtained":["Conserve Battery","Lockon"]},{"damage_healed":0,"gold_gain":0,"player_choice":"Fight","damage_taken":0,"max_hp_gain":0,"max_hp_loss":0,"event_name":"Colosseum","floor":20,"gold_loss":0},{"damage_healed":0,"gold_gain":0,"player_choice":"Fought Nobs","damage_taken":0,"max_hp_gain":0,"max_hp_loss":0,"event_name":"Colosseum","floor":20,"gold_loss":0}],"is_beta":false,"boss_relics":[{"not_picked":["Astrolabe","Eternal Feather"],"picked":"Nuclear Battery"}],"items_purged_floors":[],"is_endless":false,"potions_floor_spawned":[2,7,12,16,18,20],"killed_by":"Colosseum Nobs","ascension_level":7}