{"gold_per_floor":[111,61,81,99,109,109,119,119,119,130,149,149,167,167,167,296,296,310,346,261,186,105,124,124,138,138,138,138,152,152,171,171,290,290,310,328,328,347,64,64,80,80,80,103,118,141,174,174,174,174],"floor_reached":51,"playtime":5483,"items_purged":["Defend_B"],"score":931,"play_id":"6de87f89-aef5-4e25-8491-7b33484c5430","local_time":"20190211005727","is_ascension_mode":true,"campfire_choices":[{"floor":6,"key":"REST"},{"data":"Auto Shields","floor":8,"key":"SMITH"},{"floor":15,"key":"REST"},{"data":"Biased Cognition","floor":24,"key":"SMITH"},{"data":"Zap","floor":27,"key":"SMITH"},{"data":"Ghostly","floor":30,"key":"SMITH"},{"data":"Ball Lightning","floor":32,"key":"SMITH"},{"data":"Ghostly","floor":40,"key":"SMITH"},{"data":"Ghostly","floor":42,"key":"SMITH"},{"data":"Ghostly","floor":49,"key":"SMITH"}],"neow_cost":"NONE","seed_source_timestamp":1412184949724777,"circlet_count":0,"master_deck":["Strike_B+1","Strike_B","Defend_B","Defend_B","Defend_B","Zap+1","Dualcast+1","Ball Lightning+1","Tempest","Auto Shields+1","Steam","Cold Snap","Undo","Chill","Biased Cognition+1","Glacier","Chill+1","Loop","Self Repair","Coolheaded","Ghostly+1","Ghostly+1","Ghostly+1","Ghostly+1","Ghostly","Genetic Algorithm","FTL+1","Machine Learning","Streamline+1","Thunder Strike+1","White Noise","Chaos+1","Storm"],"relics":["Velvet Choker","Mummified Hand","Golden Idol","Runic Pyramid","Red Mask","Blood Vial","Molten Egg 2","Philosopher\u0027s Stone","OrangePellets","Dead Branch","Gremlin Horn"],"potions_floor_usage":[16,19,19,33,33,50,50],"damage_taken":[{"damage":1,"enemies":"Cultist","floor":1,"turns":3},{"damage":2,"enemies":"Small Slimes","floor":3,"turns":5},{"damage":2,"enemies":"2 Louse","floor":4,"turns":3},{"damage":38,"enemies":"Exordium Thugs","floor":5,"turns":4},{"damage":10,"enemies":"2 Fungi Beasts","floor":7,"turns":3},{"damage":1,"enemies":"Looter","floor":10,"turns":3},{"damage":2,"enemies":"3 Louse","floor":11,"turns":4},{"damage":0,"enemies":"2 Fungi Beasts","floor":13,"turns":4},{"damage":9,"enemies":"Hexaghost","floor":16,"turns":12},{"damage":0,"enemies":"Spheric Guardian","floor":18,"turns":5},{"damage":19,"enemies":"Masked Bandits","floor":19,"turns":4},{"damage":4,"enemies":"2 Thieves","floor":23,"turns":5},{"damage":2,"enemies":"Snake Plant","floor":25,"turns":5},{"damage":0,"enemies":"Shelled Parasite and Fungi","floor":29,"turns":7},{"damage":10,"enemies":"Centurion and Healer","floor":31,"turns":10},{"damage":28,"enemies":"Collector","floor":33,"turns":23},{"damage":0,"enemies":"3 Shapes","floor":35,"turns":4},{"damage":0,"enemies":"Orb Walker","floor":36,"turns":4},{"damage":9,"enemies":"Maw","floor":38,"turns":10},{"damage":1,"enemies":"Writhing Mass","floor":41,"turns":9},{"damage":0,"enemies":"3 Darklings","floor":44,"turns":5},{"damage":2,"enemies":"Sphere and 2 Shapes","floor":45,"turns":6},{"damage":0,"enemies":"Spire Growth","floor":46,"turns":8},{"damage":15,"enemies":"Nemesis","floor":47,"turns":9},{"damage":5,"enemies":"Time Eater","floor":50,"turns":9}],"seed_played":"137840865778344921","potions_obtained":[{"floor":1,"key":"FearPotion"},{"floor":5,"key":"LiquidBronze"},{"floor":10,"key":"FearPotion"},{"floor":11,"key":"Fire Potion"},{"floor":18,"key":"SkillPotion"},{"floor":29,"key":"Strength Potion"},{"floor":38,"key":"EssenceOfSteel"},{"floor":41,"key":"GamblersBrew"},{"floor":44,"key":"PowerPotion"}],"is_trial":false,"path_per_floor":["M","?","M","M","M","R","M","R","T","M","M","?","M","?","R","B",null,"M","?","?","?","$","M","R","M","T","R","?","M","R","M","R","B",null,"M","M","?","M","$","R","M","R","T","M","M","M","E","?","R","B",null],"character_chosen":"DEFECT","items_purchased":["Loop","OrangePellets"],"campfire_rested":2,"item_purchase_floors":[22,39],"current_hp_per_floor":[67,67,65,63,25,47,37,37,37,36,34,34,34,20,40,31,60,60,41,41,41,41,39,39,46,46,46,34,34,34,31,31,12,29,31,34,32,30,30,30,32,32,32,32,32,32,24,28,28,28],"gold":174,"neow_bonus":"BOSS_RELIC","is_prod":false,"is_daily":false,"chose_seed":false,"campfire_upgraded":8,"win_rate":0,"timestamp":1549843047,"path_taken":["M","?","M","M","M","R","M","R","T","M","M","?","M","?","R","BOSS","M","?","?","?","$","M","R","M","T","R","?","M","R","M","R","BOSS","M","M","?","M","$","R","M","R","T","M","M","M","E","?","R","BOSS"],"build_version":"2019-01-23","purchased_purges":1,"victory":true,"max_hp_per_floor":[75,75,75,75,75,75,75,75,75,75,75,69,69,69,69,69,69,69,69,69,69,69,69,69,69,69,69,34,34,34,34,34,34,34,34,34,32,32,32,32,32,32,32,32,32,32,32,28,28,28],"card_choices":[{"not_picked":["Aggregate","Consume","Barrage"],"picked":"SKIP","floor":1},{"not_picked":["Chill","Beam Cell"],"picked":"Ball Lightning","floor":3},{"not_picked":["Undo","Rebound"],"picked":"Tempest","floor":4},{"not_picked":["Cold Snap","Conserve Battery"],"picked":"Auto Shields","floor":5},{"not_picked":["Redo","Turbo"],"picked":"Steam","floor":7},{"not_picked":["Compile Driver","Double Energy"],"picked":"Cold Snap","floor":10},{"not_picked":["Auto Shields","Steam"],"picked":"Undo","floor":11},{"not_picked":["Self Repair","Gash"],"picked":"Chill","floor":13},{"not_picked":["Meteor Strike","Multi-Cast"],"picked":"Biased Cognition","floor":16},{"not_picked":["Force Field+1","Gash"],"picked":"Glacier","floor":18},{"not_picked":["Coolheaded","Leap"],"picked":"Chill+1","floor":19},{"not_picked":["Coolheaded","Hologram"],"picked":"Self Repair","floor":23},{"not_picked":["Auto Shields","Hologram"],"picked":"Coolheaded","floor":25},{"not_picked":["Redo","Rebound+1"],"picked":"Genetic Algorithm","floor":29},{"not_picked":["Go for the Eyes+1","Coolheaded"],"picked":"FTL+1","floor":31},{"not_picked":["Reboot","Hyperbeam+1"],"picked":"Machine Learning","floor":33},{"not_picked":["Redo","Sweeping Beam+1","Turbo"],"picked":"SKIP","floor":35},{"not_picked":["Beam Cell+1","Steam+1"],"picked":"Streamline+1","floor":36},{"not_picked":["Capacitor","Static Discharge"],"picked":"Thunder Strike+1","floor":38},{"not_picked":["Leap+1","Glacier+1"],"picked":"White Noise","floor":41},{"not_picked":["Reprogram+1","Melter+1","Aggregate+1"],"picked":"SKIP","floor":44},{"not_picked":["Hello World","Auto Shields+1"],"picked":"Chaos+1","floor":45},{"not_picked":["Redo+1","Leap+1","Barrage+1"],"picked":"SKIP","floor":46},{"not_picked":["Doom and Gloom+1","Coolheaded+1"],"picked":"Storm","floor":47}],"player_experience":383433,"relics_obtained":[{"floor":9,"key":"Mummified Hand"},{"floor":19,"key":"Red Mask"},{"floor":26,"key":"Molten Egg 2"},{"floor":43,"key":"Dead Branch"},{"floor":47,"key":"Gremlin Horn"}],"event_choices":[{"cards_removed":["Strike_B"],"damage_healed":0,"gold_gain":0,"player_choice":"Card Removal","damage_taken":0,"max_hp_gain":0,"max_hp_loss":0,"event_name":"The Cleric","floor":2,"gold_loss":50},{"damage_healed":0,"gold_gain":0,"player_choice":"Lose Max HP","damage_taken":0,"relics_obtained":["Golden Idol"],"max_hp_gain":0,"max_hp_loss":6,"event_name":"Golden Idol","floor":12,"gold_loss":0},{"damage_healed":0,"gold_gain":0,"player_choice":"Entered Light","damage_taken":14,"max_hp_gain":0,"max_hp_loss":0,"event_name":"Shining Light","floor":14,"gold_loss":0,"cards_upgraded":["Dualcast","Strike_B"]},{"damage_healed":0,"gold_gain":0,"player_choice":"Fought Bandits","damage_taken":0,"max_hp_gain":0,"max_hp_loss":0,"event_name":"Masked Bandits","floor":19,"gold_loss":0},{"damage_healed":0,"gold_gain":0,"player_choice":"Obtained Relic","damage_taken":0,"relics_obtained":["Blood Vial"],"max_hp_gain":0,"max_hp_loss":0,"event_name":"Addict","floor":20,"gold_loss":85},{"cards_removed":["Strike_B"],"damage_healed":0,"gold_gain":0,"player_choice":"Gave Gold","damage_taken":0,"max_hp_gain":0,"max_hp_loss":0,"event_name":"Beggar","floor":21,"gold_loss":75},{"damage_healed":0,"gold_gain":0,"player_choice":"Became a Ghost","damage_taken":0,"max_hp_gain":0,"max_hp_loss":35,"event_name":"Ghosts","floor":28,"gold_loss":0,"cards_obtained":["Ghostly","Ghostly","Ghostly","Ghostly","Ghostly"]},{"damage_healed":0,"gold_gain":0,"player_choice":"Max HP","damage_taken":0,"max_hp_gain":0,"max_hp_loss":2,"event_name":"Winding Halls","floor":37,"gold_loss":0},{"damage_healed":28,"gold_gain":0,"player_choice":"Heal","damage_taken":0,"max_hp_gain":0,"max_hp_loss":4,"event_name":"The Moai Head","floor":48,"gold_loss":0}],"is_beta":false,"boss_relics":[{"not_picked":["Cursed Key","Snecko Eye"],"picked":"Runic Pyramid"},{"not_picked":["Runic Dome","Lizard Tail"],"picked":"Philosopher\u0027s Stone"}],"items_purged_floors":[39],"is_endless":false,"potions_floor_spawned":[1,5,10,11,18,29,38,41,44],"ascension_level":9}