{"gold_per_floor":[112,112,10,22,40,40,75,91,145,145,165,165,178,253,253,356,356,375,475,462,473,473],"floor_reached":22,"playtime":608,"items_purged":["Strike_R"],"score":282,"play_id":"daad3f03-1a62-44f1-9a14-6b23995f3251","local_time":"20190206025423","is_ascension_mode":true,"campfire_choices":[{"data":"Clothesline","floor":6,"key":"SMITH"},{"floor":10,"key":"REST"},{"floor":15,"key":"REST"}],"neow_cost":"NONE","seed_source_timestamp":12559876866871,"circlet_count":0,"master_deck":["AscendersBane","Strike_R","Strike_R","Strike_R","Strike_R","Defend_R","Defend_R","Defend_R","Defend_R","Bash+1","Shrug It Off","Clothesline+1","Disarm","Limit Break","Pommel Strike","Whirlwind"],"relics":["Burning Blood","NeowsBlessing","The Courier","Bronze Scales","Coffee Dripper"],"potions_floor_usage":[16,16,16,21],"damage_taken":[{"damage":0,"enemies":"2 Louse","floor":1,"turns":1},{"damage":0,"enemies":"Cultist","floor":4,"turns":1},{"damage":0,"enemies":"Small Slimes","floor":5,"turns":1},{"damage":47,"enemies":"3 Sentries","floor":7,"turns":12},{"damage":9,"enemies":"Looter","floor":8,"turns":4},{"damage":8,"enemies":"Red Slaver","floor":11,"turns":3},{"damage":20,"enemies":"Lots of Slimes","floor":13,"turns":6},{"damage":47,"enemies":"Hexaghost","floor":16,"turns":11},{"damage":17,"enemies":"Chosen","floor":18,"turns":5},{"damage":30,"enemies":"2 Thieves","floor":20,"turns":4},{"damage":22,"enemies":"Snake Plant","floor":21,"turns":4},{"damage":19,"enemies":"Colosseum Slavers","floor":22,"turns":2}],"seed_played":"-5137644066814295239","potions_obtained":[{"floor":7,"key":"Regen Potion"},{"floor":8,"key":"Ancient Potion"},{"floor":11,"key":"Ancient Potion"},{"floor":16,"key":"AttackPotion"},{"floor":18,"key":"Strength Potion"},{"floor":21,"key":"Block Potion"}],"is_trial":false,"path_per_floor":["M","?","$","M","M","R","E","M","T","R","M","?","M","?","R","B",null,"M","?","M","M","?"],"character_chosen":"IRONCLAD","items_purchased":["Shrug It Off"],"campfire_rested":2,"item_purchase_floors":[3],"current_hp_per_floor":[78,78,78,80,80,80,39,36,36,60,58,58,44,36,60,34,69,58,58,34,18,0],"gold":473,"neow_bonus":"THREE_ENEMY_KILL","is_prod":false,"is_daily":false,"chose_seed":false,"campfire_upgraded":1,"win_rate":0,"timestamp":1549389263,"path_taken":["M","?","$","?","M","R","E","M","T","R","M","?","M","?","R","BOSS","M","?","?","M","?"],"build_version":"2019-01-23","purchased_purges":1,"victory":false,"max_hp_per_floor":[80,80,80,80,80,80,80,80,80,80,80,80,80,80,80,80,80,80,80,80,80,80],"card_choices":[{"not_picked":["Iron Wave","Searing Blow","Perfected Strike"],"picked":"SKIP","floor":1},{"not_picked":["Cleave","Sword Boomerang","Dual Wield"],"picked":"SKIP","floor":4},{"not_picked":["Fire Breathing","Body Slam"],"picked":"Clothesline","floor":5},{"not_picked":["Twin Strike","Sever Soul","Searing Blow"],"picked":"SKIP","floor":7},{"not_picked":["Warcry","Corruption","Reckless Charge"],"picked":"SKIP","floor":8},{"not_picked":["Headbutt","Iron Wave","Sentinel"],"picked":"SKIP","floor":11},{"not_picked":["Anger","Headbutt"],"picked":"Disarm","floor":13},{"not_picked":["Impervious","Bludgeon"],"picked":"Limit Break","floor":16},{"not_picked":["Havoc","Rage"],"picked":"Pommel Strike","floor":18},{"not_picked":["Combust","Flex+1"],"picked":"Whirlwind","floor":20},{"not_picked":["Sword Boomerang","Warcry+1","Headbutt"],"picked":"SKIP","floor":21}],"player_experience":179335,"relics_obtained":[{"floor":7,"key":"The Courier"},{"floor":9,"key":"Bronze Scales"}],"event_choices":[{"damage_healed":0,"gold_gain":0,"player_choice":"Forge","damage_taken":0,"max_hp_gain":0,"max_hp_loss":0,"event_name":"Accursed Blacksmith","floor":2,"gold_loss":0,"cards_upgraded":["Bash"]},{"damage_healed":0,"gold_gain":0,"player_choice":"Ignored","damage_taken":0,"max_hp_gain":0,"max_hp_loss":0,"event_name":"Liars Game","floor":12,"gold_loss":0},{"damage_healed":0,"gold_gain":75,"player_choice":"Touch","damage_taken":8,"max_hp_gain":0,"max_hp_loss":0,"event_name":"FaceTrader","floor":14,"gold_loss":0},{"damage_healed":0,"gold_gain":100,"player_choice":"Pray","damage_taken":0,"max_hp_gain":0,"max_hp_loss":0,"event_name":"Golden Shrine","floor":19,"gold_loss":0},{"damage_healed":0,"gold_gain":0,"player_choice":"Fight","damage_taken":0,"max_hp_gain":0,"max_hp_loss":0,"event_name":"Colosseum","floor":22,"gold_loss":0}],"is_beta":false,"boss_relics":[{"not_picked":["Lizard Tail","Mark of Pain"],"picked":"Coffee Dripper"}],"items_purged_floors":[3],"is_endless":false,"potions_floor_spawned":[7,8,11,16,18,21],"killed_by":"Colosseum Slavers","ascension_level":10}