{"gold_per_floor":[115,290,304,304,66,66,16,16,16,16,16,32,67,86,86,86],"floor_reached":16,"playtime":579,"items_purged":[],"score":118,"play_id":"4956c0a1-5553-4e63-9adb-8bbe333cd7d1","local_time":"20181210023328","is_ascension_mode":true,"campfire_choices":[{"data":"Caltrops","floor":6,"key":"SMITH"},{"floor":8,"key":"RECALL"},{"data":"Neutralize","floor":10,"key":"SMITH"},{"data":"Neutralize","floor":15,"key":"SMITH"}],"neow_cost":"NONE","seed_source_timestamp":1848835294928200,"circlet_count":0,"master_deck":["Defend_G","Defend_G","Defend_G","Defend_G","Defend_G","Strike_G","Strike_G","Strike_G","Survivor","Neutralize+1","Bane","Backflip","Neutralize+1","Caltrops+1"],"relics":["Ring of the Snake","DollysMirror","Singing Bowl","Bag of Preparation"],"potions_floor_usage":[13],"damage_taken":[{"damage":3,"enemies":"Small Slimes","floor":1,"turns":7},{"damage":0,"enemies":"2 Louse","floor":3,"turns":2},{"damage":0,"enemies":"Jaw Worm","floor":12,"turns":6},{"damage":12,"enemies":"3 Sentries","floor":13,"turns":9},{"damage":1,"enemies":"2 Fungi Beasts","floor":14,"turns":4},{"damage":74,"enemies":"Slime Boss","floor":16,"turns":14}],"seed_played":"-7772414701255593655","potions_obtained":[{"floor":3,"key":"PowerPotion"},{"floor":13,"key":"FairyPotion"},{"floor":14,"key":"Energy Potion"}],"is_trial":false,"path_per_floor":["M","?","M","?","$","R","?","R","T","R","?","M","E","M","R","B"],"character_chosen":"THE_SILENT","items_purchased":["DollysMirror","Caltrops"],"campfire_rested":0,"item_purchase_floors":[5,5],"current_hp_per_floor":[74,74,74,74,74,74,74,74,74,74,67,69,59,60,60,0],"gold":86,"neow_bonus":"TEN_PERCENT_HP_BONUS","is_prod":false,"is_daily":false,"chose_seed":false,"campfire_upgraded":3,"win_rate":0,"timestamp":1544405608,"path_taken":["M","?","M","?","?","R","?","R","T","R","?","M","E","M","R","BOSS"],"build_version":"2018-12-06","purchased_purges":0,"victory":false,"max_hp_per_floor":[77,77,77,77,77,77,77,77,77,77,77,79,81,83,83,83],"card_choices":[{"not_picked":["Quick Slash","Slice"],"picked":"Bane","floor":1},{"not_picked":["Quick Slash","Escape Plan"],"picked":"Backflip","floor":3},{"not_picked":["Underhanded Strike","Flying Knee","Setup"],"picked":"Singing Bowl","floor":12},{"not_picked":["Quick Slash","Sucker Punch","PiercingWail"],"picked":"Singing Bowl","floor":13},{"not_picked":["Quick Slash","Blade Dance","Accuracy"],"picked":"Singing Bowl","floor":14}],"player_experience":794381,"relics_obtained":[{"floor":9,"key":"Singing Bowl"},{"floor":13,"key":"Bag of Preparation"}],"event_choices":[{"damage_healed":0,"gold_gain":175,"player_choice":"AGREE","damage_taken":0,"max_hp_gain":0,"max_hp_loss":0,"event_name":"Liars Game","floor":2,"gold_loss":0,"cards_obtained":["Doubt"]},{"cards_removed":["Doubt"],"damage_healed":0,"gold_gain":0,"player_choice":"Forget","damage_taken":0,"max_hp_gain":0,"max_hp_loss":0,"event_name":"Living Wall","floor":4,"gold_loss":0},{"cards_removed":["Strike_G"],"damage_healed":0,"gold_gain":0,"player_choice":"Card Removal","damage_taken":0,"max_hp_gain":0,"max_hp_loss":0,"event_name":"The Cleric","floor":7,"gold_loss":50},{"cards_removed":["Strike_G"],"damage_healed":0,"gold_gain":0,"player_choice":"Card Removal","damage_taken":7,"max_hp_gain":0,"max_hp_loss":0,"event_name":"Golden Wing","floor":11,"gold_loss":0}],"is_beta":false,"boss_relics":[],"items_purged_floors":[],"is_endless":false,"potions_floor_spawned":[3,13,14],"killed_by":"Slime Boss","ascension_level":4}