{"gold_per_floor":[112,127,127,141,158,192,76,111,111,36,48,58,58],"floor_reached":13,"playtime":601,"items_purged":[],"score":160,"play_id":"9950cb64-82c1-43eb-83db-67174a181b8f","local_time":"20190211194536","is_ascension_mode":true,"campfire_choices":[],"neow_cost":"NONE","seed_source_timestamp":2017242386628627,"circlet_count":0,"master_deck":["AscendersBane","Strike_B","Strike_B","Strike_B","Strike_B","Defend_B","Defend_B","Defend_B","Defend_B","Zap+1","Dualcast","Static Discharge","Gash","Glacier","Go for the Eyes","Echo Form","Rebound","White Noise","Compile Driver","Melter","Streamline","Defragment"],"relics":["Cracked Core","NeowsBlessing","Blood Vial","Dream Catcher","Bag of Preparation"],"potions_floor_usage":[6,8,8],"damage_taken":[{"damage":0,"enemies":"Cultist","floor":1,"turns":1},{"damage":0,"enemies":"Jaw Worm","floor":2,"turns":1},{"damage":0,"enemies":"Small Slimes","floor":4,"turns":1},{"damage":3,"enemies":"Blue Slaver","floor":5,"turns":4},{"damage":22,"enemies":"3 Sentries","floor":6,"turns":7},{"damage":36,"enemies":"Gremlin Nob","floor":8,"turns":4},{"damage":10,"enemies":"2 Fungi Beasts","floor":11,"turns":4},{"damage":0,"enemies":"Exordium Thugs","floor":12,"turns":3},{"damage":7,"enemies":"3 Sentries","floor":13,"turns":2}],"seed_played":"-7556909329980544585","potions_obtained":[{"floor":1,"key":"Strength Potion"},{"floor":4,"key":"FearPotion"},{"floor":6,"key":"AttackPotion"},{"floor":11,"key":"Poison Potion"}],"is_trial":false,"path_per_floor":["M","M","?","M","M","E","$","E","T","$","M","M","E"],"character_chosen":"DEFECT","items_purchased":["Rebound","White Noise","Melter"],"campfire_rested":0,"item_purchase_floors":[7,7,10],"current_hp_per_floor":[68,68,68,68,65,43,43,9,9,9,1,3,0],"gold":58,"neow_bonus":"THREE_ENEMY_KILL","is_prod":false,"is_daily":false,"chose_seed":false,"campfire_upgraded":0,"win_rate":0,"timestamp":1549914336,"path_taken":["M","?","?","?","?","E","$","E","T","$","M","M","E"],"build_version":"2019-01-23","purchased_purges":0,"victory":false,"max_hp_per_floor":[75,75,75,75,75,75,75,75,75,75,75,75,75],"card_choices":[{"not_picked":["Darkness","Beam Cell"],"picked":"Static Discharge","floor":1},{"not_picked":["Reprogram","Rip and Tear"],"picked":"Gash","floor":2},{"not_picked":["Steam Power","Doom and Gloom"],"picked":"Glacier","floor":4},{"not_picked":["Heatsinks","Conserve Battery"],"picked":"Go for the Eyes","floor":5},{"not_picked":["Go for the Eyes","Stack"],"picked":"Echo Form","floor":6},{"not_picked":["Barrage","Chill"],"picked":"Compile Driver","floor":8},{"not_picked":["Reprogram","Conserve Battery"],"picked":"Streamline","floor":11},{"not_picked":["Force Field","Hologram"],"picked":"Defragment","floor":12}],"player_experience":1324615,"relics_obtained":[{"floor":6,"key":"Blood Vial"},{"floor":8,"key":"Dream Catcher"},{"floor":9,"key":"Bag of Preparation"}],"event_choices":[{"damage_healed":0,"gold_gain":0,"player_choice":"Upgraded","damage_taken":0,"max_hp_gain":0,"max_hp_loss":0,"event_name":"Upgrade Shrine","floor":3,"gold_loss":0,"cards_upgraded":["Zap"]}],"is_beta":false,"boss_relics":[],"items_purged_floors":[],"is_endless":false,"potions_floor_spawned":[1,4,6,11],"killed_by":"3 Sentries","ascension_level":13}