{"gold_per_floor":[214,227,4,23,23,49,49,83,135,163,163,163,14,31,31,31],"floor_reached":16,"playtime":605,"items_purged":["Strike_G"],"score":142,"play_id":"1899eeae-afab-4d83-98a2-6995bf46656d","local_time":"20181227211520","is_ascension_mode":true,"campfire_choices":[{"floor":12,"key":"REST"},{"floor":15,"key":"REST"}],"neow_cost":"NONE","seed_source_timestamp":7677543812200,"circlet_count":0,"master_deck":["Defend_G","Defend_G+1","Defend_G","Defend_G","Defend_G+1","Strike_G+1","Strike_G","Strike_G","Strike_G+1","Survivor","Neutralize","Leg Sweep+1","Footwork","Deadly Poison","Bouncing Flask","Calculated Gamble","Footwork"],"relics":["Ring of the Snake","PreservedInsect","Meat on the Bone","War Paint","Torii","Tingsha"],"potions_floor_usage":[10,16],"damage_taken":[{"damage":1,"enemies":"Cultist","floor":1,"turns":4},{"damage":0,"enemies":"Small Slimes","floor":2,"turns":5},{"damage":0,"enemies":"2 Louse","floor":4,"turns":3},{"damage":43,"enemies":"Gremlin Nob","floor":6,"turns":5},{"damage":11,"enemies":"Lagavulin","floor":8,"turns":12},{"damage":19,"enemies":"Gremlin Nob","floor":10,"turns":4},{"damage":0,"enemies":"Large Slime","floor":14,"turns":8},{"damage":61,"enemies":"Slime Boss","floor":16,"turns":12}],"seed_played":"-2868544652793159643","potions_obtained":[{"floor":1,"key":"GhostInAJar"},{"floor":4,"key":"LiquidBronze"},{"floor":10,"key":"Energy Potion"}],"is_trial":false,"path_per_floor":["M","M","$","M","?","E","?","E","T","E","?","R","$","M","R","B"],"character_chosen":"THE_SILENT","items_purchased":["PreservedInsect","Footwork","Footwork"],"campfire_rested":2,"item_purchase_floors":[3,3,13],"current_hp_per_floor":[69,69,69,69,69,26,23,24,24,17,3,24,24,36,57,0],"gold":31,"neow_bonus":"HUNDRED_GOLD","is_prod":false,"is_daily":false,"chose_seed":false,"campfire_upgraded":0,"win_rate":0,"timestamp":1545941720,"path_taken":["M","M","$","M","?","E","?","E","T","E","?","R","?","M","R","BOSS"],"build_version":"2018-12-20","purchased_purges":1,"victory":false,"max_hp_per_floor":[70,70,70,70,70,70,70,70,70,70,70,70,70,70,70,70],"card_choices":[{"not_picked":["Tactician","Blade Dance"],"picked":"Leg Sweep","floor":1},{"not_picked":["Skewer","Cloak And Dagger","Dodge and Roll"],"picked":"SKIP","floor":2},{"not_picked":["Deflect","Poisoned Stab"],"picked":"Deadly Poison","floor":4},{"not_picked":["Backstab","Skewer","Storm of Steel"],"picked":"SKIP","floor":6},{"not_picked":["Heel Hook","Expertise"],"picked":"Bouncing Flask","floor":8},{"not_picked":["Slice","Eviscerate"],"picked":"Calculated Gamble","floor":10},{"not_picked":["Slice","Quick Slash","PiercingWail"],"picked":"SKIP","floor":14}],"player_experience":815723,"relics_obtained":[{"floor":6,"key":"Meat on the Bone"},{"floor":8,"key":"Torii"},{"floor":10,"key":"Tingsha"}],"event_choices":[{"damage_healed":0,"gold_gain":0,"player_choice":"Grow","damage_taken":0,"max_hp_gain":0,"max_hp_loss":0,"event_name":"Living Wall","floor":5,"gold_loss":0,"cards_upgraded":["Leg Sweep"]},{"damage_healed":0,"gold_gain":0,"player_choice":"Success","damage_taken":3,"relics_obtained":["War Paint"],"max_hp_gain":0,"max_hp_loss":0,"event_name":"Scrap Ooze","floor":7,"gold_loss":0},{"damage_healed":0,"gold_gain":0,"player_choice":"Entered Light","damage_taken":14,"max_hp_gain":0,"max_hp_loss":0,"event_name":"Shining Light","floor":11,"gold_loss":0,"cards_upgraded":["Strike_G","Strike_G"]}],"is_beta":false,"boss_relics":[],"items_purged_floors":[13],"is_endless":false,"potions_floor_spawned":[1,4,10],"killed_by":"Slime Boss","ascension_level":4}