{"gold_per_floor":[119,119,138,148,73,73,93,93,93,103,119,129,129,143,143,245,245,255,275,130,141,141,173,173,173,196,295,305,36,53,73,73,178,178,191,204,54,72,85,85,4,4,4,4,18,35,45,62,62,62],"floor_reached":50,"playtime":1402,"items_purged":["Defend_R","Defend_R","Strike_R","Strike_R"],"score":489,"play_id":"ff5e4f54-b20f-433e-8bb8-2af16136e4b8","local_time":"20180920131334","is_ascension_mode":false,"campfire_choices":[{"data":"Whirlwind","floor":6,"key":"SMITH"},{"data":"Flex","floor":8,"key":"SMITH"},{"data":"Bash","floor":13,"key":"SMITH"},{"floor":15,"key":"REST"},{"floor":25,"key":"REST"},{"floor":32,"key":"REST"},{"floor":40,"key":"REST"},{"floor":42,"key":"REST"},{"floor":44,"key":"REST"},{"floor":49,"key":"REST"}],"neow_cost":"NONE","seed_source_timestamp":776835995672822,"circlet_count":0,"master_deck":["Strike_R","Strike_R","Defend_R+1","Defend_R+1","Bash+1","Flex+1","Whirlwind+1","Double Tap","Flex","Inflame","Shockwave","Offering","Demon Form","Limit Break","Flex+1"],"relics":["Burning Blood","NeowsBlessing","Ornamental Fan","Fusion Hammer","Torii","Red Skull","Bag of Preparation","Cursed Key"],"potions_floor_usage":[16,16,23,39,39],"damage_taken":[{"damage":0,"enemies":"Small Slimes","floor":1,"turns":1},{"damage":0,"enemies":"2 Louse","floor":3,"turns":1},{"damage":0,"enemies":"Cultist","floor":4,"turns":1},{"damage":0,"enemies":"Lots of Slimes","floor":7,"turns":1},{"damage":9,"enemies":"2 Fungi Beasts","floor":10,"turns":3},{"damage":12,"enemies":"Exordium Thugs","floor":11,"turns":4},{"damage":14,"enemies":"Large Slime","floor":12,"turns":6},{"damage":11,"enemies":"Exordium Wildlife","floor":14,"turns":2},{"damage":77,"enemies":"Hexaghost","floor":16,"turns":11},{"damage":10,"enemies":"2 Thieves","floor":18,"turns":2},{"damage":0,"enemies":"Spheric Guardian","floor":19,"turns":1},{"damage":20,"enemies":"Shelled Parasite and Fungi","floor":21,"turns":3},{"damage":0,"enemies":"Gremlin Leader","floor":23,"turns":4},{"damage":26,"enemies":"Snake Plant","floor":28,"turns":3},{"damage":6,"enemies":"Snecko","floor":30,"turns":2},{"damage":0,"enemies":"Sentry and Sphere","floor":31,"turns":1},{"damage":31,"enemies":"Automaton","floor":33,"turns":6},{"damage":15,"enemies":"3 Shapes","floor":35,"turns":2},{"damage":0,"enemies":"3 Darklings","floor":36,"turns":1},{"damage":16,"enemies":"Spire Growth","floor":38,"turns":3},{"damage":44,"enemies":"4 Shapes","floor":39,"turns":10},{"damage":6,"enemies":"3 Darklings","floor":45,"turns":1},{"damage":28,"enemies":"Transient","floor":46,"turns":5},{"damage":13,"enemies":"4 Shapes","floor":47,"turns":3},{"damage":7,"enemies":"Reptomancer","floor":48,"turns":3},{"damage":78,"enemies":"Awakened One","floor":50,"turns":7}],"seed_played":"-2424010408776604882","potions_obtained":[{"floor":4,"key":"Fire Potion"},{"floor":7,"key":"Dexterity Potion"},{"floor":10,"key":"Weak Potion"},{"floor":18,"key":"Dexterity Potion"},{"floor":19,"key":"FearPotion"},{"floor":31,"key":"BloodPotion"},{"floor":35,"key":"Fire Potion"},{"floor":38,"key":"PowerPotion"}],"is_trial":false,"path_per_floor":["M","?","M","M","$","R","M","R","T","M","M","M","R","M","R","B",null,"M","M","$","M","?","E","?","R","T","?","M","$","M","M","R","B",null,"M","M","$","M","M","R","$","R","T","R","M","M","M","M","R"],"character_chosen":"IRONCLAD","items_purchased":["Flex","Bag of Preparation","Limit Break"],"campfire_rested":7,"item_purchase_floors":[20,29,41],"current_hp_per_floor":[80,64,70,76,76,76,80,80,80,77,71,63,63,58,80,9,80,76,80,80,66,66,72,72,80,80,80,60,60,60,66,80,55,80,71,77,77,67,37,61,61,80,80,80,80,58,51,50,74,0],"gold":62,"neow_bonus":"THREE_ENEMY_KILL","is_prod":false,"is_daily":false,"chose_seed":false,"campfire_upgraded":3,"win_rate":0,"timestamp":1537463614,"path_taken":["M","?","?","M","$","R","M","R","T","?","M","M","R","M","R","BOSS","M","M","$","M","?","E","?","R","T","?","M","$","M","?","R","BOSS","M","?","$","M","?","R","?","R","T","R","M","M","M","M","R","BOSS"],"build_version":"2018-09-06","purchased_purges":4,"victory":false,"max_hp_per_floor":[80,80,80,80,80,80,80,80,80,80,80,80,80,80,80,80,80,80,80,80,80,80,80,80,80,80,80,80,80,80,80,80,80,80,80,80,80,80,80,80,80,80,80,80,80,80,80,80,80,80],"card_choices":[{"not_picked":["Seeing Red","Bloodletting"],"picked":"Flex","floor":1},{"not_picked":["Sentinel","Rage"],"picked":"Whirlwind","floor":3},{"not_picked":["Cleave","Sword Boomerang","Wild Strike"],"picked":"SKIP","floor":4},{"not_picked":["Anger","Iron Wave","Searing Blow"],"picked":"SKIP","floor":7},{"not_picked":["Pommel Strike","Havoc","Shrug It Off"],"picked":"SKIP","floor":10},{"not_picked":["Anger","Clothesline","Shrug It Off"],"picked":"SKIP","floor":11},{"not_picked":["Uppercut","Dual Wield","Iron Wave"],"picked":"SKIP","floor":12},{"not_picked":["Headbutt","Anger","Pommel Strike"],"picked":"SKIP","floor":14},{"not_picked":["Berserk","Dark Embrace"],"picked":"Double Tap","floor":16},{"not_picked":["Sever Soul","Ghostly Armor","Hemokinesis"],"picked":"SKIP","floor":18},{"not_picked":["Clash","Fire Breathing","Heavy Blade"],"picked":"SKIP","floor":19},{"not_picked":["Twin Strike","Spot Weakness"],"picked":"Inflame","floor":21},{"not_picked":["Clothesline","Feel No Pain+1","Clash"],"picked":"SKIP","floor":23},{"not_picked":["Entrench+1","Feel No Pain"],"picked":"Offering","floor":28},{"not_picked":["Body Slam","Shrug It Off+1","Searing Blow"],"picked":"SKIP","floor":30},{"not_picked":["Reckless Charge","Cleave+1","Perfected Strike"],"picked":"SKIP","floor":31},{"not_picked":["Fiend Fire","Impervious"],"picked":"Demon Form","floor":33},{"not_picked":["Intimidate+1","Carnage+1","Perfected Strike"],"picked":"SKIP","floor":35},{"not_picked":["Body Slam+1","Wild Strike+1","Clash+1"],"picked":"SKIP","floor":36},{"not_picked":["Infernal Blade","Armaments+1","Havoc+1"],"picked":"SKIP","floor":38},{"not_picked":["Body Slam+1","Iron Wave+1","Havoc+1"],"picked":"SKIP","floor":39},{"not_picked":["Blood for Blood+1","Carnage"],"picked":"Flex+1","floor":45},{"not_picked":["Rampage+1","Havoc+1","Flex+1"],"picked":"SKIP","floor":46},{"not_picked":["Cleave","Twin Strike+1","Clash"],"picked":"SKIP","floor":47},{"not_picked":["Cleave","Iron Wave","Heavy Blade"],"picked":"SKIP","floor":48}],"player_experience":2791410,"relics_obtained":[{"floor":9,"key":"Ornamental Fan"},{"floor":23,"key":"Torii"},{"floor":26,"key":"Red Skull"}],"event_choices":[{"event_name":"Shining Light","player_choice":"Entered Light","floor":2,"damage_taken":0},{"event_name":"Bonfire Elementals","player_choice":"BASIC","floor":22,"damage_taken":0},{"event_name":"The Library","player_choice":"Read","floor":24,"damage_taken":0},{"event_name":"Nest","player_choice":"Stole From Cult","floor":27,"damage_taken":0}],"is_beta":false,"boss_relics":[{"not_picked":["Eternal Feather","Empty Cage"],"picked":"Fusion Hammer"},{"not_picked":["Calling Bell","Runic Cube"],"picked":"Cursed Key"}],"items_purged_floors":[5,20,29,37],"is_endless":false,"potions_floor_spawned":[4,7,10,12,18,19,31,35,38],"killed_by":"Awakened One","ascension_level":0}