{"gold_per_floor":[112,124,25,41,5,33,33,33,33,47,79,79,108,108,108,203,203,222,232,249,249],"floor_reached":21,"playtime":1396,"items_purged":[],"score":318,"play_id":"72fe188b-56df-468b-8ce9-e2d4820bf9af","local_time":"20190109002348","is_ascension_mode":true,"campfire_choices":[{"floor":12,"key":"REST"},{"floor":15,"key":"REST"}],"neow_cost":"NONE","seed_source_timestamp":1734500822408389,"circlet_count":0,"master_deck":["AscendersBane","Strike_B","Strike_B","Strike_B","Strike_B","Defend_B","Defend_B","Defend_B","Defend_B","Zap","Dualcast","Self Repair","Defragment","Cold Snap","Streamline","Heatsinks","Machine Learning","Regret","Beam Cell","Echo Form","Streamline","Multi-Cast","Sweeping Beam","Sweeping Beam","Capacitor"],"relics":["Cursed Key","Mummified Hand","Pear","Bottled Tornado","Girya","Runic Pyramid"],"potions_floor_usage":[11,11,20],"damage_taken":[{"damage":5,"enemies":"Small Slimes","floor":1,"turns":4},{"damage":2,"enemies":"Jaw Worm","floor":2,"turns":3},{"damage":1,"enemies":"Cultist","floor":4,"turns":5},{"damage":20,"enemies":"3 Sentries","floor":6,"turns":8},{"damage":8,"enemies":"Looter","floor":10,"turns":3},{"damage":17,"enemies":"Gremlin Nob","floor":11,"turns":5},{"damage":28,"enemies":"3 Sentries","floor":13,"turns":6},{"damage":39,"enemies":"The Guardian","floor":16,"turns":9},{"damage":9,"enemies":"Chosen","floor":18,"turns":6},{"damage":45,"enemies":"2 Thieves","floor":19,"turns":4},{"damage":45,"enemies":"Snake Plant","floor":20,"turns":3},{"damage":12,"enemies":"Shelled Parasite and Fungi","floor":21,"turns":1}],"seed_played":"4246448962222880550","potions_obtained":[{"floor":1,"key":"Weak Potion"},{"floor":6,"key":"Block Potion"},{"floor":13,"key":"FearPotion"},{"floor":14,"key":"FocusPotion"}],"is_trial":false,"path_per_floor":["M","M","$","M","$","E","?","?","T","M","E","R","E","?","R","B",null,"M","M","M","M"],"character_chosen":"DEFECT","items_purchased":["Defragment","Cold Snap","Heatsinks"],"campfire_rested":2,"item_purchase_floors":[3,3,5],"current_hp_per_floor":[63,68,68,74,74,61,61,61,71,70,60,85,64,64,85,60,79,84,46,1,0],"gold":249,"neow_bonus":"BOSS_RELIC","is_prod":false,"is_daily":false,"chose_seed":false,"campfire_upgraded":0,"win_rate":0,"timestamp":1546993428,"path_taken":["M","M","$","M","$","E","?","?","T","M","E","R","E","?","R","BOSS","M","M","M","?"],"build_version":"2019-01-03v4","purchased_purges":0,"victory":false,"max_hp_per_floor":[75,75,75,75,75,75,75,75,85,85,85,85,85,85,85,85,85,85,85,85,85],"card_choices":[{"not_picked":["Coolheaded","Sweeping Beam"],"picked":"Self Repair","floor":1},{"not_picked":["Aggregate","Fusion","Stack"],"picked":"SKIP","floor":2},{"not_picked":["Redo","Lockon"],"picked":"Streamline","floor":4},{"not_picked":["Loop","Hyperbeam"],"picked":"Machine Learning","floor":6},{"not_picked":["Rebound","Stack"],"picked":"Beam Cell","floor":10},{"not_picked":["Static Discharge","Multi-Cast"],"picked":"Echo Form","floor":11},{"not_picked":["Ball Lightning","Double Energy"],"picked":"Streamline","floor":13},{"not_picked":["Fission","Buffer"],"picked":"Multi-Cast","floor":16},{"not_picked":["Ball Lightning","Go for the Eyes"],"picked":"Sweeping Beam","floor":18},{"not_picked":["Rebound+1","Auto Shields"],"picked":"Sweeping Beam","floor":19},{"not_picked":["Compile Driver","Rebound+1"],"picked":"Capacitor","floor":20}],"player_experience":1154835,"relics_obtained":[{"floor":6,"key":"Mummified Hand"},{"floor":9,"key":"Pear"},{"floor":11,"key":"Bottled Tornado"},{"floor":13,"key":"Girya"}],"event_choices":[{"damage_healed":0,"gold_gain":0,"player_choice":"Ignored","damage_taken":0,"max_hp_gain":0,"max_hp_loss":0,"event_name":"Liars Game","floor":7,"gold_loss":0},{"damage_healed":0,"gold_gain":0,"player_choice":"Leave","damage_taken":0,"max_hp_gain":0,"max_hp_loss":0,"event_name":"The Cleric","floor":8,"gold_loss":0},{"damage_healed":0,"gold_gain":0,"player_choice":"Got Potions","damage_taken":0,"max_hp_gain":0,"max_hp_loss":0,"event_name":"Lab","floor":14,"gold_loss":0}],"is_beta":false,"boss_relics":[{"not_picked":["Calling Bell","Philosopher\u0027s Stone"],"picked":"Runic Pyramid"}],"items_purged_floors":[],"is_endless":false,"potions_floor_spawned":[1,6,10,13,19],"killed_by":"Shelled Parasite and Fungi","ascension_level":12}