{"gold_per_floor":[112,112,187,206,40,68,80,111,146,158,170,194,223,261,273,389,451,477,489,518,530,180,180,208,208],"floor_reached":25,"playtime":1725,"items_purged":["Strike_G"],"score":406,"play_id":"cd6c3280-b6dd-4b5d-94e8-fcb0fea23649","local_time":"20181209191912","is_ascension_mode":true,"campfire_choices":[{"floor":7,"key":"REST"},{"data":"Noxious Fumes","floor":11,"key":"SMITH"},{"floor":15,"key":"REST"},{"floor":23,"key":"REST"}],"neow_cost":"NONE","seed_source_timestamp":763116816785915,"circlet_count":0,"master_deck":["AscendersBane","Defend_G","Defend_G","Defend_G","Defend_G","Defend_G","Strike_G","Strike_G","Strike_G","Survivor","Neutralize","Footwork","Flying Knee","Mayhem","Dagger Throw","Noxious Fumes+1","Blur+1","Adrenaline","Glass Knife","Backflip","Cloak And Dagger","Noxious Fumes","Backflip","Dash","Deadly Poison","Catalyst+1"],"relics":["Ring of the Snake","NeowsBlessing","MawBank","Smiling Mask","FaceOfCleric","Omamori","Tiny House","Du-Vu Doll","Snake Skull","Oddly Smooth Stone"],"potions_floor_usage":[16,16,19,19,24],"damage_taken":[{"damage":0,"enemies":"Small Slimes","floor":1,"turns":1},{"damage":0,"enemies":"2 Louse","floor":4,"turns":1},{"damage":0,"enemies":"Gremlin Nob","floor":6,"turns":1},{"damage":1,"enemies":"Cultist","floor":8,"turns":4},{"damage":0,"enemies":"2 Fungi Beasts","floor":12,"turns":5},{"damage":13,"enemies":"3 Louse","floor":13,"turns":4},{"damage":30,"enemies":"3 Sentries","floor":14,"turns":7},{"damage":6,"enemies":"The Guardian","floor":16,"turns":12},{"damage":28,"enemies":"Chosen","floor":18,"turns":8},{"damage":17,"enemies":"Colosseum Slavers","floor":19,"turns":7},{"damage":2,"enemies":"3 Byrds","floor":20,"turns":5},{"damage":40,"enemies":"Slavers","floor":24,"turns":5},{"damage":32,"enemies":"Cultist and Chosen","floor":25,"turns":6}],"seed_played":"1442821687104093869","potions_obtained":[{"floor":8,"key":"Dexterity Potion"},{"floor":13,"key":"GamblersBrew"},{"floor":14,"key":"Block Potion"},{"floor":16,"key":"PowerPotion"},{"floor":17,"key":"FairyPotion"},{"floor":18,"key":"Fruit Juice"},{"floor":20,"key":"PowerPotion"}],"is_trial":false,"path_per_floor":["M","?","?","M","$","E","R","M","T","?","R","M","M","E","R","B",null,"M","?","M","?","$","R","E","M"],"character_chosen":"THE_SILENT","items_purchased":["Mayhem","Snake Skull","Backflip","Dash","Deadly Poison"],"campfire_rested":3,"item_purchase_floors":[5,22,22,22,22],"current_hp_per_floor":[63,56,45,45,45,45,66,65,65,65,65,66,54,25,46,41,71,44,33,32,32,32,58,19,0],"gold":208,"neow_bonus":"THREE_ENEMY_KILL","is_prod":false,"is_daily":false,"chose_seed":false,"campfire_upgraded":1,"win_rate":0,"timestamp":1544383152,"path_taken":["M","?","?","M","$","E","R","M","T","?","R","?","M","E","R","BOSS","M","?","M","?","$","R","E","M"],"build_version":"2018-12-06","purchased_purges":1,"victory":false,"max_hp_per_floor":[70,70,70,70,70,70,70,70,70,70,70,71,72,73,73,74,79,80,86,87,87,87,87,88,88],"card_choices":[{"not_picked":["Blade Dance","Endless Agony"],"picked":"Footwork","floor":1},{"not_picked":["Deadly Poison","Unload"],"picked":"Flying Knee","floor":4},{"not_picked":["Tactician","Finisher"],"picked":"Dagger Throw","floor":6},{"not_picked":["Slice","Concentrate"],"picked":"Noxious Fumes","floor":8},{"not_picked":["Calculated Gamble","Distraction","Deadly Poison"],"picked":"SKIP","floor":12},{"not_picked":["Choke","Slice"],"picked":"Blur","floor":13},{"not_picked":["Footwork","Prepared"],"picked":"Adrenaline","floor":14},{"not_picked":["Night Terror","Venomology"],"picked":"Glass Knife","floor":16},{"not_picked":["Quick Slash","Heel Hook"],"picked":"Backflip","floor":17},{"not_picked":["Endless Agony","Outmaneuver"],"picked":"Cloak And Dagger","floor":18},{"not_picked":["Predator+1","Backstab+1"],"picked":"Noxious Fumes","floor":20},{"not_picked":["Acrobatics+1","Slice"],"picked":"Catalyst+1","floor":24}],"player_experience":1002267,"relics_obtained":[{"floor":6,"key":"MawBank"},{"floor":9,"key":"Smiling Mask"},{"floor":14,"key":"Omamori"},{"floor":21,"key":"Du-Vu Doll"},{"floor":24,"key":"Oddly Smooth Stone"}],"event_choices":[{"cards_removed":["Strike_G"],"damage_healed":0,"gold_gain":0,"player_choice":"Card Removal","damage_taken":7,"max_hp_gain":0,"max_hp_loss":0,"event_name":"Golden Wing","floor":2,"gold_loss":0},{"damage_healed":0,"gold_gain":75,"player_choice":"Gather Gold","damage_taken":11,"max_hp_gain":0,"max_hp_loss":0,"event_name":"World of Goop","floor":3,"gold_loss":0},{"damage_healed":0,"gold_gain":0,"player_choice":"Trade","damage_taken":0,"relics_obtained":["FaceOfCleric"],"max_hp_gain":0,"max_hp_loss":0,"event_name":"FaceTrader","floor":10,"gold_loss":0},{"damage_healed":0,"gold_gain":0,"player_choice":"Fight","damage_taken":0,"max_hp_gain":0,"max_hp_loss":0,"event_name":"Colosseum","floor":19,"gold_loss":0},{"damage_healed":0,"gold_gain":0,"player_choice":"Fled From Nobs","damage_taken":0,"max_hp_gain":0,"max_hp_loss":0,"event_name":"Colosseum","floor":19,"gold_loss":0},{"damage_healed":0,"gold_gain":0,"player_choice":"Relic","damage_taken":0,"max_hp_gain":0,"max_hp_loss":0,"event_name":"Wheel of Change","floor":21,"gold_loss":0}],"is_beta":false,"boss_relics":[{"not_picked":["Philosopher\u0027s Stone","Sozu"],"picked":"Tiny House"}],"items_purged_floors":[22],"is_endless":false,"potions_floor_spawned":[8,13,14,16,18,19,20],"killed_by":"Cultist and Chosen","ascension_level":10}