{"gold_per_floor":[12,23,43,118,138,138,238,265,288,318,333,333,350,367,367,470,470,470,470,395,395,350,350,350,275,275,275,11,11,11,11,11,11,11,11,11,11,11,11,11,11,11,11,11,11,11,11,11,11,11],"floor_reached":51,"playtime":1433,"items_purged":["Strike_R","Pain"],"score":967,"play_id":"bdee2a32-9037-4207-8934-b738359556e6","local_time":"20190206214342","is_ascension_mode":true,"campfire_choices":[{"data":"1","floor":6,"key":"LIFT"},{"data":"2","floor":12,"key":"LIFT"},{"data":"3","floor":15,"key":"LIFT"},{"data":"Limit Break","floor":23,"key":"SMITH"},{"data":"Limit Break","floor":29,"key":"SMITH"},{"data":"Sword Boomerang","floor":32,"key":"SMITH"},{"data":"Double Tap","floor":40,"key":"SMITH"},{"floor":42,"key":"REST"},{"data":"Sword Boomerang","floor":44,"key":"SMITH"},{"floor":49,"key":"REST"}],"neow_cost":"NO_GOLD","seed_source_timestamp":447718303393000,"circlet_count":0,"master_deck":["Strike_R","Strike_R","Strike_R","Defend_R","Defend_R","Defend_R","Defend_R","Bash","Cleave","Sword Boomerang+1","Feel No Pain","Metallicize","Impervious","Spot Weakness","Sword Boomerang+1","Feed","Twin Strike","Limit Break+1","Flex","Iron Wave+1","Limit Break+1","Double Tap+1","Heavy Blade+1","Flex+1","Battle Trance+1"],"relics":["Burning Blood","Girya","Lantern","Vajra","Strawberry","Ectoplasm","Kunai","Ornamental Fan","Blood Vial","WarpedTongs","Philosopher\u0027s Stone","Bird Faced Urn","Toxic Egg 2"],"potions_floor_usage":[5,16,16,18,33,46,50],"damage_taken":[{"damage":6,"enemies":"Small Slimes","floor":1,"turns":5},{"damage":7,"enemies":"Jaw Worm","floor":2,"turns":3},{"damage":1,"enemies":"Cultist","floor":3,"turns":3},{"damage":7,"enemies":"Looter","floor":5,"turns":3},{"damage":33,"enemies":"3 Sentries","floor":8,"turns":8},{"damage":23,"enemies":"Gremlin Nob","floor":10,"turns":4},{"damage":0,"enemies":"Blue Slaver","floor":11,"turns":2},{"damage":0,"enemies":"Large Slime","floor":13,"turns":3},{"damage":12,"enemies":"Gremlin Gang","floor":14,"turns":3},{"damage":33,"enemies":"The Guardian","floor":16,"turns":6},{"damage":0,"enemies":"Spheric Guardian","floor":18,"turns":2},{"damage":13,"enemies":"2 Thieves","floor":22,"turns":4},{"damage":24,"enemies":"Gremlin Leader","floor":24,"turns":6},{"damage":0,"enemies":"3 Cultists","floor":30,"turns":3},{"damage":0,"enemies":"Snake Plant","floor":31,"turns":1},{"damage":22,"enemies":"Collector","floor":33,"turns":4},{"damage":12,"enemies":"3 Shapes","floor":35,"turns":4},{"damage":8,"enemies":"Orb Walker","floor":36,"turns":2},{"damage":2,"enemies":"Sphere and 2 Shapes","floor":37,"turns":2},{"damage":47,"enemies":"Writhing Mass","floor":38,"turns":4},{"damage":32,"enemies":"Reptomancer","floor":41,"turns":4},{"damage":0,"enemies":"Jaw Worm Horde","floor":45,"turns":3},{"damage":9,"enemies":"Sphere and 2 Shapes","floor":46,"turns":3},{"damage":36,"enemies":"3 Darklings","floor":48,"turns":4},{"damage":34,"enemies":"Donu and Deca","floor":50,"turns":4}],"seed_played":"1734245827498110580","potions_obtained":[{"floor":3,"key":"Explosive Potion"},{"floor":5,"key":"SpeedPotion"},{"floor":10,"key":"Fire Potion"},{"floor":11,"key":"GamblersBrew"},{"floor":13,"key":"BloodPotion"},{"floor":18,"key":"LiquidBronze"},{"floor":30,"key":"EssenceOfSteel"},{"floor":31,"key":"AttackPotion"},{"floor":35,"key":"LiquidBronze"},{"floor":45,"key":"Block Potion"}],"is_trial":false,"path_per_floor":["M","M","M","?","M","R","?","E","T","E","M","R","M","M","R","B",null,"M","?","?","T","M","R","E","$","T","?","$","R","M","M","R","B",null,"M","M","M","M","$","R","E","R","T","R","M","M","$","M","R","B",null],"character_chosen":"IRONCLAD","items_purchased":["Limit Break"],"campfire_rested":2,"item_purchase_floors":[28],"current_hp_per_floor":[72,71,76,65,64,64,64,37,37,27,33,33,39,36,36,18,72,78,78,78,78,74,74,56,56,56,56,56,56,67,75,75,61,87,83,83,89,50,50,50,26,54,54,54,66,69,69,48,77,53],"gold":11,"neow_bonus":"ONE_RARE_RELIC","is_prod":false,"is_daily":false,"chose_seed":false,"campfire_upgraded":5,"win_rate":0,"timestamp":1549514622,"path_taken":["M","M","M","?","M","R","?","E","T","E","M","R","M","M","R","BOSS","M","?","?","?","M","R","E","?","T","?","$","R","M","M","R","BOSS","M","?","M","M","$","R","E","R","T","R","M","M","$","M","R","BOSS"],"build_version":"2019-01-23","purchased_purges":2,"victory":true,"max_hp_per_floor":[80,80,80,80,80,80,80,80,80,87,87,87,87,90,90,90,90,90,90,90,90,93,93,93,93,93,93,93,93,96,96,96,96,96,96,96,96,96,96,96,96,96,96,96,96,96,96,99,99,99],"card_choices":[{"not_picked":["Anger","Pommel Strike"],"picked":"Cleave","floor":1},{"not_picked":["Evolve","Reckless Charge"],"picked":"Sword Boomerang","floor":2},{"not_picked":["Wild Strike","Evolve"],"picked":"Feel No Pain","floor":3},{"not_picked":["Twin Strike","Armaments"],"picked":"Metallicize","floor":5},{"not_picked":["Perfected Strike","Cleave"],"picked":"Impervious","floor":8},{"not_picked":["Havoc","Armaments"],"picked":"Spot Weakness","floor":10},{"not_picked":["True Grit","Clash"],"picked":"Sword Boomerang","floor":11},{"not_picked":["Flex","Pommel Strike"],"picked":"Feed","floor":13},{"not_picked":["Iron Wave","True Grit"],"picked":"Twin Strike","floor":14},{"not_picked":["Barricade","Bludgeon"],"picked":"Limit Break","floor":16},{"not_picked":["Fire Breathing","Power Through"],"picked":"Flex","floor":18},{"not_picked":["Thunderclap","Sever Soul"],"picked":"Iron Wave+1","floor":22},{"not_picked":["Cleave","Dropkick","Sword Boomerang"],"picked":"SKIP","floor":24},{"not_picked":["Armaments+1","Intimidate","Havoc"],"picked":"SKIP","floor":30},{"not_picked":["Intimidate","Corruption","Cleave+1"],"picked":"SKIP","floor":31},{"not_picked":["Berserk","Barricade"],"picked":"Double Tap","floor":33},{"not_picked":["Dual Wield+1","Dropkick+1"],"picked":"Heavy Blade+1","floor":35},{"not_picked":["Perfected Strike+1","Pommel Strike+1","Body Slam+1"],"picked":"SKIP","floor":36},{"not_picked":["Perfected Strike+1","Pommel Strike+1","Body Slam+1"],"picked":"SKIP","floor":36},{"not_picked":["Clash","Body Slam+1","Pommel Strike"],"picked":"SKIP","floor":37},{"not_picked":["Clash","Body Slam+1","Pommel Strike"],"picked":"SKIP","floor":37},{"not_picked":["Thunderclap+1","Iron Wave","Wild Strike"],"picked":"SKIP","floor":38},{"not_picked":["Berserk","True Grit+1","Dark Embrace"],"picked":"SKIP","floor":41},{"not_picked":["Intimidate+1","Clash+1"],"picked":"Flex+1","floor":45},{"not_picked":["Havoc+1","Cleave+1","Iron Wave"],"picked":"SKIP","floor":46},{"not_picked":["Intimidate+1","Burning Pact+1"],"picked":"Battle Trance+1","floor":48}],"player_experience":305264,"relics_obtained":[{"floor":8,"key":"Lantern"},{"floor":9,"key":"Vajra"},{"floor":10,"key":"Strawberry"},{"floor":21,"key":"Kunai"},{"floor":24,"key":"Ornamental Fan"},{"floor":26,"key":"Blood Vial"},{"floor":41,"key":"Bird Faced Urn"},{"floor":43,"key":"Toxic Egg 2"}],"event_choices":[{"damage_healed":0,"gold_gain":75,"player_choice":"Gather Gold","damage_taken":11,"max_hp_gain":0,"max_hp_loss":0,"event_name":"World of Goop","floor":4,"gold_loss":0},{"damage_healed":0,"gold_gain":100,"player_choice":"Pray","damage_taken":0,"max_hp_gain":0,"max_hp_loss":0,"event_name":"Golden Shrine","floor":7,"gold_loss":0},{"damage_healed":0,"gold_gain":0,"player_choice":"Ignored","damage_taken":0,"max_hp_gain":0,"max_hp_loss":0,"event_name":"Cursed Tome","floor":19,"gold_loss":0},{"cards_removed":["Strike_R"],"damage_healed":0,"gold_gain":0,"player_choice":"Gave Gold","damage_taken":0,"max_hp_gain":0,"max_hp_loss":0,"event_name":"Beggar","floor":20,"gold_loss":75},{"damage_healed":0,"gold_gain":0,"player_choice":"Rummage","damage_taken":0,"relics_obtained":["WarpedTongs"],"max_hp_gain":0,"max_hp_loss":0,"event_name":"Accursed Blacksmith","floor":27,"gold_loss":0,"cards_obtained":["Pain"]}],"is_beta":false,"boss_relics":[{"not_picked":["Black Blood","Lizard Tail"],"picked":"Ectoplasm"},{"not_picked":["Coffee Dripper","Black Star"],"picked":"Philosopher\u0027s Stone"}],"items_purged_floors":[25,28],"is_endless":false,"potions_floor_spawned":[3,5,10,11,13,18,30,31,35,45],"ascension_level":7}