{"gold_per_floor":[110,110,71,71,20,20,58,78,78,93,93,18,43,81,81,179,179,197,197,197,197,4,4],"floor_reached":23,"playtime":1137,"items_purged":["Strike_R"],"score":516,"play_id":"470e368c-4084-45d5-a773-081b60cd7b6c","local_time":"20190109224640","is_ascension_mode":true,"campfire_choices":[{"data":"Body Slam","floor":6,"key":"SMITH"},{"floor":15,"key":"REST"}],"neow_cost":"NONE","seed_source_timestamp":0,"circlet_count":0,"master_deck":["AscendersBane","Defend_R","Defend_R","Defend_R","Defend_R","Bash","Body Slam+1","Armaments","Rage","Shrug It Off","Demon Form","Pommel Strike","Armaments","Sword Boomerang","Heavy Blade","Impervious","Rage+1","Intimidate","Havoc"],"special_seed":0,"relics":["Runic Dome","Golden Idol","Omamori","Matryoshka","Lantern","Black Star","Smiling Mask","Nilry\u0027s Codex","OrangePellets"],"potions_floor_usage":[13,16,18,23],"damage_taken":[{"damage":2.0,"enemies":"2 Louse","floor":1.0,"turns":3.0},{"damage":19,"enemies":"3 Sentries","floor":7,"turns":11},{"damage":4,"enemies":"Jaw Worm","floor":8,"turns":3},{"damage":0,"enemies":"Small Slimes","floor":10,"turns":2},{"damage":2,"enemies":"Blue Slaver","floor":13,"turns":3},{"damage":12,"enemies":"Lagavulin","floor":14,"turns":5},{"damage":31,"enemies":"The Guardian","floor":16,"turns":8},{"damage":20,"enemies":"2 Thieves","floor":18,"turns":4},{"damage":21,"enemies":"Gremlin Leader","floor":23,"turns":4}],"seed_played":"6963857289588982662","potions_obtained":[{"floor":7,"key":"LiquidBronze"},{"floor":8,"key":"Poison Potion"},{"floor":10,"key":"BloodPotion"},{"floor":16,"key":"Fire Potion"},{"floor":18,"key":"SneckoOil"}],"is_trial":false,"path_per_floor":["M","?","$","?","$","R","E","M","T","M","?","$","M","E","R","B",null,"M","?","?","?","$","E"],"character_chosen":"IRONCLAD","items_purchased":["Rage","Shrug It Off","OrangePellets"],"campfire_rested":1,"item_purchase_floors":[3,5,22],"current_hp_per_floor":[66,66,66,66,66,66,47,43,43,43,36,36,40,28,48,17,55,35,35,35,14,14,0],"gold":4,"neow_bonus":"BOSS_RELIC","is_prod":false,"is_daily":false,"chose_seed":false,"campfire_upgraded":1,"win_rate":0,"timestamp":1547074000,"path_taken":["M","?","$","?","?","R","E","M","T","M","?","$","M","E","R","BOSS","M","?","?","?","$","E"],"build_version":"2019-01-03v4","purchased_purges":1,"victory":false,"max_hp_per_floor":[75,75,75,68,68,68,68,68,68,68,68,68,68,68,68,68,68,68,68,68,68,68,68],"card_choices":[{"not_picked":["Clash","True Grit"],"picked":"Body Slam","floor":1.0},{"not_picked":["Seeing Red","Whirlwind"],"picked":"Demon Form","floor":7},{"not_picked":["Fire Breathing","Wild Strike"],"picked":"Pommel Strike","floor":8},{"not_picked":["Havoc","Second Wind"],"picked":"Armaments","floor":10},{"not_picked":["Havoc","Wild Strike"],"picked":"Sword Boomerang","floor":13},{"not_picked":["Clothesline","Exhume"],"picked":"Heavy Blade","floor":14},{"not_picked":["Offering","Reaper"],"picked":"Impervious","floor":16},{"not_picked":["Seeing Red","Shockwave+1"],"picked":"Rage+1","floor":18}],"player_experience":1168540,"relics_obtained":[{"floor":7,"key":"Omamori"},{"floor":9,"key":"Matryoshka"},{"floor":14,"key":"Lantern"},{"floor":21,"key":"Nilry\u0027s Codex"}],"event_choices":[{"damage_healed":0.0,"max_hp_gain":0.0,"max_hp_loss":0.0,"gold_gain":0.0,"cards_transformed":["Strike_R"],"event_name":"Living Wall","player_choice":"Change","floor":2.0,"gold_loss":0.0,"damage_taken":0.0,"cards_obtained":["Armaments"]},{"damage_healed":0.0,"max_hp_gain":0.0,"max_hp_loss":7.0,"gold_gain":0.0,"event_name":"Golden Idol","player_choice":"Lose Max HP","floor":4.0,"gold_loss":0.0,"damage_taken":0.0,"relics_obtained":["Golden Idol"]},{"cards_removed":["Strike_R"],"damage_healed":0,"gold_gain":0,"player_choice":"Card Removal","damage_taken":7,"max_hp_gain":0,"max_hp_loss":0,"event_name":"Golden Wing","floor":11,"gold_loss":0},{"damage_healed":0,"gold_gain":0,"cards_transformed":["Strike_R","Strike_R"],"player_choice":"Became Test Subject","damage_taken":0,"max_hp_gain":0,"max_hp_loss":0,"event_name":"Drug Dealer","floor":19,"gold_loss":0,"cards_obtained":["Intimidate","Havoc"]},{"damage_healed":0,"gold_gain":0,"player_choice":"Opened","damage_taken":0,"relics_obtained":["Smiling Mask"],"max_hp_gain":0,"max_hp_loss":0,"event_name":"The Mausoleum","floor":20,"gold_loss":0,"cards_obtained":["Writhe"]},{"damage_healed":0,"gold_gain":0,"player_choice":"Obtained Book","damage_taken":21,"max_hp_gain":0,"max_hp_loss":0,"event_name":"Cursed Tome","floor":21,"gold_loss":0}],"is_beta":false,"boss_relics":[{"not_picked":["Cursed Key","Busted Crown"],"picked":"Black Star"}],"items_purged_floors":[12],"is_endless":false,"potions_floor_spawned":[7,8,10,16,18],"killed_by":"Gremlin Leader","ascension_level":15}