{"gold_per_floor":[116,116,191,366,51,77,88,118,144,163,163,182,212,223,223,223],"floor_reached":16,"playtime":796,"items_purged":[],"score":168,"play_id":"97f21889-cc73-4b17-94cf-6de3738d95be","local_time":"20190106024259","is_ascension_mode":true,"campfire_choices":[{"floor":15,"key":"REST"}],"neow_cost":"NONE","seed_source_timestamp":347789793237200,"circlet_count":0,"master_deck":["Defend_G","Defend_G","Defend_G","Defend_G","Defend_G","Strike_G","Strike_G","Strike_G","Strike_G","Strike_G","Survivor","Neutralize","Noxious Fumes","Catalyst","Prepared","Blur","Leg Sweep"],"relics":["Ring of the Snake","NeowsBlessing","Strawberry","TwistedFunnel","Blood Vial","Odd Mushroom","Smiling Mask","Spirit Poop","Ornamental Fan"],"potions_floor_usage":[13,13],"damage_taken":[{"damage":0,"enemies":"Jaw Worm","floor":1,"turns":1},{"damage":0,"enemies":"3 Sentries","floor":6,"turns":1},{"damage":0,"enemies":"2 Louse","floor":7,"turns":1},{"damage":13,"enemies":"The Mushroom Lair","floor":8,"turns":4},{"damage":3,"enemies":"Small Slimes","floor":10,"turns":4},{"damage":20,"enemies":"Exordium Wildlife","floor":12,"turns":6},{"damage":15,"enemies":"Lagavulin","floor":13,"turns":7},{"damage":2,"enemies":"Large Slime","floor":14,"turns":8},{"damage":52,"enemies":"Slime Boss","floor":16,"turns":13}],"seed_played":"-1296997973832374690","potions_obtained":[{"floor":1,"key":"SteroidPotion"},{"floor":7,"key":"Fruit Juice"},{"floor":12,"key":"Dexterity Potion"}],"is_trial":false,"path_per_floor":["M","?","?","?","$","E","M","?","T","M","?","M","E","M","R","B"],"character_chosen":"THE_SILENT","items_purchased":["TwistedFunnel","Noxious Fumes","Catalyst"],"campfire_rested":1,"item_purchase_floors":[5,5,5],"current_hp_per_floor":[70,70,59,59,59,59,61,50,50,49,49,31,23,23,47,0],"gold":223,"neow_bonus":"THREE_ENEMY_KILL","is_prod":false,"is_daily":false,"chose_seed":false,"campfire_upgraded":0,"win_rate":0,"timestamp":1546738979,"path_taken":["M","?","?","?","$","E","M","?","T","?","?","M","E","M","R","BOSS"],"build_version":"2019-01-03v4","purchased_purges":0,"victory":false,"max_hp_per_floor":[70,77,77,77,77,77,77,77,77,77,77,77,82,82,82,82],"card_choices":[{"not_picked":["Calculated Gamble","Sucker Punch","Flying Knee"],"picked":"SKIP","floor":1},{"not_picked":["Concentrate","Acrobatics"],"picked":"Prepared","floor":6},{"not_picked":["Setup","Prepared","Escape Plan"],"picked":"SKIP","floor":7},{"not_picked":["Accuracy","Underhanded Strike","Outmaneuver"],"picked":"SKIP","floor":10},{"not_picked":["Slice","Acrobatics","Quick Slash"],"picked":"SKIP","floor":12},{"not_picked":["Slice","Backflip"],"picked":"Blur","floor":13},{"not_picked":["Storm of Steel","Underhanded Strike"],"picked":"Leg Sweep","floor":14}],"player_experience":836267,"relics_obtained":[{"floor":6,"key":"Blood Vial"},{"floor":8,"key":"Odd Mushroom"},{"floor":9,"key":"Smiling Mask"},{"floor":13,"key":"Ornamental Fan"}],"event_choices":[{"damage_healed":0,"gold_gain":0,"player_choice":"Success","damage_taken":7,"relics_obtained":["Strawberry"],"max_hp_gain":0,"max_hp_loss":0,"event_name":"Scrap Ooze","floor":2,"gold_loss":0},{"damage_healed":0,"gold_gain":75,"player_choice":"Gather Gold","damage_taken":11,"max_hp_gain":0,"max_hp_loss":0,"event_name":"World of Goop","floor":3,"gold_loss":0},{"damage_healed":0,"gold_gain":175,"player_choice":"AGREE","damage_taken":0,"max_hp_gain":0,"max_hp_loss":0,"event_name":"Liars Game","floor":4,"gold_loss":0,"cards_obtained":["Doubt"]},{"damage_healed":0,"gold_gain":0,"player_choice":"Fought Mushrooms","damage_taken":0,"max_hp_gain":0,"max_hp_loss":0,"event_name":"Mushrooms","floor":8,"gold_loss":0},{"cards_removed":["Doubt"],"damage_healed":0,"gold_gain":0,"player_choice":"Offered Curse","damage_taken":0,"relics_obtained":["Spirit Poop"],"max_hp_gain":0,"max_hp_loss":0,"event_name":"Bonfire Elementals","floor":11,"gold_loss":0}],"is_beta":false,"boss_relics":[],"items_purged_floors":[],"is_endless":false,"potions_floor_spawned":[1,7,12],"killed_by":"Slime Boss","ascension_level":5}