{"gold_per_floor":[14,14,14,26,101,101,127,127,127,146,146,321,331,59,59,159,159,174,174,274,288,301,301,319,338,386,149,149,174,174,200,200,305,305,323,323,342,342,356,373,393,393,393,46,46,63,63,78,78,78],"floor_reached":51,"playtime":2145,"items_purged":["Doubt","Writhe"],"score":839,"play_id":"27a14db2-a42e-4df4-aff6-4b4a90c00a2f","local_time":"20181224001600","is_ascension_mode":true,"campfire_choices":[{"data":"Defragment","floor":6.0,"key":"SMITH"},{"floor":8.0,"key":"REST"},{"data":"Dualcast","floor":11.0,"key":"SMITH"},{"data":"Hologram","floor":15.0,"key":"SMITH"},{"floor":23.0,"key":"REST"},{"floor":28,"key":"REST"},{"floor":30,"key":"REST"},{"floor":32,"key":"REST"},{"data":"Biased Cognition","floor":45,"key":"SMITH"},{"data":"Defragment","floor":47,"key":"SMITH"},{"data":"1","floor":49,"key":"LIFT"}],"neow_cost":"NO_GOLD","seed_source_timestamp":352227074698873,"circlet_count":0,"master_deck":["Strike_B","Strike_B","Strike_B","Defend_B","Defend_B","Defend_B","Defend_B","Zap+1","Dualcast+1","Machine Learning","Streamline","Defragment+1","Ball Lightning","Hologram+1","Biased Cognition+1","Conserve Battery","Defragment+1","Ball Lightning","Glacier","Self Repair","Loop+1","Cold Snap+1","Panacea","Coolheaded+1"],"special_seed":0,"relics":["FrozenCore","Gambling Chip","Regal Pillow","Runic Capacitor","Velvet Choker","Shuriken","Girya","Bottled Lightning","Happy Flower","Juzu Bracelet","Oddly Smooth Stone","Pear","Orichalcum","Lee\u0027s Waffle"],"potions_floor_usage":[50,50],"damage_taken":[{"damage":0.0,"enemies":"2 Louse","floor":1.0,"turns":3.0},{"damage":2.0,"enemies":"Jaw Worm","floor":4.0,"turns":4.0},{"damage":35.0,"enemies":"3 Sentries","floor":7.0,"turns":6.0},{"damage":0.0,"enemies":"Cultist","floor":10.0,"turns":3.0},{"damage":1.0,"enemies":"Looter","floor":13.0,"turns":2.0},{"damage":18.0,"enemies":"The Guardian","floor":16.0,"turns":9.0},{"damage":0.0,"enemies":"Spheric Guardian","floor":18.0,"turns":2.0},{"damage":15.0,"enemies":"Colosseum Slavers","floor":20.0,"turns":3.0},{"damage":39.0,"enemies":"Colosseum Nobs","floor":20.0,"turns":4.0},{"damage":0.0,"enemies":"Chosen","floor":21.0,"turns":4.0},{"damage":25.0,"enemies":"Shelled Parasite and Fungi","floor":22.0,"turns":5.0},{"damage":23.0,"enemies":"3 Cultists","floor":24.0,"turns":5.0},{"damage":13.0,"enemies":"Snake Plant","floor":25.0,"turns":4.0},{"damage":34,"enemies":"Slavers","floor":29,"turns":5},{"damage":14,"enemies":"Book of Stabbing","floor":31,"turns":4},{"damage":13,"enemies":"Automaton","floor":33,"turns":8},{"damage":23,"enemies":"3 Darklings","floor":35,"turns":4},{"damage":0,"enemies":"Orb Walker","floor":37,"turns":3},{"damage":19,"enemies":"Spire Growth","floor":39,"turns":6},{"damage":33,"enemies":"Jaw Worm Horde","floor":40,"turns":5},{"damage":0,"enemies":"Maw","floor":41,"turns":6},{"damage":22,"enemies":"Spire Growth","floor":46,"turns":6},{"damage":10,"enemies":"Sphere and 2 Shapes","floor":48,"turns":6},{"damage":10,"enemies":"Donu and Deca","floor":50,"turns":8}],"seed_played":"-5034475844519860791","potions_obtained":[{"floor":10.0,"key":"Block Potion"},{"floor":13.0,"key":"SpeedPotion"},{"floor":18.0,"key":"FocusPotion"},{"floor":24.0,"key":"SkillPotion"},{"floor":29,"key":"SteroidPotion"},{"floor":35,"key":"FocusPotion"},{"floor":37,"key":"Ancient Potion"}],"is_trial":false,"path_per_floor":["M","?","?","M","?","R","E","R","T","M","R","?","M","$","R","B",null,"M","?","?","M","M","R","M","M","T","$","R","E","R","E","R","B",null,"M","?","M","?","M","M","M","?","T","$","R","M","R","M","R","B",null],"character_chosen":"DEFECT","items_purchased":["Runic Capacitor","Glacier","Self Repair","Orichalcum","Lee\u0027s Waffle"],"campfire_rested":5,"item_purchase_floors":[14,27,27,44,44],"current_hp_per_floor":[75,80,80,78,67,67,32,56,56,56,56,56,55,55,55,37,80,80,80,26,26,1,40,17,4,4,4,43,16,55,41,80,74,80,57,57,57,57,45,12,19,19,29,97,97,82,82,79,79,76],"gold":78,"neow_bonus":"THREE_RARE_CARDS","is_prod":false,"is_daily":false,"chose_seed":false,"campfire_upgraded":5,"win_rate":0,"timestamp":1545632160,"path_taken":["M","?","?","?","?","R","E","R","T","M","R","?","M","$","R","BOSS","M","?","?","M","M","R","M","M","T","?","R","E","R","E","R","BOSS","M","?","M","?","M","M","M","?","T","$","R","M","R","M","R","BOSS"],"build_version":"2018-12-20","purchased_purges":2,"victory":true,"max_hp_per_floor":[75,80,80,80,80,80,80,80,80,80,80,80,80,80,80,80,80,80,80,80,80,80,80,80,80,80,80,80,80,80,80,80,80,80,80,80,80,80,80,80,80,80,90,97,97,97,97,97,97,97],"card_choices":[{"not_picked":["Hyperbeam","Creative AI"],"picked":"Machine Learning","floor":0.0},{"not_picked":["Compile Driver","Rebound"],"picked":"Streamline","floor":1.0},{"not_picked":["Compile Driver","Sweeping Beam"],"picked":"Defragment","floor":4.0},{"not_picked":["Steam Power","Consume","Stack"],"picked":"SKIP","floor":7.0},{"not_picked":["Steam","Tempest"],"picked":"Ball Lightning","floor":10.0},{"not_picked":["Redo","Reprogram"],"picked":"Hologram","floor":13.0},{"not_picked":["Electrodynamics","Buffer"],"picked":"Biased Cognition","floor":16.0},{"not_picked":["Stack","Steam"],"picked":"Conserve Battery","floor":18.0},{"not_picked":["Auto Shields","Cold Snap"],"picked":"Defragment","floor":20.0},{"not_picked":["Stack","Fusion","Undo"],"picked":"SKIP","floor":21.0},{"not_picked":["Go for the Eyes","Fusion","Defragment"],"picked":"SKIP","floor":22.0},{"not_picked":["Turbo+1","Genetic Algorithm"],"picked":"Ball Lightning","floor":24.0},{"not_picked":["Fusion","Turbo+1","Creative AI"],"picked":"SKIP","floor":25.0},{"not_picked":["Heatsinks","Genetic Algorithm"],"picked":"Loop+1","floor":29},{"not_picked":["Stack","Genetic Algorithm+1","Auto Shields"],"picked":"SKIP","floor":31},{"not_picked":["Streamline","Compile Driver","Cold Snap+1"],"picked":"SKIP","floor":35},{"not_picked":["Streamline","Compile Driver"],"picked":"Cold Snap+1","floor":35},{"not_picked":["Stack+1","Hologram+1","Chill+1"],"picked":"SKIP","floor":37},{"not_picked":["Discovery","Sadistic Nature"],"picked":"Panacea","floor":38},{"not_picked":["Loop","Sunder+1","Sweeping Beam+1"],"picked":"SKIP","floor":39},{"not_picked":["Steam","Go for the Eyes","Leap"],"picked":"SKIP","floor":40},{"not_picked":["Ball Lightning","Hologram","Beam Cell+1"],"picked":"SKIP","floor":41},{"not_picked":["Blizzard","Chill"],"picked":"Coolheaded+1","floor":46},{"not_picked":["Redo+1","Compile Driver+1","Leap+1"],"picked":"SKIP","floor":48}],"player_experience":82892,"relics_obtained":[{"floor":7.0,"key":"Gambling Chip"},{"floor":9.0,"key":"Regal Pillow"},{"floor":20.0,"key":"Girya"},{"floor":20.0,"key":"Bottled Lightning"},{"floor":26.0,"key":"Happy Flower"},{"floor":29,"key":"Juzu Bracelet"},{"floor":31,"key":"Oddly Smooth Stone"},{"floor":43,"key":"Pear"}],"event_choices":[{"damage_healed":0.0,"max_hp_gain":5.0,"max_hp_loss":0.0,"gold_gain":0.0,"event_name":"Big Fish","player_choice":"Donut","floor":2.0,"gold_loss":0.0,"damage_taken":0.0},{"damage_healed":0.0,"max_hp_gain":0.0,"max_hp_loss":0.0,"gold_gain":0.0,"event_name":"Accursed Blacksmith","player_choice":"Forge","floor":3.0,"gold_loss":0.0,"damage_taken":0.0,"cards_upgraded":["Zap"]},{"damage_healed":0.0,"max_hp_gain":0.0,"max_hp_loss":0.0,"gold_gain":75.0,"event_name":"World of Goop","player_choice":"Gather Gold","floor":5.0,"gold_loss":0.0,"damage_taken":11.0},{"damage_healed":0.0,"max_hp_gain":0.0,"max_hp_loss":0.0,"gold_gain":175.0,"event_name":"Liars Game","player_choice":"AGREE","floor":12.0,"gold_loss":0.0,"damage_taken":0.0,"cards_obtained":["Doubt"]},{"damage_healed":0.0,"max_hp_gain":0.0,"max_hp_loss":0.0,"gold_gain":0.0,"event_name":"The Mausoleum","player_choice":"Opened","floor":19.0,"gold_loss":0.0,"damage_taken":0.0,"relics_obtained":["Shuriken"],"cards_obtained":["Writhe"]},{"damage_healed":0.0,"max_hp_gain":0.0,"max_hp_loss":0.0,"gold_gain":0.0,"event_name":"Colosseum","player_choice":"Fight","floor":20.0,"gold_loss":0.0,"damage_taken":0.0},{"damage_healed":0.0,"max_hp_gain":0.0,"max_hp_loss":0.0,"gold_gain":0.0,"event_name":"Colosseum","player_choice":"Fought Nobs","floor":20.0,"gold_loss":0.0,"damage_taken":0.0},{"damage_healed":0,"gold_gain":0,"player_choice":"Ignored","damage_taken":0,"max_hp_gain":0,"max_hp_loss":0,"event_name":"Tomb of Lord Red Mask","floor":36,"gold_loss":0},{"damage_healed":0,"gold_gain":0,"player_choice":"Memory 1","damage_taken":0,"max_hp_gain":0,"max_hp_loss":0,"event_name":"SensoryStone","floor":38,"gold_loss":0},{"cards_removed":["Strike_B"],"damage_healed":0,"gold_gain":0,"player_choice":"Removed Attack","damage_taken":0,"max_hp_gain":0,"max_hp_loss":0,"event_name":"Falling","floor":42,"gold_loss":0}],"is_beta":false,"boss_relics":[{"not_picked":["Calling Bell","Coffee Dripper"],"picked":"Velvet Choker"},{"not_picked":["Cursed Key","Busted Crown"],"picked":"FrozenCore"}],"items_purged_floors":[14,27],"is_endless":false,"potions_floor_spawned":[10,13,18,24,29,35,37],"ascension_level":4}