{"gold_per_floor":[110,127,146,221,221,221,236,236,305,54,54,76,94,109,109,109],"floor_reached":16,"playtime":653,"items_purged":[],"score":138,"play_id":"58d8dd7a-307d-4812-aab2-033ff0ebec01","local_time":"20181217155814","is_ascension_mode":true,"campfire_choices":[{"floor":6,"key":"REST"},{"data":"Hologram","floor":8,"key":"SMITH"},{"data":"Blind","floor":11,"key":"SMITH"},{"floor":15,"key":"REST"}],"neow_cost":"PERCENT_DAMAGE","seed_source_timestamp":338619075165453,"circlet_count":0,"master_deck":["AscendersBane","Strike_B","Strike_B","Defend_B","Defend_B","Defend_B","Defend_B","Zap+1","Dualcast","Cold Snap","All For One","Genetic Algorithm","Streamline","Go for the Eyes","Hologram+1","Blind+1","Core Surge","Steam Power","Turbo"],"relics":["Cracked Core","Bottled Flame","Omamori","Odd Mushroom"],"potions_floor_usage":[2],"damage_taken":[{"damage":0,"enemies":"2 Louse","floor":1,"turns":2},{"damage":10,"enemies":"Small Slimes","floor":2,"turns":4},{"damage":9,"enemies":"Jaw Worm","floor":3,"turns":3},{"damage":1,"enemies":"Looter","floor":7,"turns":3},{"damage":11,"enemies":"The Mushroom Lair","floor":12,"turns":4},{"damage":9,"enemies":"Large Slime","floor":13,"turns":4},{"damage":8,"enemies":"Lots of Slimes","floor":14,"turns":5},{"damage":48,"enemies":"Hexaghost","floor":16,"turns":10}],"seed_played":"-4731593131326194913","potions_obtained":[{"floor":1,"key":"Regen Potion"},{"floor":7,"key":"Weak Potion"},{"floor":14,"key":"Ancient Potion"}],"is_trial":false,"path_per_floor":["M","M","M","?","?","R","M","R","T","$","R","?","M","M","R","B"],"character_chosen":"DEFECT","items_purchased":["Omamori","Blind"],"campfire_rested":2,"item_purchase_floors":[10,10],"current_hp_per_floor":[50,52,43,32,32,54,53,53,53,53,53,42,33,25,47,0],"gold":109,"neow_bonus":"TRANSFORM_TWO_CARDS","is_prod":false,"is_daily":false,"chose_seed":false,"campfire_upgraded":2,"win_rate":0,"timestamp":1545080294,"path_taken":["M","M","M","?","?","R","M","R","T","$","R","?","M","M","R","BOSS"],"build_version":"2018-12-13","purchased_purges":0,"victory":false,"max_hp_per_floor":[75,75,75,75,75,75,75,75,75,75,75,75,75,75,75,75],"card_choices":[{"not_picked":["Steam Power","Conserve Battery"],"picked":"Genetic Algorithm","floor":1},{"not_picked":["Consume","Fusion"],"picked":"Streamline","floor":2},{"not_picked":["Redo","Sweeping Beam"],"picked":"Go for the Eyes","floor":3},{"not_picked":["Stack","Defragment"],"picked":"Hologram","floor":7},{"not_picked":["Static Discharge","Rebound"],"picked":"Core Surge","floor":12},{"not_picked":["Hologram","Sweeping Beam"],"picked":"Steam Power","floor":13},{"not_picked":["Barrage","Rebound"],"picked":"Turbo","floor":14}],"player_experience":401872,"relics_obtained":[{"floor":9,"key":"Bottled Flame"},{"floor":12,"key":"Odd Mushroom"}],"event_choices":[{"damage_healed":0,"gold_gain":75,"player_choice":"Gather Gold","damage_taken":11,"max_hp_gain":0,"max_hp_loss":0,"event_name":"World of Goop","floor":4,"gold_loss":0},{"damage_healed":0,"gold_gain":0,"player_choice":"Grow","damage_taken":0,"max_hp_gain":0,"max_hp_loss":0,"event_name":"Living Wall","floor":5,"gold_loss":0,"cards_upgraded":["Zap"]},{"damage_healed":0,"gold_gain":0,"player_choice":"Fought Mushrooms","damage_taken":0,"max_hp_gain":0,"max_hp_loss":0,"event_name":"Mushrooms","floor":12,"gold_loss":0}],"is_beta":false,"boss_relics":[],"items_purged_floors":[],"is_endless":false,"potions_floor_spawned":[1,7,14],"killed_by":"Hexaghost","ascension_level":10}