{"gold_per_floor":[119,69,89,13,29,29,29,29,56,84,84,103,130,148,148,244,244,258,273,290,136,235,261,261,296,296,311,0,0],"floor_reached":29,"playtime":5868,"items_purged":["Strike_B"],"score":343,"play_id":"d84c117d-5b2b-4005-9df3-29d72968f051","local_time":"20190208215221","is_ascension_mode":true,"campfire_choices":[{"floor":6,"key":"RECALL"},{"data":"Blizzard","floor":8,"key":"SMITH"},{"data":"Dualcast","floor":11,"key":"SMITH"},{"data":"Hologram","floor":15,"key":"SMITH"},{"floor":24,"key":"REST"}],"neow_cost":"NONE","seed_source_timestamp":428842513245735,"circlet_count":0,"master_deck":["Strike_B","Strike_B","Defend_B","Defend_B","Defend_B","Defend_B","Zap+1","Dualcast+1","Chill+1","Blizzard+1","Coolheaded","Cold Snap","FTL","Hologram+1","Coolheaded","Seek","Blizzard+1","Cold Snap","Self Repair","Loop","FTL"],"relics":["Cracked Core","War Paint","Gremlin Horn","White Beast Statue","The Courier","Matryoshka","Ancient Tea Set","Toxic Egg 2"],"potions_floor_usage":[10,13,13,18,20,23,25,25,29,29],"damage_taken":[{"damage":2,"enemies":"Jaw Worm","floor":1,"turns":3},{"damage":0,"enemies":"Small Slimes","floor":3,"turns":4},{"damage":8,"enemies":"2 Louse","floor":5,"turns":3},{"damage":6,"enemies":"3 Sentries","floor":10,"turns":8},{"damage":0,"enemies":"2 Fungi Beasts","floor":12,"turns":2},{"damage":0,"enemies":"Gremlin Nob","floor":13,"turns":4},{"damage":9,"enemies":"Looter","floor":14,"turns":2},{"damage":19,"enemies":"Hexaghost","floor":16,"turns":11},{"damage":0,"enemies":"Chosen","floor":18,"turns":6},{"damage":10,"enemies":"Shell Parasite","floor":19,"turns":8},{"damage":6,"enemies":"Chosen and Byrds","floor":20,"turns":5},{"damage":51,"enemies":"Book of Stabbing","floor":23,"turns":8},{"damage":19,"enemies":"Slavers","floor":25,"turns":4},{"damage":22,"enemies":"Snake Plant","floor":27,"turns":6},{"damage":18,"enemies":"Snecko","floor":29,"turns":4}],"seed_played":"-3045490228328499965","potions_obtained":[{"floor":1,"key":"FocusPotion"},{"floor":5,"key":"Swift Potion"},{"floor":12,"key":"FocusPotion"},{"floor":16,"key":"Fire Potion"},{"floor":18,"key":"LiquidBronze"},{"floor":19,"key":"Energy Potion"},{"floor":20,"key":"Ancient Potion"},{"floor":23,"key":"AttackPotion"},{"floor":25,"key":"Energy Potion"},{"floor":27,"key":"SkillPotion"}],"is_trial":false,"path_per_floor":["M","?","M","$","M","R","$","R","T","E","R","M","E","M","R","B",null,"M","M","M","$","?","E","R","E","T","M","?","M"],"character_chosen":"DEFECT","items_purchased":["Coolheaded","Cold Snap","Self Repair"],"campfire_rested":1,"item_purchase_floors":[4,4,21],"current_hp_per_floor":[80,80,80,80,72,72,72,72,72,66,66,66,66,57,57,38,82,82,72,66,66,66,22,46,27,27,12,12,0],"gold":0,"neow_bonus":"TEN_PERCENT_HP_BONUS","is_prod":false,"is_daily":false,"chose_seed":false,"campfire_upgraded":3,"win_rate":0,"timestamp":1549659141,"path_taken":["M","?","M","$","M","R","$","R","T","E","R","M","E","M","R","BOSS","M","M","M","$","?","E","R","E","T","M","?","M"],"build_version":"2019-01-23","purchased_purges":1,"victory":false,"max_hp_per_floor":[82,82,82,82,82,82,82,82,82,82,82,82,82,82,82,82,82,82,82,82,82,82,82,82,82,82,82,82,82],"card_choices":[{"not_picked":["Beam Cell","Turbo"],"picked":"Chill","floor":1},{"not_picked":["Melter","Lockon"],"picked":"Blizzard","floor":3},{"not_picked":["Rip and Tear","Turbo"],"picked":"FTL","floor":5},{"not_picked":["Go for the Eyes","Rebound","Sweeping Beam"],"picked":"SKIP","floor":10},{"not_picked":["Go for the Eyes","Rebound","Sweeping Beam"],"picked":"SKIP","floor":10},{"not_picked":["Streamline","Recycle"],"picked":"Hologram","floor":12},{"not_picked":["Amplify","Sweeping Beam","Redo"],"picked":"SKIP","floor":13},{"not_picked":["Scrape","Conserve Battery"],"picked":"Coolheaded","floor":14},{"not_picked":["Meteor Strike","Rainbow"],"picked":"Seek","floor":16},{"not_picked":["Double Energy+1","Rebound"],"picked":"Blizzard+1","floor":18},{"not_picked":["Steam Power","Go for the Eyes"],"picked":"Cold Snap","floor":19},{"not_picked":["Sweeping Beam","Hello World","Gash"],"picked":"SKIP","floor":20},{"not_picked":["Buffer","Stack+1"],"picked":"Loop","floor":23},{"not_picked":["Conserve Battery","Coolheaded+1","Streamline"],"picked":"SKIP","floor":25},{"not_picked":["Darkness+1","Conserve Battery+1"],"picked":"FTL","floor":27}],"player_experience":289585,"relics_obtained":[{"floor":10,"key":"War Paint"},{"floor":13,"key":"Gremlin Horn"},{"floor":23,"key":"The Courier"},{"floor":25,"key":"Matryoshka"},{"floor":26,"key":"Ancient Tea Set"},{"floor":26,"key":"Toxic Egg 2"}],"event_choices":[{"cards_removed":["Strike_B"],"damage_healed":0,"gold_gain":0,"player_choice":"Card Removal","damage_taken":0,"max_hp_gain":0,"max_hp_loss":0,"event_name":"The Cleric","floor":2,"gold_loss":50},{"damage_healed":0,"gold_gain":99,"player_choice":"Stole From Cult","damage_taken":0,"max_hp_gain":0,"max_hp_loss":0,"event_name":"Nest","floor":22,"gold_loss":0},{"damage_healed":0,"gold_gain":0,"player_choice":"Paid Fearfully","damage_taken":0,"max_hp_gain":0,"max_hp_loss":0,"event_name":"Masked Bandits","floor":28,"gold_loss":311}],"is_beta":false,"boss_relics":[{"not_picked":["Calling Bell","Cursed Key"],"picked":"White Beast Statue"}],"items_purged_floors":[21],"is_endless":false,"potions_floor_spawned":[1,5,12,16,18,19,20,23,25,27],"killed_by":"Snecko","ascension_level":3}