{"gold_per_floor":[16,29,101,115,115,115,141,141,141,168,183,218,236,246,246,349,349,367,467,486,168,179,210,221,241,264,264,284,312,312,338,338,437,437,455,555,555,570,580,607,607,640,640,650,41,69,69,103,103,103],"floor_reached":51,"playtime":5465,"items_purged":["Strike_G","Strike_G"],"score":1507,"play_id":"f8baf4cd-858a-4629-b989-c66e98cae7e9","local_time":"20190122221107","is_ascension_mode":true,"campfire_choices":[{"data":"Cloak And Dagger","floor":6.0,"key":"SMITH"},{"floor":8.0,"key":"REST"},{"data":"Storm of Steel","floor":15.0,"key":"SMITH"},{"floor":27.0,"key":"REST"},{"data":"Accuracy","floor":30.0,"key":"SMITH"},{"data":"Terror","floor":32.0,"key":"SMITH"},{"floor":41.0,"key":"REST"},{"data":"Adrenaline","floor":49,"key":"SMITH"}],"neow_cost":"NO_GOLD","seed_source_timestamp":0,"circlet_count":0,"master_deck":["Defend_G","Defend_G","Defend_G","Defend_G","Strike_G","Strike_G","Strike_G","Survivor","Neutralize","Dagger Throw","Dodge and Roll","Cloak And Dagger+1","Terror+1","Storm of Steel+1","Backflip","Blade Dance","Prepared","Adrenaline+1","Finisher","Footwork","Accuracy+1","Master of Strategy","Cloak And Dagger","Underhanded Strike+1","Prepared","Cloak And Dagger+1","Choke+1","Panache","Dramatic Entrance"],"special_seed":0,"relics":["Ring of the Serpent","Incense Burner","Gremlin Horn","Happy Flower","Tough Bandages","Pear","Du-Vu Doll","Busted Crown","Ginger","The Courier","Dead Branch","Snake Skull","Ornamental Fan","Potion Belt","Peace Pipe","FossilizedHelix","Blood Vial","Bottled Lightning","Anchor","Strawberry","Kunai","Dream Catcher"],"potions_floor_usage":[50,50],"damage_taken":[{"damage":0.0,"enemies":"Cultist","floor":1.0,"turns":5.0},{"damage":0.0,"enemies":"2 Louse","floor":2.0,"turns":3.0},{"damage":1.0,"enemies":"Jaw Worm","floor":4.0,"turns":5.0},{"damage":31.0,"enemies":"Gremlin Nob","floor":7.0,"turns":6.0},{"damage":5.0,"enemies":"3 Sentries","floor":10.0,"turns":12.0},{"damage":0.0,"enemies":"Exordium Wildlife","floor":11.0,"turns":2.0},{"damage":2.0,"enemies":"Lagavulin","floor":12.0,"turns":5.0},{"damage":10.0,"enemies":"Large Slime","floor":13.0,"turns":7.0},{"damage":0.0,"enemies":"Looter","floor":14.0,"turns":3.0},{"damage":21.0,"enemies":"The Guardian","floor":16.0,"turns":13.0},{"damage":10.0,"enemies":"2 Thieves","floor":18.0,"turns":4.0},{"damage":0.0,"enemies":"Colosseum Slavers","floor":19.0,"turns":4.0},{"damage":8.0,"enemies":"Colosseum Nobs","floor":19.0,"turns":5.0},{"damage":1.0,"enemies":"3 Byrds","floor":20.0,"turns":4.0},{"damage":7.0,"enemies":"Snake Plant","floor":22.0,"turns":4.0},{"damage":0.0,"enemies":"Slavers","floor":23.0,"turns":5.0},{"damage":0.0,"enemies":"3 Cultists","floor":24.0,"turns":4.0},{"damage":5.0,"enemies":"Centurion and Healer","floor":25.0,"turns":3.0},{"damage":0.0,"enemies":"Sentry and Sphere","floor":28.0,"turns":3.0},{"damage":0.0,"enemies":"Book of Stabbing","floor":29.0,"turns":3.0},{"damage":2.0,"enemies":"Gremlin Leader","floor":31.0,"turns":2.0},{"damage":0.0,"enemies":"Automaton","floor":33.0,"turns":8.0},{"damage":0.0,"enemies":"3 Shapes","floor":35.0,"turns":4.0},{"damage":0.0,"enemies":"Mind Bloom Boss Battle","floor":36.0,"turns":4.0},{"damage":17.0,"enemies":"3 Darklings","floor":38.0,"turns":3.0},{"damage":7.0,"enemies":"Sphere and 2 Shapes","floor":39.0,"turns":3.0},{"damage":15.0,"enemies":"Giant Head","floor":40.0,"turns":6.0},{"damage":0,"enemies":"Nemesis","floor":42,"turns":5},{"damage":0,"enemies":"Jaw Worm Horde","floor":44,"turns":4},{"damage":0,"enemies":"Giant Head","floor":46,"turns":4},{"damage":0,"enemies":"Nemesis","floor":48,"turns":3},{"damage":0,"enemies":"Donu and Deca","floor":50,"turns":7}],"seed_played":"4246832747260619523","potions_obtained":[{"floor":7.0,"key":"GhostInAJar"},{"floor":10.0,"key":"GamblersBrew"},{"floor":11.0,"key":"GhostInAJar"},{"floor":18.0,"key":"Strength Potion"},{"floor":31.0,"key":"Poison Potion"},{"floor":36.0,"key":"Weak Potion"},{"floor":42,"key":"LiquidBronze"}],"is_trial":false,"path_per_floor":["M","M","T","M","?","R","E","R","T","E","M","E","M","M","R","B",null,"M","?","M","$","M","E","M","M","T","R","M","E","R","E","R","B",null,"M","?","?","M","M","E","R","E","T","M","$","E","?","E","R","B",null],"character_chosen":"THE_SILENT","items_purchased":["Footwork","Accuracy","Master of Strategy","Panache","Anchor","Strawberry","Dramatic Entrance","GhostInAJar"],"campfire_rested":3,"item_purchase_floors":[21,21,21,45,45,45,45,45],"current_hp_per_floor":[63,63,63,62,55,55,24,45,45,50,50,48,38,38,38,17,64,54,46,45,45,38,38,38,33,33,57,57,57,57,55,55,55,74,74,74,74,57,50,35,59,59,59,61,68,70,70,72,72,74],"gold":103,"neow_bonus":"ONE_RARE_RELIC","is_prod":false,"is_daily":false,"chose_seed":false,"campfire_upgraded":5,"win_rate":0,"timestamp":1548216667,"path_taken":["M","?","?","M","?","R","E","R","T","E","?","E","M","M","R","BOSS","M","?","M","$","M","E","M","M","T","R","M","E","R","E","R","BOSS","M","?","?","M","M","E","R","E","T","M","$","E","?","E","R","BOSS"],"build_version":"2019-01-17v2","purchased_purges":2,"victory":true,"max_hp_per_floor":[70,70,70,70,70,70,70,70,70,80,80,80,80,80,80,80,80,80,80,80,80,80,80,80,80,80,80,80,80,80,80,80,80,80,80,80,80,80,80,80,80,80,80,80,87,87,83,83,83,83],"card_choices":[{"not_picked":["Dodge and Roll","Underhanded Strike"],"picked":"Dagger Throw","floor":1.0},{"not_picked":["Blade Dance","Bane"],"picked":"Dodge and Roll","floor":2.0},{"not_picked":["Setup","Eviscerate"],"picked":"Cloak And Dagger","floor":4.0},{"not_picked":["Blade Dance","Deflect"],"picked":"Terror","floor":7.0},{"not_picked":["Outmaneuver","Infinite Blades"],"picked":"Storm of Steel","floor":10.0},{"not_picked":["PiercingWail","Leg Sweep"],"picked":"Backflip","floor":11.0},{"not_picked":["Quick Slash","Night Terror","Masterful Stab"],"picked":"SKIP","floor":12.0},{"not_picked":["Outmaneuver","Deadly Poison"],"picked":"Blade Dance","floor":13.0},{"not_picked":["Bane","Underhanded Strike"],"picked":"Prepared","floor":14.0},{"not_picked":["Tools of the Trade","Glass Knife"],"picked":"Adrenaline","floor":16.0},{"not_picked":["Outmaneuver"],"picked":"SKIP","floor":18.0},{"not_picked":[],"picked":"Finisher","floor":19.0},{"not_picked":["Quick Slash"],"picked":"SKIP","floor":20.0},{"not_picked":["Dagger Throw"],"picked":"SKIP","floor":22.0},{"not_picked":["Poisoned Stab"],"picked":"SKIP","floor":23.0},{"not_picked":["Quick Slash"],"picked":"SKIP","floor":24.0},{"not_picked":[],"picked":"Cloak And Dagger","floor":25.0},{"not_picked":[],"picked":"Underhanded Strike+1","floor":28.0},{"not_picked":["Dodge and Roll"],"picked":"SKIP","floor":29.0},{"not_picked":[],"picked":"Prepared","floor":31.0},{"not_picked":[],"picked":"Cloak And Dagger+1","floor":35.0},{"not_picked":[],"picked":"Choke+1","floor":38.0},{"not_picked":["Concentrate"],"picked":"SKIP","floor":39.0},{"not_picked":["Dash+1"],"picked":"SKIP","floor":40.0},{"not_picked":["Outmaneuver+1"],"picked":"SKIP","floor":42},{"not_picked":["Underhanded Strike+1"],"picked":"SKIP","floor":44},{"not_picked":["Prepared"],"picked":"SKIP","floor":46},{"not_picked":["Skewer+1"],"picked":"SKIP","floor":48}],"player_experience":198145,"relics_obtained":[{"floor":3.0,"key":"Gremlin Horn"},{"floor":7.0,"key":"Happy Flower"},{"floor":9.0,"key":"Tough Bandages"},{"floor":10.0,"key":"Pear"},{"floor":12.0,"key":"Du-Vu Doll"},{"floor":19.0,"key":"Ginger"},{"floor":19.0,"key":"The Courier"},{"floor":23.0,"key":"Dead Branch"},{"floor":26.0,"key":"Snake Skull"},{"floor":29.0,"key":"Ornamental Fan"},{"floor":31.0,"key":"Potion Belt"},{"floor":36.0,"key":"Peace Pipe"},{"floor":40.0,"key":"FossilizedHelix"},{"floor":42,"key":"Blood Vial"},{"floor":43,"key":"Bottled Lightning"},{"floor":46,"key":"Kunai"},{"floor":48,"key":"Dream Catcher"}],"event_choices":[{"cards_removed":["Defend_G"],"damage_healed":0.0,"max_hp_gain":0.0,"max_hp_loss":0.0,"gold_gain":0.0,"event_name":"Golden Wing","player_choice":"Card Removal","floor":5.0,"gold_loss":0.0,"damage_taken":7.0},{"damage_healed":0.0,"max_hp_gain":0.0,"max_hp_loss":0.0,"gold_gain":0.0,"event_name":"Colosseum","player_choice":"Fight","floor":19.0,"gold_loss":0.0,"damage_taken":0.0},{"damage_healed":0.0,"max_hp_gain":0.0,"max_hp_loss":0.0,"gold_gain":0.0,"event_name":"Colosseum","player_choice":"Fought Nobs","floor":19.0,"gold_loss":0.0,"damage_taken":0.0},{"damage_healed":0.0,"max_hp_gain":0.0,"max_hp_loss":0.0,"gold_gain":0.0,"event_name":"MindBloom","player_choice":"Fight","floor":36.0,"gold_loss":0.0,"damage_taken":0.0},{"damage_healed":0.0,"max_hp_gain":0.0,"max_hp_loss":0.0,"gold_gain":0.0,"event_name":"Tomb of Lord Red Mask","player_choice":"Ignored","floor":37.0,"gold_loss":0.0,"damage_taken":0.0},{"damage_healed":0,"gold_gain":0,"player_choice":"Max HP","damage_taken":0,"max_hp_gain":0,"max_hp_loss":4,"event_name":"Winding Halls","floor":47,"gold_loss":0}],"is_beta":false,"boss_relics":[{"not_picked":["Velvet Choker","Tiny House"],"picked":"Busted Crown"},{"not_picked":["Fusion Hammer","Calling Bell"],"picked":"Ring of the Serpent"}],"items_purged_floors":[21,45],"is_endless":false,"potions_floor_spawned":[7,10,11,18,23,24,25,29,31,36,42,44,46,48],"ascension_level":9}