{"gold_per_floor":[114,137,154,184,184,184,211,240,240,265,265,283,63,95,95,192,192,210,221,121,121,121,153,153,153,153,182,182,193,68,79,79,177,177],"floor_reached":34,"playtime":17931,"items_purged":["Strike_B","Defend_B","Defend_B"],"score":477,"play_id":"a87c88e9-7f6a-4133-823a-d16082770903","local_time":"20181022180144","is_ascension_mode":true,"campfire_choices":[{"data":"Zap","floor":6.0,"key":"SMITH"},{"data":"Beam Cell","floor":11.0,"key":"SMITH"},{"data":"Dualcast","floor":15.0,"key":"SMITH"},{"data":"Hologram","floor":24.0,"key":"SMITH"},{"data":"Gash","floor":28.0,"key":"SMITH"},{"floor":32.0,"key":"REST"}],"neow_cost":"NONE","seed_source_timestamp":0,"circlet_count":0,"master_deck":["Defend_B+1","Zap+1","Dualcast+1","Conserve Battery+1","Beam Cell+1","Steam","Gash","Gash+1","Machine Learning+1","Skim+1","Tempest+1","Auto Shields+1","Hologram+1","Melter+1","Go for the Eyes","Electrodynamics+1"],"special_seed":0,"relics":["Cracked Core","NeowsBlessing","Bag of Marbles","Tiny Chest","Strawberry","Anchor","War Paint","Frozen Egg 2","Vajra","Omamori","Astrolabe","Cables","Regal Pillow","Potion Belt","Lantern","Darkstone Periapt"],"potions_floor_usage":[],"damage_taken":[{"damage":0.0,"enemies":"Cultist","floor":1.0,"turns":1.0},{"damage":0.0,"enemies":"2 Louse","floor":3.0,"turns":1.0},{"damage":0.0,"enemies":"3 Sentries","floor":8.0,"turns":1.0},{"damage":36.0,"enemies":"Gremlin Nob","floor":10.0,"turns":5.0},{"damage":1.0,"enemies":"Jaw Worm","floor":12.0,"turns":2.0},{"damage":12.0,"enemies":"3 Sentries","floor":14.0,"turns":7.0},{"damage":21.0,"enemies":"The Guardian","floor":16.0,"turns":10.0},{"damage":0.0,"enemies":"Shell Parasite","floor":18.0,"turns":4.0},{"damage":0.0,"enemies":"Chosen","floor":19.0,"turns":3.0},{"damage":18.0,"enemies":"Gremlin Leader","floor":23.0,"turns":6.0},{"damage":0.0,"enemies":"Book of Stabbing","floor":27.0,"turns":4.0},{"damage":0.0,"enemies":"Sentry and Sphere","floor":29.0,"turns":2.0},{"damage":30.0,"enemies":"Snecko","floor":31.0,"turns":4.0},{"damage":61.0,"enemies":"Champ","floor":33.0,"turns":8.0}],"seed_played":"4270511292403209201","potions_obtained":[{"floor":3.0,"key":"Strength Potion"},{"floor":8.0,"key":"EssenceOfSteel"},{"floor":10.0,"key":"Fire Potion"},{"floor":18.0,"key":"Energy Potion"},{"floor":31.0,"key":"Strength Potion"}],"is_trial":false,"path_per_floor":["M","T","M","?","?","R","T","E","T","E","R","M","$","E","R","B",null,"M","M","$","?","T","E","R","T","T","E","R","M","$","M","R","B"],"character_chosen":"DEFECT","items_purchased":["Vajra"],"campfire_rested":1,"item_purchase_floors":[13],"current_hp_per_floor":[75,75,75,75,75,75,82,82,82,46,46,45,45,33,33,12,82,82,82,82,82,82,64,64,64,64,64,64,64,64,34,73,12,12],"gold":177,"neow_bonus":"THREE_ENEMY_KILL","is_prod":false,"is_daily":false,"chose_seed":false,"campfire_upgraded":5,"win_rate":0,"timestamp":1540245704,"path_taken":["M","?","?","?","?","R","?","E","T","E","R","?","$","E","R","BOSS","M","M","$","?","?","E","R","?","T","E","R","M","$","?","R","BOSS"],"build_version":"2018-10-19","purchased_purges":3,"victory":false,"max_hp_per_floor":[75,75,75,75,75,75,82,82,82,82,82,82,82,82,82,82,82,82,82,82,82,82,82,82,82,82,82,82,82,82,82,82,82,82],"card_choices":[{"not_picked":["Hologram","Gash"],"picked":"Conserve Battery","floor":1.0},{"not_picked":["Self Repair","Ball Lightning"],"picked":"Beam Cell","floor":3.0},{"not_picked":["Sweeping Beam","Steam"],"picked":"Gash","floor":8.0},{"not_picked":["Ball Lightning","Force Field"],"picked":"Gash","floor":10.0},{"not_picked":["Redo","Cold Snap","White Noise"],"picked":"SKIP","floor":12.0},{"not_picked":["Echo Form+1","Consume","Cold Snap"],"picked":"SKIP","floor":14.0},{"not_picked":["Buffer+1","Biased Cognition+1"],"picked":"Machine Learning+1","floor":16.0},{"not_picked":["Cold Snap+1","Reinforced Body"],"picked":"Hologram","floor":18.0},{"not_picked":["Force Field","Streamline+1","Hologram"],"picked":"SKIP","floor":19.0},{"not_picked":["Barrage+1","Conserve Battery","Doom and Gloom"],"picked":"SKIP","floor":23.0},{"not_picked":["Genetic Algorithm","Reinforced Body"],"picked":"Melter+1","floor":27.0},{"not_picked":["Force Field+1","Stack","Cold Snap+1"],"picked":"SKIP","floor":29.0},{"not_picked":["Capacitor+1","Ball Lightning"],"picked":"Go for the Eyes","floor":31.0},{"not_picked":["Reboot","Amplify"],"picked":"Electrodynamics+1","floor":33.0}],"player_experience":502330,"relics_obtained":[{"floor":2.0,"key":"Bag of Marbles"},{"floor":7.0,"key":"Strawberry"},{"floor":8.0,"key":"Anchor"},{"floor":9.0,"key":"War Paint"},{"floor":10.0,"key":"Frozen Egg 2"},{"floor":14.0,"key":"Omamori"},{"floor":22.0,"key":"Cables"},{"floor":23.0,"key":"Regal Pillow"},{"floor":25.0,"key":"Potion Belt"},{"floor":26.0,"key":"Lantern"},{"floor":27.0,"key":"Darkstone Periapt"}],"event_choices":[{"damage_healed":0.0,"max_hp_gain":0.0,"max_hp_loss":0.0,"gold_gain":0.0,"event_name":"WeMeetAgain","player_choice":"Gave Potion","floor":4.0,"gold_loss":0.0,"damage_taken":0.0,"relics_obtained":["Tiny Chest"]},{"damage_healed":0.0,"max_hp_gain":0.0,"max_hp_loss":0.0,"gold_gain":0.0,"cards_transformed":["Defend_B"],"event_name":"Transmorgrifier","player_choice":"Transformed","floor":5.0,"gold_loss":0.0,"damage_taken":0.0,"cards_obtained":["Steam"]},{"damage_healed":0.0,"max_hp_gain":0.0,"max_hp_loss":0.0,"gold_gain":0.0,"event_name":"The Woman in Blue","player_choice":"Bought 0 Potions","floor":21.0,"gold_loss":0.0,"damage_taken":0.0}],"is_beta":true,"boss_relics":[{"not_picked":["Black Star","Pandora\u0027s Box"],"picked":"Astrolabe"}],"items_purged_floors":[13,20,30],"is_endless":false,"potions_floor_spawned":[3,8,10,18,31],"ascension_level":1}