{"gold_per_floor":[115,115,10,10,85,115,133,165,190,216,229,229,260,276,276,276],"floor_reached":16,"playtime":675,"items_purged":[],"score":245,"play_id":"1e76af22-fefe-4bb9-b242-ca10d2e9fb02","local_time":"20190115232142","is_ascension_mode":true,"campfire_choices":[{"floor":15,"key":"REST"}],"neow_cost":"NONE","seed_source_timestamp":564215989177917,"circlet_count":0,"master_deck":["AscendersBane","Strike_B","Strike_B","Strike_B","Defend_B","Defend_B","Defend_B","Defend_B","Zap","Dualcast","Rebound","Buffer","Cold Snap","Coolheaded","Hyperbeam","Sunder","Cold Snap","Go for the Eyes","Double Energy","Coolheaded"],"relics":["Cracked Core","NeowsBlessing","Boot","Bag of Marbles","Blood Vial","Unceasing Top","Smiling Mask"],"potions_floor_usage":[8,10],"damage_taken":[{"damage":0,"enemies":"2 Louse","floor":1,"turns":1},{"damage":0,"enemies":"3 Sentries","floor":6,"turns":1},{"damage":0,"enemies":"Small Slimes","floor":7,"turns":1},{"damage":20,"enemies":"Lagavulin","floor":8,"turns":6},{"damage":5,"enemies":"3 Sentries","floor":10,"turns":4},{"damage":0,"enemies":"Cultist","floor":11,"turns":2},{"damage":29,"enemies":"Lagavulin","floor":13,"turns":6},{"damage":1,"enemies":"Exordium Wildlife","floor":14,"turns":3},{"damage":35,"enemies":"Slime Boss","floor":16,"turns":7}],"seed_played":"-450937446388378514","potions_obtained":[{"floor":6,"key":"Swift Potion"},{"floor":8,"key":"Fire Potion"},{"floor":11,"key":"SpeedPotion"}],"is_trial":false,"path_per_floor":["M","?","$","?","?","E","M","E","T","E","M","?","E","M","R","B"],"character_chosen":"DEFECT","items_purchased":["Cold Snap","Coolheaded"],"campfire_rested":1,"item_purchase_floors":[3,3],"current_hp_per_floor":[68,68,68,68,57,57,57,37,37,34,36,36,9,10,32,0],"gold":276,"neow_bonus":"THREE_ENEMY_KILL","is_prod":false,"is_daily":false,"chose_seed":false,"campfire_upgraded":0,"win_rate":0,"timestamp":1547594502,"path_taken":["M","?","$","?","?","E","M","E","T","E","M","?","E","M","R","BOSS"],"build_version":"2019-01-10","purchased_purges":0,"victory":false,"max_hp_per_floor":[75,75,75,75,75,75,75,75,75,75,75,75,75,75,75,75],"card_choices":[{"not_picked":["Turbo","Lockon"],"picked":"Rebound","floor":1},{"not_picked":["Steam","Rebound"],"picked":"Hyperbeam","floor":6},{"not_picked":["Hologram","Cold Snap"],"picked":"Sunder","floor":7},{"not_picked":["Heatsinks","Reboot"],"picked":"Cold Snap","floor":8},{"not_picked":["Aggregate","Reinforced Body","Scrape"],"picked":"SKIP","floor":10},{"not_picked":["Blizzard","Hello World"],"picked":"Go for the Eyes","floor":11},{"not_picked":["Storm","Conserve Battery"],"picked":"Double Energy","floor":13},{"not_picked":["Stack","Steam Power"],"picked":"Coolheaded","floor":14}],"player_experience":1183914,"relics_obtained":[{"floor":6,"key":"Boot"},{"floor":8,"key":"Bag of Marbles"},{"floor":9,"key":"Blood Vial"},{"floor":10,"key":"Unceasing Top"},{"floor":13,"key":"Smiling Mask"}],"event_choices":[{"damage_healed":0,"gold_gain":0,"cards_transformed":["Strike_B"],"player_choice":"Change","damage_taken":0,"max_hp_gain":0,"max_hp_loss":0,"event_name":"Living Wall","floor":2,"gold_loss":0,"cards_obtained":["Buffer"]},{"damage_healed":0,"gold_gain":0,"player_choice":"Leave","damage_taken":0,"max_hp_gain":0,"max_hp_loss":0,"event_name":"The Cleric","floor":4,"gold_loss":0},{"damage_healed":0,"gold_gain":75,"player_choice":"Gather Gold","damage_taken":11,"max_hp_gain":0,"max_hp_loss":0,"event_name":"World of Goop","floor":5,"gold_loss":0},{"damage_healed":0,"gold_gain":0,"player_choice":"Ignored","damage_taken":0,"max_hp_gain":0,"max_hp_loss":0,"event_name":"Liars Game","floor":12,"gold_loss":0}],"is_beta":false,"boss_relics":[],"items_purged_floors":[],"is_endless":false,"potions_floor_spawned":[6,8,11],"killed_by":"Slime Boss","ascension_level":12}