{"gold_per_floor":[114,126,126,126,141,141,151,8,8,8,8,38,51,78,78,174,174,194,194,221,146,158,188,0,16,16,43,62,80,80,91,91,91],"floor_reached":33,"playtime":4395,"items_purged":[],"score":322,"play_id":"860db15b-0199-4a1a-83ca-659d50049f93","local_time":"20190208061440","is_ascension_mode":false,"campfire_choices":[{"data":"Reaper","floor":6,"key":"SMITH"},{"data":"Whirlwind","floor":10,"key":"SMITH"},{"data":"Dual Wield","floor":15,"key":"SMITH"},{"floor":30,"key":"REST"},{"floor":32,"key":"REST"}],"neow_cost":"NONE","seed_source_timestamp":58344615536110,"circlet_count":0,"master_deck":["Defend_R","Defend_R","Defend_R","Defend_R","Bash","Whirlwind+1","Battle Trance","Flex","Burning Pact","Thunderclap","Reaper+1","Evolve","Rage+1","Reckless Charge","Shrug It Off","Dual Wield+1","Dropkick","Double Tap","Pain","Decay","Blood for Blood","Bite","Bite","Bite","Bite","Bite","Shockwave","Flame Barrier","Mayhem","Pommel Strike+1","Ghostly Armor","Reckless Charge+1"],"relics":["Orrery","Bird Faced Urn","PreservedInsect","Pocketwatch","Champion Belt","Calling Bell","Calipers","Darkstone Periapt","Lantern","Potion Belt","Omamori","Letter Opener","Juzu Bracelet"],"potions_floor_usage":[28,28],"damage_taken":[{"damage":0,"enemies":"2 Louse","floor":1,"turns":3},{"damage":0,"enemies":"Small Slimes","floor":2,"turns":2},{"damage":6,"enemies":"Jaw Worm","floor":5,"turns":5},{"damage":6,"enemies":"2 Fungi Beasts","floor":7,"turns":4},{"damage":21,"enemies":"Lagavulin","floor":12,"turns":4},{"damage":10,"enemies":"3 Louse","floor":13,"turns":3},{"damage":6,"enemies":"Gremlin Nob","floor":14,"turns":3},{"damage":54,"enemies":"The Guardian","floor":16,"turns":12},{"damage":17,"enemies":"3 Byrds","floor":18,"turns":5},{"damage":58,"enemies":"Shell Parasite","floor":22,"turns":10},{"damage":39,"enemies":"Slavers","floor":23,"turns":5},{"damage":23,"enemies":"Snecko","floor":25,"turns":5},{"damage":31,"enemies":"Book of Stabbing","floor":27,"turns":6},{"damage":44,"enemies":"Snake Plant","floor":28,"turns":7},{"damage":17,"enemies":"Shelled Parasite and Fungi","floor":29,"turns":5},{"damage":21,"enemies":"Chosen and Byrds","floor":31,"turns":7},{"damage":138,"enemies":"Automaton","floor":33,"turns":12}],"seed_played":"-4819691532223583964","potions_obtained":[{"floor":7,"key":"LiquidBronze"},{"floor":12,"key":"Ancient Potion"},{"floor":13,"key":"EssenceOfSteel"},{"floor":22,"key":"Regen Potion"},{"floor":25,"key":"Ancient Potion"},{"floor":27,"key":"Regen Potion"}],"is_trial":false,"path_per_floor":["M","M","?","?","M","R","M","$","T","R","?","E","M","E","R","B",null,"M","?","T","?","M","E","$","M","T","E","M","M","R","M","R","B"],"character_chosen":"IRONCLAD","items_purchased":["PreservedInsect","Mayhem"],"campfire_rested":2,"item_purchase_floors":[8,24],"current_hp_per_floor":[80,80,73,57,55,55,59,59,59,59,59,40,52,48,48,5,80,65,65,65,65,31,30,30,17,17,14,27,16,40,48,72,0],"gold":91,"neow_bonus":"BOSS_RELIC","is_prod":false,"is_daily":false,"chose_seed":false,"campfire_upgraded":3,"win_rate":0.0,"timestamp":1549602880,"path_taken":["M","M","?","?","M","R","M","$","T","R","?","E","M","E","R","BOSS","M","?","?","?","M","E","$","M","T","E","M","M","R","M","R","BOSS"],"build_version":"2019-01-23","purchased_purges":0,"victory":false,"max_hp_per_floor":[80,80,80,80,80,80,80,80,80,80,80,80,80,80,80,80,80,80,80,80,80,80,80,80,80,80,80,80,80,80,80,80,80],"card_choices":[{"not_picked":["Feel No Pain","Sever Soul"],"picked":"Whirlwind","floor":0},{"not_picked":["Sword Boomerang","Heavy Blade"],"picked":"Battle Trance","floor":0},{"not_picked":["Spot Weakness","Twin Strike"],"picked":"Flex","floor":0},{"not_picked":["Rupture","True Grit"],"picked":"Burning Pact","floor":0},{"not_picked":["Clothesline","Wild Strike"],"picked":"Thunderclap","floor":0},{"not_picked":["Shrug It Off","True Grit"],"picked":"Reaper","floor":1},{"not_picked":["Anger","Sword Boomerang"],"picked":"Evolve","floor":2},{"not_picked":["Clothesline","Flex"],"picked":"Rage","floor":5},{"not_picked":["Combust","True Grit"],"picked":"Reckless Charge","floor":7},{"not_picked":["Bloodletting","Thunderclap"],"picked":"Shrug It Off","floor":12},{"not_picked":["Pommel Strike","Headbutt"],"picked":"Dual Wield","floor":13},{"not_picked":["Cleave","Second Wind"],"picked":"Dropkick","floor":14},{"not_picked":["Feed","Impervious"],"picked":"Double Tap","floor":16},{"not_picked":["Corruption","Pommel Strike"],"picked":"Blood for Blood","floor":18},{"not_picked":["Perfected Strike","Dropkick"],"picked":"Shockwave","floor":22},{"not_picked":["Corruption+1","Flex+1"],"picked":"Flame Barrier","floor":23},{"not_picked":["Flex","Clash"],"picked":"Pommel Strike+1","floor":25},{"not_picked":["Anger","Second Wind"],"picked":"Ghostly Armor","floor":27},{"not_picked":["Feel No Pain","Offering","Flex"],"picked":"SKIP","floor":28},{"not_picked":["Shrug It Off","Clash"],"picked":"Reckless Charge+1","floor":29},{"not_picked":["Second Wind+1","Cleave","Warcry"],"picked":"SKIP","floor":31}],"player_experience":50818,"relics_obtained":[{"floor":9,"key":"Pocketwatch"},{"floor":12,"key":"Blood Vial"},{"floor":14,"key":"Champion Belt"},{"floor":17,"key":"Calipers"},{"floor":17,"key":"Darkstone Periapt"},{"floor":17,"key":"Lantern"},{"floor":20,"key":"Potion Belt"},{"floor":23,"key":"Omamori"},{"floor":26,"key":"Letter Opener"},{"floor":27,"key":"Juzu Bracelet"}],"event_choices":[{"damage_healed":0,"gold_gain":0,"player_choice":"Success","damage_taken":7,"relics_obtained":["Bird Faced Urn"],"max_hp_gain":0,"max_hp_loss":0,"event_name":"Scrap Ooze","floor":3,"gold_loss":0},{"damage_healed":0,"gold_gain":0,"player_choice":"Entered Light","damage_taken":16,"max_hp_gain":0,"max_hp_loss":0,"event_name":"Shining Light","floor":4,"gold_loss":0,"cards_upgraded":["Strike_R","Strike_R"]},{"damage_healed":0,"gold_gain":0,"player_choice":"Grow","damage_taken":0,"max_hp_gain":0,"max_hp_loss":0,"event_name":"Living Wall","floor":11,"gold_loss":0,"cards_upgraded":["Rage"]},{"damage_healed":0,"gold_gain":0,"player_choice":"Became a vampire (Vial)","damage_taken":0,"max_hp_gain":0,"max_hp_loss":0,"event_name":"Vampires","floor":19,"relics_lost":["Blood Vial"],"gold_loss":0,"cards_obtained":["Bite","Bite","Bite","Bite","Bite"]},{"cards_removed":["Shame"],"damage_healed":0,"gold_gain":0,"player_choice":"Gave Gold","damage_taken":0,"max_hp_gain":0,"max_hp_loss":0,"event_name":"Beggar","floor":21,"gold_loss":75}],"is_beta":false,"boss_relics":[{"not_picked":["Ectoplasm","Velvet Choker"],"picked":"Calling Bell"}],"items_purged_floors":[],"is_endless":false,"potions_floor_spawned":[7,12,13,14,18,22,25,27],"killed_by":"Automaton","ascension_level":0}