{"gold_per_floor":[110,110,185,68,82,82,99,112,112,112,132,163,163,193,193,289,289,302,227,227,237,250,250,284,284,284,284,304,320,345,345,345,447,447,457,457,475,249,267,267,267,267,294,406,452,479,519,531,543,555],"floor_reached":51,"playtime":1890,"items_purged":["Strike_B"],"score":892,"play_id":"82dc7ece-3366-4ba1-ba89-7b0ea9d6ddbf","local_time":"20190129215043","is_ascension_mode":true,"campfire_choices":[{"data":"Storm","floor":6,"key":"SMITH"},{"data":"Defragment","floor":10,"key":"SMITH"},{"floor":15,"key":"REST"},{"floor":23,"key":"REST"},{"data":"Storm","floor":25,"key":"SMITH"},{"data":"Echo Form","floor":27,"key":"SMITH"},{"data":"Creative AI","floor":32,"key":"SMITH"},{"data":"Echo Form","floor":40,"key":"SMITH"},{"data":"Enlightenment","floor":49,"key":"SMITH"}],"neow_cost":"TEN_PERCENT_HP_LOSS","seed_source_timestamp":13312443936700,"circlet_count":0,"master_deck":["Strike_B","Defend_B","Defend_B","Defend_B","Zap","Dualcast","Echo Form+1","Storm+1","BootSequence","Defragment+1","Leap","Conserve Battery","Leap","Skim","Machine Learning","Self Repair","Storm+1","Conserve Battery","Storm+1","Defragment+1","Creative AI+1","Ghostly","Ghostly","Ghostly","Ghostly","Ghostly","Echo Form+1","Heatsinks+1","Self Repair","Static Discharge","Enlightenment+1","Biased Cognition+1","Parasite","Defragment+1"],"relics":["Cracked Core","Dream Catcher","Matryoshka","Juzu Bracelet","Runic Pyramid","Bottled Lightning","Darkstone Periapt","Pear","Mummified Hand","Snecko Eye","Frozen Egg 2","MawBank","Ancient Tea Set","Incense Burner","Blood Vial","The Courier","Strawberry"],"potions_floor_usage":[14,14,22,24,30,50,50],"damage_taken":[{"damage":7,"enemies":"Jaw Worm","floor":1,"turns":4},{"damage":1,"enemies":"Cultist","floor":5,"turns":3},{"damage":5,"enemies":"Small Slimes","floor":7,"turns":3},{"damage":5,"enemies":"Looter","floor":8,"turns":3},{"damage":0,"enemies":"2 Fungi Beasts","floor":11,"turns":2},{"damage":31,"enemies":"3 Sentries","floor":12,"turns":6},{"damage":13,"enemies":"Gremlin Nob","floor":14,"turns":4},{"damage":17,"enemies":"Slime Boss","floor":16,"turns":7},{"damage":4,"enemies":"Shell Parasite","floor":18,"turns":7},{"damage":5,"enemies":"Chosen","floor":21,"turns":4},{"damage":51,"enemies":"3 Cultists","floor":22,"turns":6},{"damage":23,"enemies":"Book of Stabbing","floor":24,"turns":5},{"damage":2,"enemies":"Centurion and Healer","floor":28,"turns":5},{"damage":1,"enemies":"Cultist and Chosen","floor":29,"turns":4},{"damage":34,"enemies":"Slavers","floor":30,"turns":4},{"damage":5,"enemies":"Collector","floor":33,"turns":5},{"damage":2,"enemies":"3 Darklings","floor":35,"turns":3},{"damage":0,"enemies":"3 Shapes","floor":37,"turns":2},{"damage":0,"enemies":"Spire Growth","floor":39,"turns":3},{"damage":0,"enemies":"Mind Bloom Boss Battle","floor":44,"turns":2},{"damage":0,"enemies":"Giant Head","floor":45,"turns":4},{"damage":0,"enemies":"Writhing Mass","floor":46,"turns":4},{"damage":2,"enemies":"Reptomancer","floor":47,"turns":4},{"damage":0,"enemies":"Donu and Deca","floor":50,"turns":3}],"seed_played":"7621781369602976543","potions_obtained":[{"floor":7,"key":"Dexterity Potion"},{"floor":12,"key":"PowerPotion"},{"floor":14,"key":"LiquidBronze"},{"floor":16,"key":"EssenceOfSteel"},{"floor":28,"key":"SkillPotion"},{"floor":30,"key":"Ancient Potion"},{"floor":33,"key":"Dexterity Potion"},{"floor":44,"key":"Ancient Potion"},{"floor":47,"key":"Dexterity Potion"}],"is_trial":false,"path_per_floor":["M","?","?","$","M","R","M","M","T","R","M","E","?","E","R","B",null,"M","?","?","M","M","R","E","R","T","R","M","M","E","?","R","B",null,"M","?","M","$","M","R","?","?","T","?","E","M","E","T","R","B",null],"character_chosen":"DEFECT","items_purchased":["Ball Lightning","BootSequence","Self Repair","FocusPotion"],"campfire_rested":2,"item_purchase_floors":[4,4,38,38],"current_hp_per_floor":[61,54,48,48,47,47,42,37,37,37,37,6,28,15,35,18,68,64,64,64,66,22,42,26,26,36,36,41,47,20,20,20,22,39,39,39,39,39,39,39,39,29,29,39,39,45,45,52,52,52],"gold":567,"neow_bonus":"THREE_RARE_CARDS","is_prod":false,"is_daily":false,"chose_seed":false,"campfire_upgraded":7,"win_rate":0,"timestamp":1548823843,"path_taken":["M","?","?","$","M","R","M","?","T","R","M","E","?","E","R","BOSS","M","?","?","M","M","R","E","R","T","R","M","M","E","?","R","BOSS","M","?","M","$","M","R","?","?","T","?","E","M","E","?","R","BOSS"],"build_version":"2019-01-23","purchased_purges":1,"victory":true,"max_hp_per_floor":[68,68,68,68,68,68,68,68,68,68,68,68,68,68,68,68,68,68,68,68,68,68,68,68,68,78,78,78,78,78,39,39,39,39,39,39,39,39,39,39,39,39,39,39,39,45,45,52,52,52],"card_choices":[{"not_picked":["Machine Learning","Creative AI"],"picked":"Echo Form","floor":0},{"not_picked":["Barrage","Beam Cell"],"picked":"Storm","floor":1},{"not_picked":["Streamline","Fission"],"picked":"Defragment","floor":5},{"not_picked":["Steam","Hologram","Sweeping Beam"],"picked":"SKIP","floor":7},{"not_picked":["Go for the Eyes","Gash","Hologram"],"picked":"SKIP","floor":8},{"not_picked":["Ball Lightning","Chill"],"picked":"Leap","floor":11},{"not_picked":["Compile Driver","Blizzard"],"picked":"Conserve Battery","floor":12},{"not_picked":["Conserve Battery","Multi-Cast"],"picked":"Leap","floor":14},{"not_picked":["Sweeping Beam","Hologram"],"picked":"Skim","floor":15},{"not_picked":["Thunder Strike","Biased Cognition"],"picked":"Machine Learning","floor":16},{"not_picked":["Static Discharge+1","Skim"],"picked":"Self Repair","floor":18},{"not_picked":["Steam","Cold Snap+1","Compile Driver"],"picked":"SKIP","floor":21},{"not_picked":["Steam Power","Gash"],"picked":"Storm+1","floor":22},{"not_picked":["Skim+1","Beam Cell"],"picked":"Conserve Battery","floor":23},{"not_picked":["Steam","Redo"],"picked":"Storm","floor":24},{"not_picked":["Barrage","Go for the Eyes"],"picked":"Defragment+1","floor":28},{"not_picked":["Conserve Battery","Heatsinks"],"picked":"Creative AI","floor":29},{"not_picked":["Blizzard+1","Beam Cell","Sunder"],"picked":"SKIP","floor":30},{"not_picked":["Meteor Strike","Biased Cognition"],"picked":"Echo Form","floor":33},{"not_picked":["Auto Shields+1","Compile Driver+1"],"picked":"Heatsinks+1","floor":35},{"not_picked":["Consume","Coolheaded+1","Sweeping Beam"],"picked":"SKIP","floor":37},{"not_picked":["Turbo+1","Barrage"],"picked":"Static Discharge","floor":39},{"not_picked":["Dramatic Entrance","Dark Shackles"],"picked":"Enlightenment","floor":42},{"not_picked":["Undo","Steam+1"],"picked":"Biased Cognition+1","floor":45},{"not_picked":["Lockon","Conserve Battery+1"],"picked":"Defragment+1","floor":46},{"not_picked":["Redo","Compile Driver","Lockon"],"picked":"SKIP","floor":47}],"player_experience":278438,"relics_obtained":[{"floor":9,"key":"Dream Catcher"},{"floor":12,"key":"Matryoshka"},{"floor":14,"key":"Juzu Bracelet"},{"floor":24,"key":"Bottled Lightning"},{"floor":26,"key":"Darkstone Periapt"},{"floor":26,"key":"Pear"},{"floor":30,"key":"Mummified Hand"},{"floor":43,"key":"MawBank"},{"floor":43,"key":"Ancient Tea Set"},{"floor":44,"key":"Incense Burner"},{"floor":45,"key":"Blood Vial"},{"floor":47,"key":"The Courier"},{"floor":48,"key":"Strawberry"}],"event_choices":[{"cards_removed":["Defend_B"],"damage_healed":0,"gold_gain":0,"player_choice":"Card Removal","damage_taken":7,"max_hp_gain":0,"max_hp_loss":0,"event_name":"Golden Wing","floor":2,"gold_loss":0},{"damage_healed":0,"gold_gain":75,"player_choice":"Touch","damage_taken":6,"max_hp_gain":0,"max_hp_loss":0,"event_name":"FaceTrader","floor":3,"gold_loss":0},{"damage_healed":22,"gold_gain":0,"player_choice":"Banana","damage_taken":0,"max_hp_gain":0,"max_hp_loss":0,"event_name":"Big Fish","floor":13,"gold_loss":0},{"cards_removed":["Strike_B"],"damage_healed":0,"gold_gain":0,"player_choice":"Gave Gold","damage_taken":0,"max_hp_gain":0,"max_hp_loss":0,"event_name":"Beggar","floor":19,"gold_loss":75},{"cards_removed":["Strike_B"],"damage_healed":0,"gold_gain":0,"player_choice":"Elegance","damage_taken":0,"max_hp_gain":0,"max_hp_loss":0,"event_name":"Back to Basics","floor":20,"gold_loss":0},{"damage_healed":0,"gold_gain":0,"player_choice":"Became a Ghost","damage_taken":0,"max_hp_gain":0,"max_hp_loss":39,"event_name":"Ghosts","floor":31,"gold_loss":0,"cards_obtained":["Ghostly","Ghostly","Ghostly","Ghostly","Ghostly"]},{"cards_removed":["Ball Lightning"],"damage_healed":0,"gold_gain":0,"player_choice":"Removed Attack","damage_taken":0,"max_hp_gain":0,"max_hp_loss":0,"event_name":"Falling","floor":36,"gold_loss":0},{"damage_healed":0,"gold_gain":0,"player_choice":"Gave Potion","damage_taken":0,"relics_obtained":["Frozen Egg 2"],"max_hp_gain":0,"max_hp_loss":0,"event_name":"WeMeetAgain","floor":41,"gold_loss":0},{"damage_healed":0,"gold_gain":0,"player_choice":"Memory 3","damage_taken":10,"max_hp_gain":0,"max_hp_loss":0,"event_name":"SensoryStone","floor":42,"gold_loss":0},{"damage_healed":0,"gold_gain":0,"player_choice":"Fight","damage_taken":0,"max_hp_gain":0,"max_hp_loss":0,"event_name":"MindBloom","floor":44,"gold_loss":0}],"is_beta":false,"boss_relics":[{"not_picked":["Eternal Feather","Fusion Hammer"],"picked":"Runic Pyramid"},{"not_picked":["Astrolabe","Pandora\u0027s Box"],"picked":"Snecko Eye"}],"items_purged_floors":[38],"is_endless":false,"potions_floor_spawned":[7,12,14,16,28,30,33,44,46,47],"ascension_level":1}