{"gold_per_floor":[109,109,109,128,143,143,44,62,62,96,106,106,140,158,158,259,259,270,270,270,170,22,22,22,52,77,95,108,126,1,12,12,12],"floor_reached":33,"playtime":4499,"items_purged":["Strike_B","Defend_B","Strike_B"],"score":376,"play_id":"d9322236-90c8-49c7-ba4b-df61e53d90f3","local_time":"20190209124412","is_ascension_mode":true,"campfire_choices":[{"floor":6,"key":"REST"},{"data":"Leap","floor":12,"key":"SMITH"},{"floor":15,"key":"REST"},{"floor":23,"key":"RECALL"},{"floor":32,"key":"REST"}],"neow_cost":"NONE","seed_source_timestamp":483687873218316,"circlet_count":0,"master_deck":["Strike_B","Defend_B","Defend_B","Zap","Dualcast","Glacier","Steam","Leap+1","Ball Lightning","Leap+1","Rainbow+1","Thunder Strike","Tempest+1","Defragment"],"special_seed":0,"relics":["Cracked Core","Du-Vu Doll","Toxic Egg 2","Orichalcum","Dodecahedron","Philosopher\u0027s Stone","DataDisk","Letter Opener"],"potions_floor_usage":[10,16,25,25,29,33,33],"damage_taken":[{"damage":2.0,"enemies":"Jaw Worm","floor":1.0,"turns":4.0},{"damage":3.0,"enemies":"Small Slimes","floor":4.0,"turns":5.0},{"damage":0.0,"enemies":"Cultist","floor":5.0,"turns":5.0},{"damage":1,"enemies":"Exordium Wildlife","floor":8,"turns":4},{"damage":8,"enemies":"Lagavulin","floor":10,"turns":11},{"damage":0,"enemies":"3 Louse","floor":11,"turns":4},{"damage":9,"enemies":"3 Sentries","floor":13,"turns":12},{"damage":0,"enemies":"Blue Slaver","floor":14,"turns":5},{"damage":0,"enemies":"The Guardian","floor":16,"turns":16},{"damage":0,"enemies":"Spheric Guardian","floor":18,"turns":5},{"damage":43,"enemies":"Gremlin Leader","floor":25,"turns":10},{"damage":2,"enemies":"2 Thieves","floor":27,"turns":4},{"damage":2,"enemies":"3 Cultists","floor":28,"turns":5},{"damage":2,"enemies":"Centurion and Healer","floor":29,"turns":6},{"damage":14,"enemies":"Snake Plant","floor":31,"turns":3},{"damage":38,"enemies":"Champ","floor":33,"turns":11}],"seed_played":"7690578884609980953","potions_obtained":[{"floor":5,"key":"Ancient Potion"},{"floor":8,"key":"SkillPotion"},{"floor":13,"key":"PowerPotion"},{"floor":14,"key":"Fruit Juice"},{"floor":16,"key":"SteroidPotion"},{"floor":18,"key":"Swift Potion"},{"floor":25,"key":"Weak Potion"},{"floor":28,"key":"Strength Potion"}],"is_trial":false,"path_per_floor":["M","?","?","M","M","R","$","M","T","E","M","R","E","M","R","B",null,"M","?","?","$","$","R","$","E","T","M","M","M","$","M","R","B"],"character_chosen":"DEFECT","items_purchased":["Ball Lightning","DataDisk"],"campfire_rested":3,"item_purchase_floors":[7,22],"current_hp_per_floor":[73,61,61,58,58,75,75,74,74,66,66,66,57,57,75,80,80,80,80,65,65,65,65,65,22,22,20,18,16,16,2,27,0],"gold":12,"neow_bonus":"REMOVE_CARD","is_prod":false,"is_daily":false,"chose_seed":false,"campfire_upgraded":1,"win_rate":0,"timestamp":1549712652,"path_taken":["M","?","?","M","M","R","$","M","T","E","M","R","E","M","R","BOSS","M","?","?","?","$","R","$","E","T","M","M","M","$","M","R","BOSS"],"build_version":"2019-01-23","purchased_purges":3,"victory":false,"max_hp_per_floor":[75,75,75,75,75,75,75,75,75,75,75,75,75,75,75,80,80,80,80,85,85,85,85,85,85,85,85,85,85,85,85,85,85],"card_choices":[{"not_picked":["Gash","Go for the Eyes"],"picked":"Glacier","floor":1.0},{"not_picked":["Barrage","Stack"],"picked":"Steam","floor":4.0},{"not_picked":["Darkness","Skim"],"picked":"Leap","floor":5},{"not_picked":["Stack","Turbo","Streamline"],"picked":"SKIP","floor":8},{"not_picked":["Capacitor","Barrage","Sweeping Beam"],"picked":"SKIP","floor":10},{"not_picked":["Sunder","Self Repair"],"picked":"Leap+1","floor":11},{"not_picked":["Rebound","Steam Power+1","Steam+1"],"picked":"SKIP","floor":13},{"not_picked":["Force Field+1","Buffer","Leap+1"],"picked":"SKIP","floor":14},{"not_picked":["Buffer","Reboot+1"],"picked":"Rainbow+1","floor":16},{"not_picked":["Stack+1","Leap+1","Turbo+1"],"picked":"SKIP","floor":18},{"not_picked":["Capacitor","Reinforced Body+1"],"picked":"Thunder Strike","floor":25},{"not_picked":["Leap+1","Reprogram+1"],"picked":"Tempest+1","floor":27},{"not_picked":["Recycle+1","Conserve Battery+1","Coolheaded+1"],"picked":"SKIP","floor":28},{"not_picked":["Rebound","Stack+1","Compile Driver"],"picked":"SKIP","floor":29},{"not_picked":["Storm+1","Beam Cell+1"],"picked":"Defragment","floor":31}],"player_experience":306024,"relics_obtained":[{"floor":9,"key":"Toxic Egg 2"},{"floor":10,"key":"Orichalcum"},{"floor":13,"key":"Dodecahedron"},{"floor":25,"key":"Letter Opener"}],"event_choices":[{"damage_healed":0.0,"max_hp_gain":0.0,"max_hp_loss":0.0,"gold_gain":0.0,"event_name":"Scrap Ooze","player_choice":"Success","floor":2.0,"gold_loss":0.0,"damage_taken":12.0,"relics_obtained":["Du-Vu Doll"]},{"cards_removed":["Defend_B"],"damage_healed":0.0,"max_hp_gain":0.0,"max_hp_loss":0.0,"gold_gain":0.0,"event_name":"Living Wall","player_choice":"Forget","floor":3.0,"gold_loss":0.0,"damage_taken":0.0},{"damage_healed":0,"gold_gain":0,"player_choice":"Ignored","damage_taken":0,"max_hp_gain":0,"max_hp_loss":0,"event_name":"Cursed Tome","floor":19,"gold_loss":0},{"damage_healed":0,"gold_gain":0,"player_choice":"Shed Blood","damage_taken":20,"max_hp_gain":5,"max_hp_loss":0,"event_name":"Forgotten Altar","floor":20,"gold_loss":0}],"is_beta":false,"boss_relics":[{"not_picked":["Snecko Eye","Coffee Dripper"],"picked":"Philosopher\u0027s Stone"}],"items_purged_floors":[7,21,30],"is_endless":false,"potions_floor_spawned":[5,8,13,14,16,18,25,28],"killed_by":"Champ","ascension_level":3}