{"gold_per_floor":[114,114,129,139,151,151,184,195,195,145,145,158,158,191,191,296,296,315,334,344,18,28,59,77,77,77,88,88,88,101,101,101,200,200,215,9,9,29,29,58,58,73,73,103,115,157,181,206,218,230],"floor_reached":50,"playtime":5309,"items_purged":["Strike_B"],"score":533,"play_id":"9bb6d0ab-1796-4409-83d9-a2ceb16bdc56","local_time":"20181011011009","is_ascension_mode":false,"campfire_choices":[{"data":"Genetic Algorithm","floor":6,"key":"SMITH"},{"data":"Echo Form","floor":11,"key":"SMITH"},{"data":"White Noise","floor":13,"key":"SMITH"},{"floor":15,"key":"REST"},{"data":"White Noise","floor":25,"key":"SMITH"},{"data":"Seek","floor":29,"key":"SMITH"},{"data":"Static Discharge","floor":32,"key":"SMITH"},{"floor":45,"key":"REST"},{"data":"Amplify","floor":49,"key":"SMITH"}],"neow_cost":"","seed_source_timestamp":0,"circlet_count":0,"master_deck":["Defend_B","Defend_B","Defend_B","Defend_B","Dualcast","Melter","Steam Power","Genetic Algorithm+1","Reprogram","Sunder","Echo Form+1","Sunder","White Noise+1","Self Repair","Amplify+1","Hello World","Hologram","Chill","White Noise+1","Go for the Eyes","Beam Cell","Machine Learning","Sunder","Static Discharge+1","Conserve Battery+1","Hologram","Seek+1","Reprogram","Buffer","Steam","Hologram+1","Beam Cell+1","Conserve Battery+1"],"special_seed":0,"relics":["Cracked Core","Blood Vial","Mummified Hand","Gremlin Horn","Orrery","Matryoshka","Bottled Tornado","Strawberry","WingedGreaves","Busted Crown","HandDrill","Thread and Needle","Regal Pillow","MawBank","Pear","Tiny Chest"],"potions_floor_usage":[7,14,20,22,22,33,40,50,50,50],"damage_taken":[{"damage":0.0,"enemies":"2 Louse","floor":1.0,"turns":3.0},{"damage":1,"enemies":"Cultist","floor":3,"turns":3},{"damage":5,"enemies":"Jaw Worm","floor":4,"turns":3},{"damage":7,"enemies":"Looter","floor":5,"turns":3},{"damage":17,"enemies":"Gremlin Nob","floor":7,"turns":4},{"damage":3,"enemies":"Red Slaver","floor":8,"turns":4},{"damage":0,"enemies":"2 Fungi Beasts","floor":12,"turns":2},{"damage":13,"enemies":"3 Sentries","floor":14,"turns":4},{"damage":12,"enemies":"Slime Boss","floor":16,"turns":8},{"damage":0,"enemies":"Spheric Guardian","floor":18,"turns":2},{"damage":8,"enemies":"3 Byrds","floor":19,"turns":4},{"damage":37,"enemies":"Snake Plant","floor":20,"turns":5},{"damage":0,"enemies":"Snecko","floor":22,"turns":4},{"damage":11,"enemies":"Gremlin Leader","floor":23,"turns":4},{"damage":12,"enemies":"Centurion and Healer","floor":24,"turns":4},{"damage":14,"enemies":"Shelled Parasite and Fungi","floor":27,"turns":7},{"damage":0,"enemies":"3 Cultists","floor":30,"turns":4},{"damage":48,"enemies":"Collector","floor":33,"turns":14},{"damage":28,"enemies":"3 Shapes","floor":35,"turns":5},{"damage":16,"enemies":"Orb Walker","floor":38,"turns":4},{"damage":0,"enemies":"Mind Bloom Boss Battle","floor":39,"turns":5},{"damage":46,"enemies":"2 Orb Walkers","floor":40,"turns":5},{"damage":25,"enemies":"Maw","floor":42,"turns":10},{"damage":0,"enemies":"3 Darklings","floor":44,"turns":3},{"damage":0,"enemies":"Sphere and 2 Shapes","floor":47,"turns":5},{"damage":3,"enemies":"Spire Growth","floor":48,"turns":4},{"damage":97,"enemies":"Time Eater","floor":50,"turns":9}],"seed_played":"-2465445295458579707","potions_obtained":[{"floor":1.0,"key":"SneckoOil"},{"floor":3,"key":"GamblersBrew"},{"floor":12,"key":"Fire Potion"},{"floor":14,"key":"SteroidPotion"},{"floor":16,"key":"Regen Potion"},{"floor":20,"key":"Weak Potion"},{"floor":22,"key":"Swift Potion"},{"floor":23,"key":"SteroidPotion"},{"floor":35,"key":"Weak Potion"},{"floor":48,"key":"FocusPotion"}],"is_trial":false,"path_per_floor":["M","?","M","M","M","R","E","M","T","?","R","M","R","E","R","B",null,"M","M","M","$","M","E","M","R","T","M","?","R","M","?","R","B",null,"M","$","?","M","?","E","?","M","T","M","R","T","M","M","R"],"character_chosen":"DEFECT","items_purchased":["Matryoshka","HandDrill"],"campfire_rested":2,"item_purchase_floors":[21,36],"current_hp_per_floor":[75,75,74,69,62,62,45,44,44,44,44,46,46,35,57,54,75,75,74,64,64,73,71,75,75,82,82,82,82,82,82,82,41,82,61,61,61,54,70,33,33,24,34,43,85,85,92,89,89,0],"gold":230,"neow_bonus":"","is_prod":false,"is_daily":false,"chose_seed":false,"campfire_upgraded":7,"win_rate":0,"timestamp":1539234609,"path_taken":["M","?","M","M","M","R","E","M","T","?","R","?","R","E","R","BOSS","M","M","M","$","M","E","M","R","T","M","?","R","?","?","R","BOSS","M","$","?","?","?","E","?","?","T","M","R","?","M","?","R","BOSS"],"build_version":"2018-10-04v2","purchased_purges":1,"victory":false,"max_hp_per_floor":[75,75,75,75,75,75,75,75,75,75,75,75,75,75,75,75,75,75,75,75,75,75,75,75,75,82,82,82,82,82,82,82,82,82,82,82,82,82,82,82,82,82,92,92,92,92,92,92,92,92],"card_choices":[{"not_picked":["Blizzard","Sweeping Beam"],"picked":"Melter","floor":1.0},{"not_picked":["Doom and Gloom","Tempest"],"picked":"Genetic Algorithm","floor":3},{"not_picked":["Scrape","Ball Lightning"],"picked":"Reprogram","floor":4},{"not_picked":["Melter","Compile Driver"],"picked":"Sunder","floor":5},{"not_picked":["Scrape","Steam"],"picked":"Echo Form","floor":7},{"not_picked":["Conserve Battery","Streamline"],"picked":"Sunder","floor":8},{"not_picked":["Double Energy","Tempest"],"picked":"White Noise","floor":12},{"not_picked":["Stack","Doom and Gloom"],"picked":"Self Repair","floor":14},{"not_picked":["All For One","Meteor Strike"],"picked":"Amplify","floor":16},{"not_picked":["Redo","Beam Cell"],"picked":"Hello World","floor":17},{"not_picked":["Streamline","Redo"],"picked":"Hologram","floor":17},{"not_picked":["Beam Cell","Stack"],"picked":"Chill","floor":17},{"not_picked":["Hyperbeam","Conserve Battery"],"picked":"White Noise","floor":17},{"not_picked":["Coolheaded","FTL"],"picked":"Go for the Eyes","floor":17},{"not_picked":["Undo","Streamline"],"picked":"Beam Cell","floor":18},{"not_picked":["Steam","Ball Lightning"],"picked":"Machine Learning","floor":19},{"not_picked":["Beam Cell","Barrage"],"picked":"Sunder","floor":20},{"not_picked":["Skim","Turbo"],"picked":"Static Discharge","floor":22},{"not_picked":["Coolheaded","Gash"],"picked":"Conserve Battery+1","floor":23},{"not_picked":["Double Energy","Steam"],"picked":"Hologram","floor":24},{"not_picked":["Compile Driver","Go for the Eyes"],"picked":"Seek","floor":27},{"not_picked":["Compile Driver","Chaos","Conserve Battery"],"picked":"SKIP","floor":30},{"not_picked":["Biased Cognition","All For One"],"picked":"Buffer","floor":33},{"not_picked":[],"picked":"Steam","floor":35},{"not_picked":[],"picked":"Hologram+1","floor":38},{"not_picked":["Tempest"],"picked":"SKIP","floor":40},{"not_picked":["Rebound"],"picked":"SKIP","floor":42},{"not_picked":[],"picked":"Beam Cell+1","floor":44},{"not_picked":[],"picked":"Conserve Battery+1","floor":47},{"not_picked":["Turbo"],"picked":"SKIP","floor":48}],"player_experience":146243,"relics_obtained":[{"floor":7,"key":"Blood Vial"},{"floor":9,"key":"Mummified Hand"},{"floor":14,"key":"Gremlin Horn"},{"floor":23,"key":"Bottled Tornado"},{"floor":26,"key":"Strawberry"},{"floor":26,"key":"WingedGreaves"},{"floor":39,"key":"Thread and Needle"},{"floor":40,"key":"Regal Pillow"},{"floor":43,"key":"MawBank"},{"floor":43,"key":"Pear"},{"floor":46,"key":"Tiny Chest"}],"event_choices":[{"event_name":"Transmorgrifier","player_choice":"Transform","floor":2,"damage_taken":0},{"event_name":"The Cleric","player_choice":"Card Removal","floor":10,"damage_taken":0},{"event_name":"The Library","player_choice":"Read","floor":28,"damage_taken":0},{"event_name":"Back to Basics","player_choice":"Elegance","floor":31,"damage_taken":0},{"event_name":"Falling","player_choice":"Removed Skill","floor":37,"damage_taken":0},{"event_name":"MindBloom","player_choice":"Fight","floor":39,"damage_taken":0},{"event_name":"SecretPortal","player_choice":"Rejected Portal.","floor":41,"damage_taken":0}],"is_beta":false,"boss_relics":[{"not_picked":["Runic Dome","Lizard Tail"],"picked":"Orrery"},{"not_picked":["Snecko Eye","Inserter"],"picked":"Busted Crown"}],"items_purged_floors":[21],"is_endless":false,"potions_floor_spawned":[1,3,12,14,16,20,22,23,24,30,35,44,48],"killed_by":"Time Eater","ascension_level":0}