{"gold_per_floor":[112,122,122,138,152,152,178,178,178,10,10,10,10,21,21,116,116,129,147,97,97],"floor_reached":21,"playtime":819,"items_purged":["Strike_G"],"score":215,"play_id":"95e6eb69-8940-404c-aa12-d3beaa1ca248","local_time":"20181217211830","is_ascension_mode":true,"campfire_choices":[{"data":"Noxious Fumes","floor":6,"key":"SMITH"},{"data":"Catalyst","floor":8,"key":"SMITH"},{"data":"Cloak And Dagger","floor":12,"key":"SMITH"},{"floor":15,"key":"REST"}],"neow_cost":"NONE","seed_source_timestamp":6344604448800,"circlet_count":0,"master_deck":["Defend_G","Defend_G","Defend_G","Defend_G","Defend_G","Strike_G","Strike_G","Strike_G","Survivor","Neutralize","Cloak And Dagger+1","Noxious Fumes+1","Accuracy","Catalyst+1","Accuracy","Deadly Poison","After Image","Calculated Gamble"],"relics":["Ring of the Snake","Potion Belt","GremlinMask","Pear","Letter Opener","White Beast Statue"],"potions_floor_usage":[14,16,18,19,21,21],"damage_taken":[{"damage":0,"enemies":"Small Slimes","floor":1,"turns":5},{"damage":0,"enemies":"Cultist","floor":2,"turns":4},{"damage":0,"enemies":"2 Louse","floor":4,"turns":4},{"damage":0,"enemies":"Blue Slaver","floor":5,"turns":6},{"damage":19,"enemies":"Lagavulin","floor":7,"turns":9},{"damage":28,"enemies":"Gremlin Gang","floor":14,"turns":4},{"damage":35,"enemies":"Slime Boss","floor":16,"turns":9},{"damage":12,"enemies":"Shell Parasite","floor":18,"turns":4},{"damage":6,"enemies":"Spheric Guardian","floor":19,"turns":5},{"damage":63,"enemies":"3 Cultists","floor":21,"turns":6}],"seed_played":"5590150847833147171","potions_obtained":[{"floor":4,"key":"Energy Potion"},{"floor":7,"key":"PowerPotion"},{"floor":14,"key":"Poison Potion"},{"floor":16,"key":"Dexterity Potion"},{"floor":18,"key":"Block Potion"},{"floor":19,"key":"LiquidBronze"}],"is_trial":false,"path_per_floor":["M","M","?","M","M","R","E","R","T","$","T","R","?","M","R","B",null,"M","M","?","M"],"character_chosen":"THE_SILENT","items_purchased":["Accuracy","Deadly Poison"],"campfire_rested":1,"item_purchase_floors":[10,10],"current_hp_per_floor":[70,70,70,70,70,70,61,61,61,61,61,61,61,33,57,22,80,68,62,62,0],"gold":97,"neow_bonus":"RANDOM_COMMON_RELIC","is_prod":false,"is_daily":false,"chose_seed":false,"campfire_upgraded":3,"win_rate":0,"timestamp":1545077910,"path_taken":["M","M","?","M","M","R","E","R","T","$","?","R","?","?","R","BOSS","M","M","?","M"],"build_version":"2018-12-13","purchased_purges":1,"victory":false,"max_hp_per_floor":[70,70,70,70,70,70,80,80,80,80,80,80,80,80,80,80,80,80,80,80,80],"card_choices":[{"not_picked":["Outmaneuver","Slice"],"picked":"Cloak And Dagger","floor":1},{"not_picked":["Distraction","Outmaneuver","Dagger Spray"],"picked":"SKIP","floor":2},{"not_picked":["Accuracy","Infinite Blades"],"picked":"Noxious Fumes","floor":4},{"not_picked":["Dodge and Roll","All Out Attack"],"picked":"Accuracy","floor":5},{"not_picked":["Acrobatics","Slice"],"picked":"Catalyst","floor":7},{"not_picked":["Dagger Throw","Setup","Bouncing Flask"],"picked":"SKIP","floor":14},{"not_picked":["Glass Knife","Adrenaline"],"picked":"After Image","floor":16},{"not_picked":["All Out Attack","Leg Sweep"],"picked":"Calculated Gamble","floor":18},{"not_picked":["Sucker Punch+1","Eviscerate","Calculated Gamble"],"picked":"SKIP","floor":19}],"player_experience":802754,"relics_obtained":[{"floor":7,"key":"Pear"},{"floor":9,"key":"Letter Opener"}],"event_choices":[{"damage_healed":0,"gold_gain":0,"player_choice":"Trade","damage_taken":0,"relics_obtained":["GremlinMask"],"max_hp_gain":0,"max_hp_loss":0,"event_name":"FaceTrader","floor":3,"gold_loss":0},{"cards_removed":["Strike_G"],"damage_healed":0,"gold_gain":0,"player_choice":"Purged","damage_taken":0,"max_hp_gain":0,"max_hp_loss":0,"event_name":"Purifier","floor":13,"gold_loss":0},{"damage_healed":0,"gold_gain":0,"player_choice":"Bet on Murderer","damage_taken":0,"max_hp_gain":0,"max_hp_loss":0,"event_name":"The Joust","floor":20,"gold_loss":50}],"is_beta":false,"boss_relics":[{"not_picked":["Pandora\u0027s Box","Ring of the Serpent"],"picked":"White Beast Statue"}],"items_purged_floors":[10],"is_endless":false,"potions_floor_spawned":[4,7,14,16,18,19],"killed_by":"3 Cultists","ascension_level":4}