{"gold_per_floor":[110,60,70,70,70,70,87,121,121,132,162,162,177,190,190,295,295,280,60,72,86,100,100,129,129,180,207,207,242,242,258,258,363,363,377,377,38,90,40,70,70,83,153,153,153,153,153,163,163,163,163,163,8,37,37],"floor_reached":55,"playtime":6977,"items_purged":["Defend_B","Defend_B"],"score":864,"play_id":"c94e148a-eb87-44ee-abd6-5e7729fa0503","local_time":"20190209212544","is_ascension_mode":true,"campfire_choices":[{"floor":6.0,"key":"RECALL"},{"data":"Dualcast","floor":12.0,"key":"SMITH"},{"data":"Echo Form","floor":15.0,"key":"SMITH"},{"data":"Echo Form","floor":23.0,"key":"SMITH"},{"floor":28.0,"key":"REST"},{"data":"Blizzard","floor":30.0,"key":"SMITH"},{"data":"Zap","floor":32.0,"key":"SMITH"},{"floor":41.0,"key":"REST"},{"data":"Defend_B","floor":45.0,"key":"SMITH"},{"data":"Glacier","floor":47.0,"key":"SMITH"},{"floor":49.0,"key":"REST"},{"data":"Coolheaded","floor":52.0,"key":"SMITH"}],"neow_cost":"NONE","seed_source_timestamp":512142661607305,"circlet_count":0,"master_deck":["Defend_B+1","Zap+1","Dualcast+1","Cold Snap+1","Leap","Ball Lightning","Coolheaded+1","Coolheaded","Glacier+1","Echo Form+1","Blizzard+1","Echo Form+1","Turbo+1","Leap+1","Ball Lightning","HandOfGreed+1","Steam+1"],"special_seed":0,"relics":["Cracked Core","Pantograph","Cables","Incense Burner","Mango","Empty Cage","Omamori","Blue Candle","Ancient Tea Set","Shuriken","Philosopher\u0027s Stone","Bottled Tornado","PreservedInsect","Question Card","Centennial Puzzle","Whetstone"],"potions_floor_usage":[55],"damage_taken":[{"damage":0.0,"enemies":"Jaw Worm","floor":1.0,"turns":4.0},{"damage":0.0,"enemies":"Cultist","floor":3.0,"turns":3.0},{"damage":0.0,"enemies":"2 Louse","floor":7.0,"turns":2.0},{"damage":9.0,"enemies":"Lagavulin","floor":8.0,"turns":10.0},{"damage":0.0,"enemies":"2 Fungi Beasts","floor":10.0,"turns":3.0},{"damage":11.0,"enemies":"Gremlin Nob","floor":11.0,"turns":3.0},{"damage":7.0,"enemies":"Exordium Wildlife","floor":13.0,"turns":6.0},{"damage":2.0,"enemies":"Blue Slaver","floor":14.0,"turns":3.0},{"damage":44.0,"enemies":"Hexaghost","floor":16.0,"turns":10.0},{"damage":13.0,"enemies":"2 Thieves","floor":18.0,"turns":4.0},{"damage":1.0,"enemies":"Shell Parasite","floor":20.0,"turns":6.0},{"damage":0.0,"enemies":"3 Cultists","floor":21.0,"turns":4.0},{"damage":0.0,"enemies":"Centurion and Healer","floor":22.0,"turns":8.0},{"damage":19.0,"enemies":"Slavers","floor":24.0,"turns":8.0},{"damage":2.0,"enemies":"Gremlin Leader","floor":29.0,"turns":7.0},{"damage":1.0,"enemies":"Snecko","floor":31.0,"turns":5.0},{"damage":3.0,"enemies":"Champ","floor":33.0,"turns":9.0},{"damage":7.0,"enemies":"Orb Walker","floor":35.0,"turns":5.0},{"damage":7.0,"enemies":"3 Shapes","floor":38.0,"turns":5.0},{"damage":26.0,"enemies":"Reptomancer","floor":40.0,"turns":6.0},{"damage":9.0,"enemies":"Spire Growth","floor":42.0,"turns":5.0},{"damage":11.0,"enemies":"Transient","floor":48.0,"turns":5.0},{"damage":38.0,"enemies":"Awakened One","floor":50.0,"turns":13.0},{"damage":41.0,"enemies":"Shield and Spear","floor":54.0,"turns":7.0},{"damage":69,"enemies":"The Heart","floor":55,"turns":5}],"seed_played":"2709717676267179166","potions_obtained":[{"floor":3.0,"key":"EssenceOfSteel"},{"floor":7.0,"key":"Block Potion"},{"floor":8.0,"key":"Strength Potion"},{"floor":10.0,"key":"Dexterity Potion"},{"floor":14.0,"key":"AttackPotion"},{"floor":24.0,"key":"EssenceOfSteel"},{"floor":29.0,"key":"Poison Potion"},{"floor":31.0,"key":"Dexterity Potion"},{"floor":35.0,"key":"Swift Potion"},{"floor":42.0,"key":"GamblersBrew"}],"is_trial":false,"path_per_floor":["M","?","M","T","$","R","M","E","T","M","E","R","M","M","R","B",null,"M","$","M","M","M","R","E","?","T","T","R","E","R","M","R","B",null,"M","?","$","M","$","E","R","M","T","?","R","?","R","M","R","B",null,"R","$","E","B"],"character_chosen":"DEFECT","items_purchased":["Omamori","Bottled Tornado","Swift Potion","Centennial Puzzle"],"campfire_rested":3,"item_purchase_floors":[19,37,39,53],"current_hp_per_floor":[75,75,75,75,75,75,75,66,66,66,69,69,62,60,60,41,89,76,76,75,75,75,75,56,56,56,56,82,80,80,79,79,86,89,82,82,82,75,75,49,75,66,66,66,66,66,66,55,80,47,85,85,85,44,0],"gold":37,"neow_bonus":"TRANSFORM_CARD","is_prod":false,"is_daily":false,"chose_seed":false,"campfire_upgraded":8,"win_rate":0,"timestamp":1549743944,"path_taken":["M","?","M","?","$","R","?","E","T","M","E","R","M","M","R","BOSS","M","$","M","M","?","R","E","?","T","?","R","E","R","?","R","BOSS","M","?","$","M","$","E","R","M","T","?","R","?","R","?","R","BOSS","R","$","E","BOSS"],"build_version":"2019-01-23","purchased_purges":2,"victory":false,"max_hp_per_floor":[75,75,75,75,75,75,75,75,75,75,89,89,89,89,89,89,89,89,89,89,89,89,89,89,89,89,89,89,89,89,89,89,89,89,89,89,89,89,89,89,89,89,89,85,85,85,85,85,85,85,85,85,85,85,85],"card_choices":[{"not_picked":["Gash","Hello World"],"picked":"Leap","floor":1.0},{"not_picked":["Beam Cell","Storm","Streamline"],"picked":"SKIP","floor":3.0},{"not_picked":["Chaos","Stack"],"picked":"Ball Lightning","floor":7.0},{"not_picked":["Streamline","Force Field"],"picked":"Coolheaded","floor":8.0},{"not_picked":["Streamline","Beam Cell"],"picked":"Coolheaded","floor":10.0},{"not_picked":["Gash","Blizzard"],"picked":"Glacier","floor":11.0},{"not_picked":["Glacier","Ball Lightning"],"picked":"Echo Form","floor":13.0},{"not_picked":["Fusion","Streamline"],"picked":"Blizzard","floor":14.0},{"not_picked":["Fission","Hyperbeam"],"picked":"Echo Form","floor":16.0},{"not_picked":["Stack","Skim+1"],"picked":"Turbo+1","floor":18.0},{"not_picked":["Stack+1","Steam","Barrage"],"picked":"SKIP","floor":20.0},{"not_picked":["Barrage","Steam"],"picked":"Leap+1","floor":21.0},{"not_picked":["Leap","Reinforced Body","Fusion+1"],"picked":"SKIP","floor":22.0},{"not_picked":["Glacier","Rebound+1"],"picked":"Ball Lightning","floor":24.0},{"not_picked":["Hologram","Reprogram","Ball Lightning"],"picked":"SKIP","floor":29.0},{"not_picked":["Gash","Streamline+1","Sweeping Beam"],"picked":"SKIP","floor":31.0},{"not_picked":["Recycle","Reprogram+1","Hello World+1"],"picked":"SKIP","floor":35.0},{"not_picked":["Mayhem","Trip"],"picked":"HandOfGreed","floor":36.0},{"not_picked":["Undo+1","Conserve Battery"],"picked":"Steam+1","floor":38.0},{"not_picked":["Coolheaded+1","Leap+1","Meteor Strike"],"picked":"SKIP","floor":40.0},{"not_picked":["Storm+1","Rebound","Barrage+1"],"picked":"SKIP","floor":42.0},{"not_picked":["Gash","Conserve Battery","Tempest","Heatsinks+1"],"picked":"SKIP","floor":48.0},{"not_picked":["Streamline","Chaos+1","Self Repair","Coolheaded"],"picked":"SKIP","floor":54.0}],"player_experience":326893,"relics_obtained":[{"floor":4.0,"key":"Pantograph"},{"floor":8.0,"key":"Cables"},{"floor":9.0,"key":"Incense Burner"},{"floor":11.0,"key":"Mango"},{"floor":24.0,"key":"Blue Candle"},{"floor":26.0,"key":"Ancient Tea Set"},{"floor":29.0,"key":"Shuriken"},{"floor":40.0,"key":"PreservedInsect"},{"floor":43.0,"key":"Question Card"},{"floor":54.0,"key":"Whetstone"}],"event_choices":[{"cards_removed":["Strike_B"],"damage_healed":0.0,"max_hp_gain":0.0,"max_hp_loss":0.0,"gold_gain":0.0,"event_name":"The Cleric","player_choice":"Card Removal","floor":2.0,"gold_loss":50.0,"damage_taken":0.0},{"damage_healed":0.0,"max_hp_gain":0.0,"max_hp_loss":0.0,"gold_gain":0.0,"event_name":"Ghosts","player_choice":"Ignored","floor":25.0,"gold_loss":0.0,"damage_taken":0.0},{"damage_healed":0.0,"max_hp_gain":0.0,"max_hp_loss":0.0,"gold_gain":0.0,"event_name":"SensoryStone","player_choice":"Memory 1","floor":36.0,"gold_loss":0.0,"damage_taken":0.0},{"damage_healed":0.0,"max_hp_gain":0.0,"max_hp_loss":4.0,"gold_gain":0.0,"event_name":"Winding Halls","player_choice":"Max HP","floor":44.0,"gold_loss":0.0,"damage_taken":0.0},{"cards_removed":["Defend_B"],"damage_healed":0.0,"max_hp_gain":0.0,"max_hp_loss":0.0,"gold_gain":0.0,"event_name":"Falling","player_choice":"Removed Skill","floor":46.0,"gold_loss":0.0,"damage_taken":0.0}],"is_beta":false,"boss_relics":[{"not_picked":["Cursed Key","Runic Dome"],"picked":"Empty Cage"},{"not_picked":["Tiny House","Pandora\u0027s Box"],"picked":"Philosopher\u0027s Stone"}],"items_purged_floors":[19,37],"is_endless":false,"potions_floor_spawned":[3,7,8,10,14,24,29,31,35,42],"killed_by":"The Heart","ascension_level":4}