{"gold_per_floor":[114,125,137,148,223,223,17,17,40,101,117,131,131,131,131,227,227,242,261,186,186,50,76,76,94,94,104,104,115,30,46,46,148,148,163,38,38,50,50],"floor_reached":39,"playtime":2312,"items_purged":["Strike_B","Decay","Injury"],"score":454,"play_id":"a0c34f82-5f0c-418f-85bc-cd7a2f415dbc","local_time":"20181109041505","is_ascension_mode":true,"campfire_choices":[{"data":"Hologram","floor":6,"key":"SMITH"},{"data":"Zap","floor":8,"key":"SMITH"},{"data":"Coolheaded","floor":13,"key":"SMITH"},{"data":"Beam Cell","floor":15,"key":"SMITH"},{"floor":24,"key":"REST"},{"floor":28,"key":"REST"},{"data":"Defragment","floor":32,"key":"SMITH"}],"neow_cost":"NONE","seed_source_timestamp":739549352146211,"circlet_count":0,"master_deck":["Strike_B","Strike_B","Defend_B","Defend_B","Defend_B","Zap+1","Dualcast","Hologram+1","Gash","Beam Cell+1","Coolheaded+1","Go for the Eyes","Dramatic Entrance","Sweeping Beam","Gash","Electrodynamics","Injury","Defragment+1","Hologram+1","Capacitor","Ball Lightning+1","FTL","Steam","Biased Cognition","Go for the Eyes","All For One","Defragment+1","Steam+1"],"relics":["Cracked Core","Boot","Tiny Chest","Calling Bell","Ancient Tea Set","Mummified Hand","StoneCalendar","Blue Candle","Happy Flower","Singing Bowl","Pantograph","Sozu"],"potions_floor_usage":[0,10,14,18,23,23,23,23,25,25,27,33,33],"damage_taken":[{"damage":1,"enemies":"Cultist","floor":1,"turns":3},{"damage":8,"enemies":"Jaw Worm","floor":2,"turns":4},{"damage":0,"enemies":"Small Slimes","floor":3,"turns":2},{"damage":11,"enemies":"Exordium Thugs","floor":4,"turns":5},{"damage":8,"enemies":"Lagavulin","floor":10,"turns":7},{"damage":2,"enemies":"Gremlin Gang","floor":11,"turns":3},{"damage":1,"enemies":"Looter","floor":12,"turns":2},{"damage":0,"enemies":"3 Sentries","floor":14,"turns":2},{"damage":9,"enemies":"Hexaghost","floor":16,"turns":8},{"damage":20,"enemies":"Spheric Guardian","floor":18,"turns":4},{"damage":11,"enemies":"2 Thieves","floor":19,"turns":3},{"damage":29,"enemies":"Slavers","floor":23,"turns":4},{"damage":7,"enemies":"Chosen and Byrds","floor":25,"turns":4},{"damage":17,"enemies":"Snake Plant","floor":27,"turns":3},{"damage":1,"enemies":"3 Cultists","floor":29,"turns":4},{"damage":23,"enemies":"Snecko","floor":31,"turns":4},{"damage":26,"enemies":"Collector","floor":33,"turns":8},{"damage":0,"enemies":"Orb Walker","floor":35,"turns":3},{"damage":47,"enemies":"3 Darklings","floor":38,"turns":4},{"damage":39,"enemies":"Spire Growth","floor":39,"turns":3}],"seed_played":"-723822353772065930","potions_obtained":[{"floor":0,"key":"SmokeBomb"},{"floor":0,"key":"EntropicBrew"},{"floor":0,"key":"Fruit Juice"},{"floor":2,"key":"SpeedPotion"},{"floor":3,"key":"Dexterity Potion"},{"floor":11,"key":"Ancient Potion"},{"floor":16,"key":"Poison Potion"},{"floor":19,"key":"PowerPotion"},{"floor":23,"key":"AttackPotion"},{"floor":29,"key":"LiquidBronze"},{"floor":31,"key":"Fire Potion"}],"is_trial":false,"path_per_floor":["M","M","M","M","?","R","$","R","T","E","M","M","R","E","R","B",null,"M","M","?","T","$","E","R","M","T","M","R","M","?","M","R","B",null,"M","$","?","M","M"],"character_chosen":"DEFECT","items_purchased":["Go for the Eyes","Dramatic Entrance","Capacitor"],"campfire_rested":2,"item_purchase_floors":[7,7,22],"current_hp_per_floor":[79,71,71,60,49,49,49,49,49,41,39,38,38,38,38,29,80,60,49,49,49,49,20,44,37,37,20,44,43,43,20,20,19,80,80,80,80,33,0],"gold":50,"neow_bonus":"THREE_SMALL_POTIONS","is_prod":false,"is_daily":false,"chose_seed":false,"campfire_upgraded":5,"win_rate":0,"timestamp":1541754905,"path_taken":["M","M","?","M","?","R","?","R","T","E","?","M","R","E","R","BOSS","M","M","?","?","$","E","R","?","T","M","R","M","?","M","R","BOSS","M","$","?","M","M"],"build_version":"2018-11-08","purchased_purges":3,"victory":false,"max_hp_per_floor":[80,80,80,80,80,80,80,80,80,80,80,80,80,80,80,80,80,80,80,80,80,80,80,80,80,80,80,80,80,80,80,80,80,80,80,80,80,80,80],"card_choices":[{"not_picked":["Recycle","Streamline"],"picked":"Hologram","floor":1},{"not_picked":["Turbo","Coolheaded"],"picked":"Gash","floor":2},{"not_picked":["White Noise","Stack"],"picked":"Beam Cell","floor":3},{"not_picked":["Heatsinks","Conserve Battery"],"picked":"Coolheaded","floor":4},{"not_picked":["Chaos","Barrage"],"picked":"Sweeping Beam","floor":10},{"not_picked":["Hologram","Core Surge"],"picked":"Gash","floor":11},{"not_picked":["Turbo","Force Field","Conserve Battery"],"picked":"SKIP","floor":12},{"not_picked":["Biased Cognition","Thunder Strike"],"picked":"Electrodynamics","floor":16},{"not_picked":["Steam","Coolheaded"],"picked":"Defragment","floor":18},{"not_picked":["Compile Driver","Fusion"],"picked":"Hologram+1","floor":19},{"not_picked":["Auto Shields","Rebound+1"],"picked":"Ball Lightning+1","floor":23},{"not_picked":["Rebound","Static Discharge"],"picked":"FTL","floor":25},{"not_picked":["Compile Driver","Barrage+1"],"picked":"Steam","floor":27},{"not_picked":["Fusion+1","Sweeping Beam"],"picked":"Biased Cognition","floor":29},{"not_picked":["Stack","Melter"],"picked":"Go for the Eyes","floor":31},{"not_picked":["Seek","Thunder Strike"],"picked":"All For One","floor":33},{"not_picked":["Hologram","Streamline+1"],"picked":"Defragment+1","floor":35},{"not_picked":["Compile Driver+1","Glacier"],"picked":"Steam+1","floor":38}],"player_experience":244519,"relics_obtained":[{"floor":9,"key":"Boot"},{"floor":10,"key":"Tiny Chest"},{"floor":17,"key":"Ancient Tea Set"},{"floor":17,"key":"Mummified Hand"},{"floor":17,"key":"StoneCalendar"},{"floor":21,"key":"Blue Candle"},{"floor":23,"key":"Happy Flower"},{"floor":26,"key":"Singing Bowl"}],"event_choices":[{"damage_healed":0,"gold_gain":75,"player_choice":"Gather Gold","damage_taken":11,"max_hp_gain":0,"max_hp_loss":0,"event_name":"World of Goop","floor":5,"gold_loss":0},{"cards_removed":["Strike_B"],"damage_healed":0,"gold_gain":0,"player_choice":"Gave Gold","damage_taken":0,"max_hp_gain":0,"max_hp_loss":0,"event_name":"Beggar","floor":20,"gold_loss":75},{"damage_healed":0,"gold_gain":0,"player_choice":"Obtained Relic","damage_taken":0,"relics_obtained":["Pantograph"],"max_hp_gain":0,"max_hp_loss":0,"event_name":"Addict","floor":30,"gold_loss":85},{"cards_removed":["Defend_B"],"damage_healed":0,"gold_gain":0,"player_choice":"Removed Skill","damage_taken":0,"max_hp_gain":0,"max_hp_loss":0,"event_name":"Falling","floor":37,"gold_loss":0}],"is_beta":false,"boss_relics":[{"not_picked":["Pandora\u0027s Box","Ectoplasm"],"picked":"Calling Bell"},{"not_picked":["White Beast Statue","Empty Cage"],"picked":"Sozu"}],"items_purged_floors":[7,22,36],"is_endless":false,"potions_floor_spawned":[2,3,11,16,19,23,29,31],"killed_by":"Spire Growth","ascension_level":2}