{"gold_per_floor":[99,99,24,24,24,24,24,24,24,24,24,24,24,24,24,24,24,24,24,24,24,24,24,24,24,24,24,24,24,24,24,24,24],"floor_reached":33,"playtime":2730,"items_purged":["Strike_B"],"score":373,"play_id":"9e8b2cfe-f953-4574-88b8-5e2f5ca31632","local_time":"20181206225853","is_ascension_mode":true,"campfire_choices":[{"floor":11,"key":"REST"},{"floor":13,"key":"REST"},{"floor":15,"key":"REST"},{"floor":23,"key":"REST"},{"floor":25,"key":"REST"},{"floor":32,"key":"REST"}],"neow_cost":"NONE","seed_source_timestamp":516089423921149,"circlet_count":0,"master_deck":["Defend_B","Defend_B","Defend_B","Zap","Dualcast","Sweeping Beam","Cold Snap","Gash","Buffer","Steam","Streamline","Cold Snap","White Noise","Sweeping Beam","All For One","Rebound+1","Skim+1","Chill+1","Leap","Leap+1","RitualDagger","Ball Lightning+1","Go for the Eyes","Melter","FTL+1"],"relics":["Ectoplasm","Unceasing Top","Astrolabe","Lantern"],"potions_floor_usage":[6,8,12,16,27,30],"damage_taken":[{"damage":1,"enemies":"Cultist","floor":1,"turns":3},{"damage":7,"enemies":"2 Louse","floor":2,"turns":2},{"damage":0,"enemies":"Jaw Worm","floor":4,"turns":4},{"damage":9,"enemies":"3 Louse","floor":5,"turns":3},{"damage":12,"enemies":"Lagavulin","floor":6,"turns":6},{"damage":4,"enemies":"Lots of Slimes","floor":7,"turns":3},{"damage":7,"enemies":"2 Fungi Beasts","floor":8,"turns":2},{"damage":5,"enemies":"3 Louse","floor":10,"turns":4},{"damage":14,"enemies":"Large Slime","floor":12,"turns":6},{"damage":0,"enemies":"2 Fungi Beasts","floor":14,"turns":4},{"damage":28,"enemies":"Hexaghost","floor":16,"turns":9},{"damage":24,"enemies":"Shell Parasite","floor":18,"turns":7},{"damage":5,"enemies":"Spheric Guardian","floor":19,"turns":4},{"damage":34,"enemies":"Snake Plant","floor":24,"turns":8},{"damage":3,"enemies":"Snecko","floor":27,"turns":4},{"damage":2,"enemies":"Centurion and Healer","floor":28,"turns":7},{"damage":32,"enemies":"Snake Plant","floor":29,"turns":5},{"damage":1,"enemies":"Cultist and Chosen","floor":30,"turns":6},{"damage":19,"enemies":"Colosseum Slavers","floor":31,"turns":5},{"damage":30,"enemies":"Automaton","floor":33,"turns":4}],"seed_played":"-8714971074146470895","potions_obtained":[{"floor":4,"key":"FearPotion"},{"floor":7,"key":"SkillPotion"},{"floor":8,"key":"Weak Potion"},{"floor":14,"key":"SkillPotion"},{"floor":19,"key":"SneckoOil"},{"floor":24,"key":"SpeedPotion"},{"floor":29,"key":"Regen Potion"}],"is_trial":false,"path_per_floor":["M","M","$","M","M","E","M","M","T","M","R","M","R","M","R","B",null,"M","M","?","?","?","R","M","R","T","M","M","M","M","?","R","B"],"character_chosen":"DEFECT","items_purchased":[],"campfire_rested":6,"item_purchase_floors":[],"current_hp_per_floor":[67,60,60,60,51,39,35,28,28,23,45,31,53,53,75,47,68,44,39,33,33,33,55,21,43,43,40,38,6,20,1,23,0],"gold":24,"neow_bonus":"BOSS_RELIC","is_prod":false,"is_daily":false,"chose_seed":false,"campfire_upgraded":0,"win_rate":0,"timestamp":1544137133,"path_taken":["M","M","$","M","M","E","M","M","T","M","R","?","R","M","R","BOSS","M","M","?","?","?","R","M","R","T","M","M","M","?","?","R","BOSS"],"build_version":"2018-11-15","purchased_purges":1,"victory":false,"max_hp_per_floor":[75,75,75,75,75,75,75,75,75,75,75,75,75,75,75,75,75,75,75,75,75,75,75,75,75,75,75,75,75,75,75,75,75],"card_choices":[{"not_picked":["Cold Snap","Heatsinks"],"picked":"Sweeping Beam","floor":1},{"not_picked":["Doom and Gloom","Turbo"],"picked":"Cold Snap","floor":2},{"not_picked":["Compile Driver","Conserve Battery"],"picked":"Gash","floor":4},{"not_picked":["Turbo","Rebound"],"picked":"Buffer","floor":5},{"not_picked":["Meteor Strike","Force Field"],"picked":"Steam","floor":6},{"not_picked":["Steam","Genetic Algorithm"],"picked":"Streamline","floor":7},{"not_picked":["Hello World","Undo","Steam Power"],"picked":"SKIP","floor":8},{"not_picked":["Darkness","Turbo"],"picked":"Cold Snap","floor":10},{"not_picked":["Sweeping Beam","Coolheaded"],"picked":"White Noise","floor":12},{"not_picked":["Stack","Compile Driver"],"picked":"Sweeping Beam","floor":14},{"not_picked":["Meteor Strike","Reboot"],"picked":"All For One","floor":16},{"not_picked":["Steam","Undo"],"picked":"Leap","floor":18},{"not_picked":["Steam+1","Cold Snap"],"picked":"Leap+1","floor":19},{"not_picked":["Rebound","Sweeping Beam"],"picked":"Ball Lightning+1","floor":24},{"not_picked":["Redo","Heatsinks+1"],"picked":"Go for the Eyes","floor":27},{"not_picked":["Streamline","Rip and Tear"],"picked":"Melter","floor":28},{"not_picked":["Barrage","Streamline"],"picked":"FTL+1","floor":29},{"not_picked":["Compile Driver","Rainbow","Steam"],"picked":"SKIP","floor":30}],"player_experience":993436,"relics_obtained":[{"floor":6,"key":"Unceasing Top"},{"floor":26,"key":"Lantern"}],"event_choices":[{"damage_healed":0,"gold_gain":0,"player_choice":"Joined the Cult","damage_taken":6,"max_hp_gain":0,"max_hp_loss":0,"event_name":"Nest","floor":20,"gold_loss":0,"cards_obtained":["RitualDagger"]},{"damage_healed":0,"gold_gain":0,"player_choice":"Ignored","damage_taken":0,"max_hp_gain":0,"max_hp_loss":0,"event_name":"Ghosts","floor":21,"gold_loss":0},{"cards_removed":["Defend_B"],"damage_healed":0,"gold_gain":0,"player_choice":"Purged","damage_taken":0,"max_hp_gain":0,"max_hp_loss":0,"event_name":"Purifier","floor":22,"gold_loss":0},{"damage_healed":0,"gold_gain":0,"player_choice":"Fight","damage_taken":0,"max_hp_gain":0,"max_hp_loss":0,"event_name":"Colosseum","floor":31,"gold_loss":0},{"damage_healed":0,"gold_gain":0,"player_choice":"Fled From Nobs","damage_taken":0,"max_hp_gain":0,"max_hp_loss":0,"event_name":"Colosseum","floor":31,"gold_loss":0}],"is_beta":false,"boss_relics":[{"not_picked":["Coffee Dripper","Tiny House"],"picked":"Astrolabe"}],"items_purged_floors":[3],"is_endless":false,"potions_floor_spawned":[4,7,8,14,19,24,29],"killed_by":"Automaton","ascension_level":9}