{"gold_per_floor":[110,110,110,127,139,168,168,178,205,205,167,178,188,258,258,355,355,372,385,240,240,250,250,283,283],"floor_reached":25,"playtime":1422,"items_purged":["Pain"],"score":312,"play_id":"b9aa0f9f-0ee8-4d0d-b498-098a7aebfc4d","local_time":"20190211130931","is_ascension_mode":true,"campfire_choices":[{"floor":7.0,"key":"REST"},{"floor":10.0,"key":"REST"},{"floor":15.0,"key":"REST"},{"floor":23.0,"key":"REST"}],"neow_cost":"NONE","seed_source_timestamp":0,"circlet_count":0,"master_deck":["Strike_B","Strike_B","Strike_B","Strike_B","Defend_B","Defend_B","Defend_B+1","Defend_B+1","Zap+1","Dualcast","Barrage","Gash","Leap","FTL","Glacier","Hologram","Streamline","Hyperbeam","Conserve Battery","Chill+1","Glacier","Hologram","Auto Shields"],"special_seed":0,"relics":["Cracked Core","Vajra","Omamori","Orichalcum","Calling Bell","Anchor","Symbiotic Virus","Turnip","Happy Flower"],"potions_floor_usage":[24,25],"damage_taken":[{"damage":8.0,"enemies":"Small Slimes","floor":1.0,"turns":3.0},{"damage":0.0,"enemies":"2 Louse","floor":4.0,"turns":2.0},{"damage":0.0,"enemies":"Jaw Worm","floor":5.0,"turns":2.0},{"damage":32.0,"enemies":"Gremlin Nob","floor":6.0,"turns":4.0},{"damage":27.0,"enemies":"Gremlin Gang","floor":8.0,"turns":5.0},{"damage":5.0,"enemies":"Blue Slaver","floor":12.0,"turns":4.0},{"damage":0.0,"enemies":"2 Fungi Beasts","floor":13.0,"turns":3.0},{"damage":8.0,"enemies":"Slime Boss","floor":16.0,"turns":10.0},{"damage":5.0,"enemies":"2 Thieves","floor":18.0,"turns":4.0},{"damage":5.0,"enemies":"Spheric Guardian","floor":19.0,"turns":3.0},{"damage":2.0,"enemies":"Chosen and Byrds","floor":22.0,"turns":8.0},{"damage":65,"enemies":"Book of Stabbing","floor":24,"turns":8},{"damage":5,"enemies":"Snecko","floor":25,"turns":5}],"seed_played":"5563465835947403526","potions_obtained":[{"floor":4.0,"key":"Ancient Potion"},{"floor":5.0,"key":"FearPotion"},{"floor":6.0,"key":"FearPotion"},{"floor":18.0,"key":"Swift Potion"},{"floor":19.0,"key":"Energy Potion"},{"floor":22.0,"key":"Swift Potion"}],"is_trial":false,"path_per_floor":["M","?","?","M","M","E","R","M","T","R","$","M","M","?","R","B",null,"M","M","$","?","M","R","E","M"],"character_chosen":"DEFECT","items_purchased":["Glacier","Glacier"],"campfire_rested":4,"item_purchase_floors":[11,20],"current_hp_per_floor":[60,60,45,45,45,13,35,8,8,30,30,25,25,25,47,39,66,61,56,56,49,47,69,4,0],"gold":283,"neow_bonus":"RANDOM_COMMON_RELIC","is_prod":false,"is_daily":false,"chose_seed":false,"campfire_upgraded":0,"win_rate":0,"timestamp":1549861771,"path_taken":["M","?","?","M","M","E","R","M","T","R","$","M","M","?","R","BOSS","M","M","$","?","M","R","E","?"],"build_version":"2019-01-23","purchased_purges":1,"victory":false,"max_hp_per_floor":[75,75,75,75,75,75,75,75,75,75,75,75,75,75,75,75,75,75,75,75,75,75,75,75,75],"card_choices":[{"not_picked":["Sweeping Beam","Rebound"],"picked":"Barrage","floor":1.0},{"not_picked":["Capacitor","Compile Driver","Darkness"],"picked":"SKIP","floor":4.0},{"not_picked":["Reprogram","Static Discharge"],"picked":"Gash","floor":5.0},{"not_picked":["Storm","Thunder Strike"],"picked":"Leap","floor":6.0},{"not_picked":["Static Discharge","Go for the Eyes"],"picked":"FTL","floor":8.0},{"not_picked":["Doom and Gloom","Redo"],"picked":"Hologram","floor":12.0},{"not_picked":["Ball Lightning","Stack"],"picked":"Streamline","floor":13.0},{"not_picked":["Amplify","Buffer"],"picked":"Hyperbeam","floor":16.0},{"not_picked":["Reinforced Body","Rebound"],"picked":"Conserve Battery","floor":18.0},{"not_picked":["Barrage","Beam Cell+1"],"picked":"Chill+1","floor":19.0},{"not_picked":["Leap+1","Static Discharge"],"picked":"Hologram","floor":22.0},{"not_picked":["Electrodynamics","Compile Driver"],"picked":"Auto Shields","floor":24}],"player_experience":643189,"relics_obtained":[{"floor":6.0,"key":"Omamori"},{"floor":9.0,"key":"Orichalcum"},{"floor":17.0,"key":"Anchor"},{"floor":17.0,"key":"Symbiotic Virus"},{"floor":17.0,"key":"Turnip"},{"floor":24,"key":"Happy Flower"}],"event_choices":[{"damage_healed":0.0,"max_hp_gain":0.0,"max_hp_loss":0.0,"gold_gain":0.0,"event_name":"Living Wall","player_choice":"Grow","floor":2.0,"gold_loss":0.0,"damage_taken":0.0,"cards_upgraded":["Zap"]},{"damage_healed":0.0,"max_hp_gain":0.0,"max_hp_loss":0.0,"gold_gain":0.0,"event_name":"Shining Light","player_choice":"Entered Light","floor":3.0,"gold_loss":0.0,"damage_taken":15.0,"cards_upgraded":["Defend_B","Defend_B"]},{"damage_healed":0.0,"max_hp_gain":0.0,"max_hp_loss":0.0,"gold_gain":70.0,"event_name":"Golden Wing","player_choice":"Gained Gold","floor":14.0,"gold_loss":0.0,"damage_taken":0.0},{"damage_healed":0.0,"max_hp_gain":0.0,"max_hp_loss":0.0,"gold_gain":0.0,"event_name":"Knowing Skull","player_choice":"","floor":21.0,"potions_obtained":[],"gold_loss":0.0,"damage_taken":7.0,"cards_obtained":[]}],"is_beta":false,"boss_relics":[{"not_picked":["Fusion Hammer","White Beast Statue"],"picked":"Calling Bell"}],"items_purged_floors":[20],"is_endless":false,"potions_floor_spawned":[4,5,6,12,18,19,22],"killed_by":"Snecko","ascension_level":8}