{"gold_per_floor":[114,126,146,146,71,71,96,96,123,5,31,50,125,143,143,240,240,258,269,286,301,314,314,314],"floor_reached":24,"playtime":1420,"items_purged":["Strike_B"],"score":315,"play_id":"43c5d1dd-ce9f-46ca-bcfb-9f739fb0a8b8","local_time":"20181226030125","is_ascension_mode":true,"campfire_choices":[{"data":"Self Repair","floor":6,"key":"SMITH"},{"floor":8,"key":"REST"},{"data":"Capacitor","floor":15,"key":"SMITH"},{"data":"Dualcast","floor":23,"key":"SMITH"}],"neow_cost":"NONE","seed_source_timestamp":204753556742771,"circlet_count":0,"master_deck":["AscendersBane","Strike_B","Strike_B","Strike_B","Defend_B","Defend_B+1","Defend_B","Defend_B+1","Zap+1","Dualcast+1","FTL","Self Repair+1","Cold Snap","White Noise","Steam Power","Hologram","Sweeping Beam","Glacier","Capacitor+1","Gash","Glacier","All For One","Steam","Leap","Gash","Redo+1","Defragment+1","Gash","Loop"],"relics":["Cracked Core","War Paint","Torii","DataDisk","Prayer Wheel","White Beast Statue"],"potions_floor_usage":[11,16,16,20,21,21,22,24],"damage_taken":[{"damage":4,"enemies":"Jaw Worm","floor":1,"turns":3},{"damage":1,"enemies":"Cultist","floor":2,"turns":3},{"damage":4,"enemies":"Small Slimes","floor":3,"turns":3},{"damage":30,"enemies":"Gremlin Nob","floor":7,"turns":5},{"damage":16,"enemies":"3 Sentries","floor":11,"turns":7},{"damage":0,"enemies":"2 Fungi Beasts","floor":12,"turns":2},{"damage":12,"enemies":"Lots of Slimes","floor":14,"turns":3},{"damage":8,"enemies":"The Guardian","floor":16,"turns":12},{"damage":8,"enemies":"Shell Parasite","floor":18,"turns":10},{"damage":0,"enemies":"Spheric Guardian","floor":19,"turns":5},{"damage":0,"enemies":"Cultist and Chosen","floor":20,"turns":9},{"damage":1,"enemies":"3 Cultists","floor":21,"turns":5},{"damage":12,"enemies":"Centurion and Healer","floor":22,"turns":9},{"damage":89,"enemies":"Gremlin Leader","floor":24,"turns":9}],"seed_played":"-4542260896600506686","potions_obtained":[{"floor":2,"key":"Weak Potion"},{"floor":3,"key":"Dexterity Potion"},{"floor":11,"key":"Regen Potion"},{"floor":18,"key":"Fire Potion"},{"floor":19,"key":"EntropicBrew"},{"floor":20,"key":"Strength Potion"},{"floor":21,"key":"EssenceOfSteel"},{"floor":22,"key":"Dexterity Potion"}],"is_trial":false,"path_per_floor":["M","M","M","?","$","R","E","R","T","$","E","M","?","M","R","B",null,"M","M","M","M","M","R","E"],"character_chosen":"DEFECT","items_purchased":["Steam Power","Hologram"],"campfire_rested":1,"item_purchase_floors":[10,10],"current_hp_per_floor":[64,63,66,59,59,59,39,61,61,61,55,55,44,42,42,59,71,75,75,75,75,73,73,0],"gold":314,"neow_bonus":"UPGRADE_CARD","is_prod":false,"is_daily":false,"chose_seed":false,"campfire_upgraded":3,"win_rate":0,"timestamp":1545811285,"path_taken":["M","M","M","?","?","R","E","R","T","?","E","?","?","M","R","BOSS","M","M","M","M","M","R","E"],"build_version":"2018-12-20","purchased_purges":1,"victory":false,"max_hp_per_floor":[75,75,75,75,75,75,75,75,75,75,75,75,75,75,75,75,75,75,75,75,75,75,75,75],"card_choices":[{"not_picked":["Cold Snap","Leap"],"picked":"FTL","floor":1},{"not_picked":["Skim","Sweeping Beam"],"picked":"Self Repair","floor":2},{"not_picked":["Undo","Double Energy"],"picked":"Cold Snap","floor":3},{"not_picked":["Undo","Compile Driver"],"picked":"White Noise","floor":7},{"not_picked":["Recycle","Leap"],"picked":"Sweeping Beam","floor":11},{"not_picked":["Stack","Compile Driver"],"picked":"Glacier","floor":12},{"not_picked":["Meteor Strike","Beam Cell"],"picked":"Capacitor","floor":12},{"not_picked":["Leap","Redo"],"picked":"Gash","floor":14},{"not_picked":["Conserve Battery","Redo"],"picked":"Glacier","floor":14},{"not_picked":["Rainbow","Meteor Strike"],"picked":"All For One","floor":16},{"not_picked":["Compile Driver","Conserve Battery"],"picked":"Steam","floor":18},{"not_picked":["Stack","Rip and Tear","Leap"],"picked":"SKIP","floor":18},{"not_picked":["Stack","Rip and Tear"],"picked":"Leap","floor":18},{"not_picked":["Steam Power","Stack"],"picked":"Gash","floor":19},{"not_picked":["Ball Lightning","Conserve Battery"],"picked":"Redo+1","floor":19},{"not_picked":["Turbo+1","Leap+1"],"picked":"Defragment+1","floor":20},{"not_picked":["Tempest","Redo","Lockon"],"picked":"SKIP","floor":20},{"not_picked":["Undo","Hello World","Conserve Battery"],"picked":"SKIP","floor":21},{"not_picked":["Compile Driver","Doom and Gloom","Hyperbeam"],"picked":"SKIP","floor":21},{"not_picked":["Redo","Scrape"],"picked":"Gash","floor":22},{"not_picked":["Reinforced Body","Turbo"],"picked":"Loop","floor":22}],"player_experience":439386,"relics_obtained":[{"floor":7,"key":"Torii"},{"floor":9,"key":"DataDisk"},{"floor":11,"key":"Prayer Wheel"}],"event_choices":[{"damage_healed":0,"gold_gain":0,"player_choice":"Success","damage_taken":7,"relics_obtained":["War Paint"],"max_hp_gain":0,"max_hp_loss":0,"event_name":"Scrap Ooze","floor":4,"gold_loss":0},{"damage_healed":0,"gold_gain":75,"player_choice":"Gather Gold","damage_taken":11,"max_hp_gain":0,"max_hp_loss":0,"event_name":"World of Goop","floor":13,"gold_loss":0}],"is_beta":false,"boss_relics":[{"not_picked":["FrozenCore","Runic Pyramid"],"picked":"White Beast Statue"}],"items_purged_floors":[5],"is_endless":false,"potions_floor_spawned":[2,3,11,18,19,20,21,22],"killed_by":"Gremlin Leader","ascension_level":10}