{"gold_per_floor":[115,132,132,132,157,193,193,211,211,10,10,33,47,66,66,185,185,210,135,176,194,10,10,10,10,10,10],"floor_reached":27,"playtime":4060,"items_purged":["Strike_R"],"score":238,"play_id":"985a7609-291b-4124-9fa3-b9927667d83a","local_time":"20190208133156","is_ascension_mode":false,"campfire_choices":[{"data":"Feed","floor":7,"key":"SMITH"},{"floor":15,"key":"REST"},{"floor":23,"key":"REST"}],"neow_cost":"NONE","seed_source_timestamp":68629848741478,"circlet_count":0,"master_deck":["Strike_R","Strike_R","Strike_R","Strike_R","Defend_R","Defend_R","Defend_R","Defend_R","Bash","Metallicize","Rampage","Thunderclap","Feed+1","Flex","Headbutt","Battle Trance","Anger","Double Tap","Body Slam+1","Iron Wave+1","Inflame","Searing Blow","Shame"],"relics":["Burning Blood","Golden Idol","WarpedTongs","Juzu Bracelet","Mercury Hourglass","Membership Card","Du-Vu Doll","Snecko Eye","Red Mask","StoneCalendar","Molten Egg 2","Incense Burner"],"potions_floor_usage":[],"damage_taken":[{"damage":1,"enemies":"2 Louse","floor":1,"turns":3},{"damage":1,"enemies":"Cultist","floor":2,"turns":4},{"damage":2,"enemies":"Small Slimes","floor":5,"turns":2},{"damage":33,"enemies":"Gremlin Nob","floor":6,"turns":5},{"damage":15,"enemies":"2 Fungi Beasts","floor":8,"turns":4},{"damage":9,"enemies":"3 Louse","floor":12,"turns":3},{"damage":2,"enemies":"Looter","floor":13,"turns":2},{"damage":13,"enemies":"Exordium Thugs","floor":14,"turns":6},{"damage":41,"enemies":"Hexaghost","floor":16,"turns":9},{"damage":21,"enemies":"Spheric Guardian","floor":18,"turns":4},{"damage":42,"enemies":"Masked Bandits","floor":20,"turns":6},{"damage":21,"enemies":"3 Byrds","floor":21,"turns":6},{"damage":79,"enemies":"Slavers","floor":27,"turns":5}],"seed_played":"2188813226683195522","potions_obtained":[{"floor":1,"key":"SkillPotion"},{"floor":5,"key":"AttackPotion"},{"floor":12,"key":"Explosive Potion"}],"is_trial":false,"path_per_floor":["M","M","?","?","M","E","R","M","T","$","?","M","M","M","R","B",null,"M","?","?","M","$","R","?","?","T","E"],"character_chosen":"IRONCLAD","items_purchased":["Membership Card","StoneCalendar"],"campfire_rested":2,"item_purchase_floors":[10,22],"current_hp_per_floor":[88,88,66,66,70,43,43,38,38,38,31,32,36,29,57,22,96,85,85,53,42,42,74,74,74,74,0],"gold":10,"neow_bonus":"TEN_PERCENT_HP_BONUS","is_prod":false,"is_daily":false,"chose_seed":false,"campfire_upgraded":1,"win_rate":0.0,"timestamp":1549629116,"path_taken":["M","M","?","?","M","E","R","M","T","$","?","M","M","M","R","BOSS","M","?","?","M","$","R","?","?","T","E"],"build_version":"2019-01-23","purchased_purges":1,"victory":false,"max_hp_per_floor":[88,88,88,88,88,88,88,92,92,92,92,96,96,96,96,96,96,100,100,104,108,108,108,108,108,108,108],"card_choices":[{"not_picked":["Seeing Red","Intimidate"],"picked":"Metallicize","floor":1},{"not_picked":["Sword Boomerang","Shrug It Off"],"picked":"Rampage","floor":2},{"not_picked":["True Grit","Corruption"],"picked":"Thunderclap","floor":5},{"not_picked":["Blood for Blood","Burning Pact"],"picked":"Feed","floor":6},{"not_picked":["Iron Wave","Burning Pact"],"picked":"Flex","floor":8},{"not_picked":["Cleave","Iron Wave"],"picked":"Headbutt","floor":12},{"not_picked":["Armaments","Heavy Blade"],"picked":"Battle Trance","floor":13},{"not_picked":["Power Through","Twin Strike"],"picked":"Anger","floor":14},{"not_picked":["Reaper","Bludgeon"],"picked":"Double Tap","floor":16},{"not_picked":["Twin Strike","Warcry"],"picked":"Body Slam+1","floor":18},{"not_picked":["Feel No Pain","True Grit"],"picked":"Iron Wave+1","floor":20},{"not_picked":["Corruption","Anger"],"picked":"Inflame","floor":21}],"player_experience":57493,"relics_obtained":[{"floor":6,"key":"Juzu Bracelet"},{"floor":9,"key":"Mercury Hourglass"},{"floor":20,"key":"Red Mask"},{"floor":26,"key":"Incense Burner"}],"event_choices":[{"damage_healed":0,"gold_gain":0,"player_choice":"Take Damage","damage_taken":22,"relics_obtained":["Golden Idol"],"max_hp_gain":0,"max_hp_loss":0,"event_name":"Golden Idol","floor":3,"gold_loss":0},{"damage_healed":0,"gold_gain":0,"player_choice":"Rummage","damage_taken":0,"relics_obtained":["WarpedTongs"],"max_hp_gain":0,"max_hp_loss":0,"event_name":"Accursed Blacksmith","floor":4,"gold_loss":0,"cards_obtained":["Pain"]},{"damage_healed":0,"gold_gain":0,"player_choice":"Success","damage_taken":7,"relics_obtained":["Du-Vu Doll"],"max_hp_gain":0,"max_hp_loss":0,"event_name":"Scrap Ooze","floor":11,"gold_loss":0},{"cards_removed":["Pain"],"damage_healed":0,"gold_gain":0,"player_choice":"Gave Gold","damage_taken":0,"max_hp_gain":0,"max_hp_loss":0,"event_name":"Beggar","floor":19,"gold_loss":75},{"damage_healed":0,"gold_gain":0,"player_choice":"Fought Bandits","damage_taken":0,"max_hp_gain":0,"max_hp_loss":0,"event_name":"Masked Bandits","floor":20,"gold_loss":0},{"damage_healed":0,"gold_gain":0,"player_choice":"Read","damage_taken":0,"max_hp_gain":0,"max_hp_loss":0,"event_name":"The Library","floor":24,"gold_loss":0,"cards_obtained":["Searing Blow"]},{"damage_healed":0,"gold_gain":0,"player_choice":"Stole Relic","damage_taken":0,"relics_obtained":["Molten Egg 2"],"max_hp_gain":0,"max_hp_loss":0,"event_name":"Addict","floor":25,"gold_loss":0,"cards_obtained":["Shame"]}],"is_beta":false,"boss_relics":[{"not_picked":["Busted Crown","Astrolabe"],"picked":"Snecko Eye"}],"items_purged_floors":[22],"is_endless":false,"potions_floor_spawned":[1,5,12,18],"killed_by":"Slavers","ascension_level":0}