{"gold_per_floor":[118,118,138,213,213,213,247,135,189,207,207,231,249,265,265,393,393,413,313,412,428,428,428,442,442,493,493,418,418,437,447,447,447],"floor_reached":33,"playtime":1737,"items_purged":["Strike_R","Strike_R"],"score":299,"play_id":"553ae8ff-f85f-40b3-b686-cd926897c699","local_time":"20190127151626","is_ascension_mode":true,"campfire_choices":[{"data":"Hemokinesis","floor":6,"key":"SMITH"},{"data":"Shrug It Off","floor":15,"key":"SMITH"},{"data":"Bash","floor":23,"key":"SMITH"},{"floor":27,"key":"REST"},{"data":"Demon Form","floor":29,"key":"SMITH"},{"floor":32,"key":"RECALL"}],"neow_cost":"NONE","seed_source_timestamp":7123389207104,"circlet_count":0,"master_deck":["Strike_R","Strike_R","Strike_R","Defend_R","Defend_R","Defend_R","Bash+1","Hemokinesis+1","Ghostly Armor","Cleave","Evolve","Shrug It Off+1","Demon Form+1","Shrug It Off+1","Writhe"],"relics":["Black Blood","NeowsBlessing","Incense Burner","Mercury Hourglass","Bloody Idol","Sundial","Art of War"],"potions_floor_usage":[16,16,18,21],"damage_taken":[{"damage":0,"enemies":"Small Slimes","floor":1,"turns":1},{"damage":0,"enemies":"Cultist","floor":3,"turns":1},{"damage":0,"enemies":"Lagavulin","floor":7,"turns":1},{"damage":9,"enemies":"Jaw Worm","floor":10,"turns":2},{"damage":4,"enemies":"Blue Slaver","floor":12,"turns":3},{"damage":9,"enemies":"3 Louse","floor":13,"turns":2},{"damage":7,"enemies":"Large Slime","floor":14,"turns":5},{"damage":47,"enemies":"Hexaghost","floor":16,"turns":9},{"damage":22,"enemies":"3 Byrds","floor":18,"turns":5},{"damage":43,"enemies":"Shell Parasite","floor":21,"turns":11},{"damage":18,"enemies":"Cultist and Chosen","floor":24,"turns":8},{"damage":18,"enemies":"Centurion and Healer","floor":30,"turns":6},{"damage":6,"enemies":"Snecko","floor":31,"turns":5},{"damage":60,"enemies":"Collector","floor":33,"turns":7}],"seed_played":"-2082550967436804849","potions_obtained":[{"floor":1,"key":"AttackPotion"},{"floor":7,"key":"BloodPotion"},{"floor":12,"key":"Strength Potion"},{"floor":13,"key":"SpeedPotion"},{"floor":21,"key":"Fruit Juice"},{"floor":24,"key":"Ancient Potion"},{"floor":31,"key":"Energy Potion"}],"is_trial":false,"path_per_floor":["M","?","M","?","?","R","E","$","T","M","?","M","M","M","R","B",null,"M","$","?","M","?","R","M","?","T","R","?","R","M","M","R","B"],"character_chosen":"IRONCLAD","items_purchased":["Ghostly Armor"],"campfire_rested":1,"item_purchase_floors":[8],"current_hp_per_floor":[80,80,80,69,69,69,75,75,75,72,52,54,51,50,50,17,80,68,68,68,40,40,40,32,32,37,62,62,62,59,68,68,8],"gold":447,"neow_bonus":"THREE_ENEMY_KILL","is_prod":false,"is_daily":false,"chose_seed":false,"campfire_upgraded":4,"win_rate":0,"timestamp":1548569786,"path_taken":["M","?","?","?","?","R","E","?","T","M","?","M","M","M","R","BOSS","M","$","?","M","?","R","M","?","T","R","?","R","M","M","R","BOSS"],"build_version":"2019-01-23","purchased_purges":2,"victory":false,"max_hp_per_floor":[80,80,80,80,80,80,80,80,80,80,80,80,80,80,80,80,80,80,80,80,85,85,85,85,85,85,85,85,85,85,85,85,85],"card_choices":[{"not_picked":["Fire Breathing","Blood for Blood"],"picked":"Hemokinesis","floor":1},{"not_picked":["Havoc","Shockwave","Twin Strike"],"picked":"SKIP","floor":3},{"not_picked":["True Grit","Reaper","Blood for Blood"],"picked":"SKIP","floor":7},{"not_picked":["Warcry","Flex"],"picked":"Cleave","floor":10},{"not_picked":["Flex","Combust"],"picked":"Evolve","floor":12},{"not_picked":["Wild Strike","Havoc"],"picked":"Shrug It Off","floor":13},{"not_picked":["Heavy Blade","Clash","Clothesline"],"picked":"SKIP","floor":14},{"not_picked":["Limit Break","Reaper"],"picked":"Demon Form","floor":16},{"not_picked":["Reckless Charge+1","Clash","Twin Strike"],"picked":"SKIP","floor":18},{"not_picked":["Twin Strike","Sever Soul"],"picked":"Shrug It Off+1","floor":21},{"not_picked":["Carnage","Flex","Havoc"],"picked":"SKIP","floor":24},{"not_picked":["Headbutt+1","Perfected Strike","Inflame"],"picked":"SKIP","floor":30},{"not_picked":["Anger","Warcry","Thunderclap"],"picked":"SKIP","floor":31}],"player_experience":91965,"relics_obtained":[{"floor":7,"key":"Mercury Hourglass"},{"floor":26,"key":"Art of War"}],"event_choices":[{"damage_healed":0,"gold_gain":0,"player_choice":"Gave Potion","damage_taken":0,"relics_obtained":["Incense Burner"],"max_hp_gain":0,"max_hp_loss":0,"event_name":"WeMeetAgain","floor":2,"gold_loss":0},{"damage_healed":0,"gold_gain":75,"player_choice":"Gather Gold","damage_taken":11,"max_hp_gain":0,"max_hp_loss":0,"event_name":"World of Goop","floor":4,"gold_loss":0},{"damage_healed":0,"gold_gain":0,"player_choice":"Ignored","damage_taken":0,"max_hp_gain":0,"max_hp_loss":0,"event_name":"Liars Game","floor":5,"gold_loss":0},{"damage_healed":0,"gold_gain":0,"player_choice":"Take Damage","damage_taken":20,"relics_obtained":["Golden Idol"],"max_hp_gain":0,"max_hp_loss":0,"event_name":"Golden Idol","floor":11,"gold_loss":0},{"damage_healed":0,"gold_gain":99,"player_choice":"Stole From Cult","damage_taken":0,"max_hp_gain":0,"max_hp_loss":0,"event_name":"Nest","floor":20,"gold_loss":0},{"damage_healed":0,"gold_gain":0,"player_choice":"Opened","damage_taken":0,"relics_obtained":["Sundial"],"max_hp_gain":0,"max_hp_loss":0,"event_name":"The Mausoleum","floor":22,"gold_loss":0,"cards_obtained":["Writhe"]},{"damage_healed":0,"gold_gain":0,"player_choice":"Gave Idol","damage_taken":0,"relics_obtained":["Bloody Idol"],"max_hp_gain":0,"max_hp_loss":0,"event_name":"Forgotten Altar","floor":25,"relics_lost":["Golden Idol"],"gold_loss":0},{"cards_removed":["Defend_R"],"damage_healed":0,"gold_gain":0,"player_choice":"Gave Gold","damage_taken":0,"max_hp_gain":0,"max_hp_loss":0,"event_name":"Beggar","floor":28,"gold_loss":75}],"is_beta":false,"boss_relics":[{"not_picked":["Runic Dome","Eternal Feather"],"picked":"Black Blood"}],"items_purged_floors":[8,19],"is_endless":false,"potions_floor_spawned":[1,7,12,13,14,21,24,31],"killed_by":"Collector","ascension_level":2}