{"gold_per_floor":[113,131,147,164,35,35,35,35,35,69,83,83,83,97,97,297,297,310,410,423,423,423,423,457,468,468,468,483,483,493,508,508,705,705,721,721,277,291,291,291,301,0,0,14,49,49,61,72,72,246,412,423,440,460,471,471,471,497,497,497,516,541,541,551,58,58,158,317,342,342,342,367,242,242,275,294,321,321,71,71,91,91,91,195,195,211,228,228,244,69,84,84,103,103,132,132,82,82,82,82,82],"floor_reached":101,"playtime":22959,"items_purged":["conspire:GhostlyStrike","Parasite","ReplayTheSpireMod:Restless Dread","hubris:Greed","Survivor"],"score":1857,"play_id":"9af84961-2388-4e25-8aa8-497bf706b3cb","local_time":"20190203194603","is_ascension_mode":true,"campfire_choices":[{"floor":6.0,"key":"RECALL"},{"floor":8.0,"key":"REST"},{"data":"Caltrops","floor":13.0,"key":"SMITH"},{"floor":15.0,"key":"REST"},{"floor":23.0,"key":"REST"},{"floor":27.0,"key":"REST"},{"floor":29.0,"key":"REST"},{"floor":32.0,"key":"REST"},{"floor":46.0,"key":"REST"},{"data":"Accuracy","floor":49.0,"key":"SMITH"},{"floor":57,"key":"REST"},{"data":"conspire:GhostlyStrike","floor":59,"key":"PURGE"},{"data":"RitualDagger","floor":63,"key":"SMITH"},{"data":"Dagger Spray","floor":66,"key":"PURGE"},{"data":"Forethought+1","floor":74,"key":"PURGE"},{"data":"conspire:GhostlyDefend","floor":80,"key":"PURGE"},{"data":"conspire:GhostlyDefend","floor":83,"key":"PURGE"},{"data":"conspire:GhostlyDefend","floor":92,"key":"PURGE"},{"floor":96,"key":"REST"},{"data":"conspire:GhostlyDefend","floor":98,"key":"PURGE"},{"data":"Panache","floor":100,"key":"SMITH"}],"neow_cost":"NONE","seed_source_timestamp":0,"circlet_count":0,"master_deck":["conspire:GhostlyDefend+1","Neutralize","ReplayTheSpireMod:Scrap Shanks","Leg Sweep+1","Accuracy+1","Blade Dance","Caltrops+1","Terror+1","ReplayTheSpireMod:Shiv Toss+1","Deflect+1","Burst+1","PiercingWail+1","Backflip+1","PiercingWail+1","RitualDagger+1","PiercingWail+1","Acrobatics+1","Dodge and Roll+1","Blur+1","Corpse Explosion+1","Leg Sweep+1","The Bomb+1","Backstab","Backstab+1","Deflect+1","Metamorphosis+1","Cloak And Dagger+1","Infinite Blades","Cloak And Dagger+1","Doppelganger+1","Burst+1","Backstab","Blade Dance+1","Cloak And Dagger+1","Leg Sweep+1","Accuracy","Blade Dance+1","Distraction+1","Footwork","Blade Dance+1","Storm of Steel+1","Cloak And Dagger+1","hubris:Fate+1","Adrenaline+1","hubris:Counter+1","Panache+1"],"special_seed":0,"relics":["Ring of the Snake","Toxic Egg 2","War Paint","Runic Pyramid","Peace Pipe","hubris:BottledRain","Blue Doll","Happy Flower","Eternal Feather","Replay:Accelerometer","Oddly Smooth Stone","Astrolabe","Odd Mushroom","ReplayTheSpireMod:TigerMarble","hubris:TenFootPole","Iron Hammer","hubris:Potato","infinitespire:Lucky Rock","Replay:WaspNest","Kintsugi","theJungle:WildPear","theJungle:BirthdayCakeSlice","Omamori","Lantern","hubris:Towel","BargainBundle","Philosopher\u0027s Stone","Question Card","infinitespire:ShieldingShard"],"potions_floor_usage":[55,55,58,62,67,86,91,95,95,101],"damage_taken":[{"damage":0.0,"enemies":"Jaw Worm","floor":1.0,"turns":6.0},{"damage":0.0,"enemies":"conspire:RoseBush","floor":2.0,"turns":3.0},{"damage":2.0,"enemies":"2 Louse","floor":3.0,"turns":3.0},{"damage":26.0,"enemies":"Exordium Wildlife","floor":4.0,"turns":8.0},{"damage":13.0,"enemies":"Lagavulin","floor":10.0,"turns":9.0},{"damage":4.0,"enemies":"Blue Slaver","floor":11.0,"turns":5.0},{"damage":7.0,"enemies":"Large Slime","floor":14.0,"turns":7.0},{"damage":47.0,"enemies":"Fading Forest","floor":16.0,"turns":11.0},{"damage":10.0,"enemies":"3 Byrds","floor":18.0,"turns":2.0},{"damage":8.0,"enemies":"Colosseum Slavers","floor":19.0,"turns":4.0},{"damage":40.0,"enemies":"Colosseum Nobs","floor":19.0,"turns":9.0},{"damage":2.0,"enemies":"Chosen","floor":20.0,"turns":5.0},{"damage":17.0,"enemies":"Nightmare","floor":24.0,"turns":9.0},{"damage":0.0,"enemies":"Snecko","floor":25.0,"turns":11.0},{"damage":2.0,"enemies":"Shelled Parasite and Fungi","floor":28.0,"turns":6.0},{"damage":0.0,"enemies":"conspire:HollyBat","floor":30.0,"turns":10.0},{"damage":8.0,"enemies":"3 Cultists","floor":31.0,"turns":8.0},{"damage":8.0,"enemies":"conspire:MysteriousRune","floor":33.0,"turns":10.0},{"damage":9.0,"enemies":"Orb Walker","floor":35.0,"turns":6.0},{"damage":1.0,"enemies":"3 Shapes","floor":38.0,"turns":2.0},{"damage":0.0,"enemies":"Reptomancer","floor":40.0,"turns":2.0},{"damage":4.0,"enemies":"3 Darklings","floor":41.0,"turns":5.0},{"damage":14.0,"enemies":"Maw","floor":44.0,"turns":11.0},{"damage":17.0,"enemies":"Giant Head","floor":45.0,"turns":8.0},{"damage":3.0,"enemies":"Writhing Mass","floor":47.0,"turns":6.0},{"damage":0.0,"enemies":"3 Darklings","floor":48.0,"turns":5.0},{"damage":34.0,"enemies":"infinitespire:MassOfShapes","floor":50.0,"turns":15.0},{"damage":0.0,"enemies":"2 Louse","floor":52.0,"turns":1.0},{"damage":0,"enemies":"infinitespire:Voidling","floor":53,"turns":2},{"damage":21,"enemies":"The Mushroom Lair","floor":54,"turns":5},{"damage":0,"enemies":"Jaw Worm","floor":55,"turns":1},{"damage":6,"enemies":"Lagavulin","floor":58,"turns":6},{"damage":0,"enemies":"Exordium Thugs","floor":61,"turns":4},{"damage":3,"enemies":"Gremlin Nob","floor":62,"turns":4},{"damage":1,"enemies":"Gremlin Gang","floor":64,"turns":6},{"damage":0,"enemies":"The Guardian","floor":67,"turns":10},{"damage":0,"enemies":"theJungle:Flameango_and_Byrd","floor":69,"turns":4},{"damage":0,"enemies":"theJungle:MUSHROOMGANG","floor":72,"turns":6},{"damage":41,"enemies":"theJungle:Cassacara","floor":75,"turns":8},{"damage":29,"enemies":"theJungle:Snecko_Cultist_And_Trap","floor":76,"turns":5},{"damage":4,"enemies":"Snake Plant","floor":81,"turns":5},{"damage":48,"enemies":"theJungle:FunGuy","floor":84,"turns":11},{"damage":36,"enemies":"3 Darklings","floor":86,"turns":3},{"damage":0,"enemies":"3 Shapes","floor":87,"turns":2},{"damage":3,"enemies":"3 Darklings","floor":89,"turns":5},{"damage":21,"enemies":"Sphere and 2 Shapes","floor":91,"turns":3},{"damage":0,"enemies":"Jaw Worm Horde","floor":93,"turns":4},{"damage":52,"enemies":"Reptomancer","floor":95,"turns":7},{"damage":90,"enemies":"conspire:OrnateMirror","floor":101,"turns":5}],"seed_played":"-942890141093233019","potions_obtained":[{"floor":2.0,"key":"Reflective Coating"},{"floor":4.0,"key":"SpeedPotion"},{"floor":11.0,"key":"Elixir"},{"floor":19.0,"key":"GamblersBrew"},{"floor":24.0,"key":"infinitespire:BlackPotion"},{"floor":28.0,"key":"AttackPotion"},{"floor":31.0,"key":"infinitespire:BlackPotion"},{"floor":45.0,"key":"Strength Potion"},{"floor":47.0,"key":"SpeedPotion"},{"floor":48.0,"key":"Fire Potion"},{"floor":53,"key":"Energy Potion"},{"floor":54,"key":"AttackPotion"},{"floor":61,"key":"LiquidBronze"},{"floor":64,"key":"Swift Potion"},{"floor":76,"key":"SpeedPotion"},{"floor":86,"key":"Energy Potion"},{"floor":87,"key":"PowerPotion"},{"floor":91,"key":"Regen Potion"}],"is_trial":false,"path_per_floor":["M","M","M","M","$","R","?","R","T","E","M","?","R","M","R","B",null,"M","?","M","?","?","R","NM","M","T","R","M","R","M","M","R","B",null,"M","?","$","M","?","E","M","$","T","M","E","R","M","M","R","B",null,"M","M","?","M","?","R","E","R","T","M","E","R","M","$","R","B",null,"M","?","?","M","$","R","E","M","T","?","$","R","M","$","R","B",null,"M","M","?","M","$","M","R","M","T","E","R","$","R","?","R","B"],"character_chosen":"THE_SILENT","items_purchased":["Blade Dance","Caltrops","The Bomb+1","Backstab","SmokeBomb","Metamorphosis+1","Setup+1","Cloak And Dagger+1","Infinite Blades","infinitespire:Lucky Rock","Replay:WaspNest","BargainBundle","Storm of Steel+1","Swift Potion","LiquidBronze","Block Potion"],"campfire_rested":9,"item_purchase_floors":[5,5,37,37,37,42,42,42,42,65,65,79,79,79,79,97],"current_hp_per_floor":[77,77,75,49,49,49,49,72,72,59,55,55,55,48,71,34,77,67,19,17,11,11,34,17,17,17,40,38,61,61,53,76,68,77,68,68,68,67,67,67,63,63,63,49,32,77,74,74,77,43,77,77,77,56,56,56,77,71,77,77,77,74,77,76,74,74,74,74,74,84,89,89,89,89,48,23,23,23,23,50,46,46,73,25,89,53,53,53,50,50,29,56,56,56,16,69,69,89,89,89,0],"gold":82,"neow_bonus":"TEN_PERCENT_HP_BONUS","is_prod":false,"is_daily":false,"chose_seed":false,"campfire_upgraded":4,"win_rate":0,"timestamp":1549219563,"path_taken":["M","M","M","M","$","R","?","R","T","E","M","?","R","M","R","BOSS","M","?","M","?","?","R","NM","M","T","R","M","R","M","M","R","BOSS","M","?","$","M","?","E","M","$","T","M","E","R","M","M","R","BOSS","M","M","?","M","?","R","E","R","T","?","E","R","?","$","R","BOSS","M","?","?","M","?","R","E","?","T","?","$","R","M","$","R","BOSS","M","M","?","M","$","M","R","M","T","E","R","$","R","?","R","BOSS"],"build_version":"2019-01-23","purchased_purges":5,"victory":false,"max_hp_per_floor":[77,77,77,77,77,77,77,77,77,77,77,77,77,77,77,77,77,77,77,77,77,77,77,77,77,77,77,77,77,77,77,77,77,77,77,77,77,77,77,77,77,77,77,77,77,77,77,77,77,77,77,77,77,77,77,77,77,77,77,77,77,77,77,77,74,74,74,74,74,84,89,89,89,89,89,89,89,89,89,89,89,89,89,89,89,89,89,89,89,89,89,89,89,89,89,89,89,89,89,89,89],"card_choices":[{"not_picked":["Sucker Punch","Underhanded Strike"],"picked":"Dagger Spray","floor":1.0},{"not_picked":["Slice","Hidden Blade"],"picked":"ReplayTheSpireMod:Scrap Shanks","floor":2.0},{"not_picked":["Well Laid Plans","Hidden Blade"],"picked":"Leg Sweep","floor":3.0},{"not_picked":["Choke","Concentrate"],"picked":"Accuracy","floor":4.0},{"not_picked":["Catalyst","Deflect"],"picked":"Terror","floor":10.0},{"not_picked":["Dagger Throw","Sneak Up+1"],"picked":"ReplayTheSpireMod:Shiv Toss+1","floor":11.0},{"not_picked":["Choke","Sucker Punch"],"picked":"Deflect+1","floor":14.0},{"not_picked":["Night Terror+1","Poison Darts+1"],"picked":"Burst+1","floor":16.0},{"not_picked":["Underhanded Strike","ReplayTheSpireMod:Exploit Weakness+1"],"picked":"PiercingWail+1","floor":18.0},{"not_picked":["Hidden Blade+1","Tools of the Trade"],"picked":"Backflip+1","floor":19.0},{"not_picked":["Outmaneuver+1","Quick Slash"],"picked":"PiercingWail+1","floor":20.0},{"not_picked":["Quick Slash","Slice"],"picked":"PiercingWail+1","floor":24.0},{"not_picked":["ReplayTheSpireMod:The Works+1","Deadly Poison+1"],"picked":"Acrobatics+1","floor":25.0},{"not_picked":["Crippling Poison+1","Dagger Throw"],"picked":"Dodge and Roll+1","floor":28.0},{"not_picked":["Expertise+1","Hidden Blade+1"],"picked":"Blur+1","floor":30.0},{"not_picked":["Masterful Stab","Dagger Throw"],"picked":"Dagger Spray+1","floor":31.0},{"not_picked":["Tools of the Trade","Venomology+1"],"picked":"Corpse Explosion+1","floor":33.0},{"not_picked":["Blade Dance+1","Dodge and Roll+1"],"picked":"Leg Sweep+1","floor":35.0},{"not_picked":["Acrobatics+1","Quick Slash"],"picked":"Backstab+1","floor":38.0},{"not_picked":["Slice","Well Laid Plans+1"],"picked":"Deflect+1","floor":41.0},{"not_picked":["Dash+1","Skewer+1","Endless Agony+1"],"picked":"SKIP","floor":44.0},{"not_picked":["Well Laid Plans+1","Slice+1"],"picked":"Night Terror+1","floor":45.0},{"not_picked":["ReplayTheSpireMod:Tripwire+1","Underhanded Strike+1"],"picked":"Cloak And Dagger+1","floor":47.0},{"not_picked":["Quick Slash+1","Dagger Throw"],"picked":"Doppelganger+1","floor":48.0},{"not_picked":["Night Terror+1","Doppelganger+1"],"picked":"Burst+1","floor":50.0},{"not_picked":["Acrobatics+1","Dodge and Roll+1"],"picked":"Backstab","floor":52},{"not_picked":["Heel Hook","Deflect+1","Slice"],"picked":"SKIP","floor":53},{"not_picked":["Bane","Backstab"],"picked":"Blade Dance+1","floor":54},{"not_picked":["hubris:Counter","Hidden Blade+1"],"picked":"Cloak And Dagger+1","floor":55},{"not_picked":["Poisoned Stab","Acrobatics+1","Dagger Spray"],"picked":"SKIP","floor":58},{"not_picked":["Outmaneuver+1","Heel Hook"],"picked":"Leg Sweep+1","floor":61},{"not_picked":["Choke","Dodge and Roll+1","Riddle With Holes"],"picked":"SKIP","floor":62},{"not_picked":["Flying Knee","Deadly Poison+1"],"picked":"Accuracy","floor":64},{"not_picked":["Endless Agony","Reflex+1"],"picked":"Blade Dance+1","floor":69},{"not_picked":["Fluid Movement","Endless Agony"],"picked":"Distraction+1","floor":72},{"not_picked":["Cloak And Dagger+1","Deadly Poison+1"],"picked":"Footwork","floor":75},{"not_picked":["Dodge and Roll+1","PiercingWail+1"],"picked":"Blade Dance+1","floor":76},{"not_picked":["Dagger Throw","Poisoned Stab"],"picked":"Cloak And Dagger+1","floor":81},{"not_picked":["infinitespire:FutureSight","infinitespire:DeathsTouch"],"picked":"hubris:Fate","floor":84},{"not_picked":["Malaise+1","Poison Darts+1"],"picked":"Adrenaline+1","floor":84},{"not_picked":["Deflect+1","Hidden Blade+1","hubris:SlightOfHand+1"],"picked":"SKIP","floor":86},{"not_picked":["ReplayTheSpireMod:Tripwire+1","Dagger Spray","hubris:Sniper+1"],"picked":"SKIP","floor":87},{"not_picked":["hubris:Sniper+1","Leg Sweep+1"],"picked":"hubris:Counter+1","floor":89},{"not_picked":["ReplayTheSpireMod:Necrosis+1","Dodge and Roll+1","Quick Slash"],"picked":"SKIP","floor":91},{"not_picked":["Deflect+1","Quick Slash+1","Deadly Poison+1"],"picked":"SKIP","floor":93},{"not_picked":["Outmaneuver+1","Deadly Poison+1","Expertise+1","Skewer+1"],"picked":"SKIP","floor":95},{"not_picked":["ReplayTheSpireMod:Trickstab","ReplayTheSpireMod:Necrogeddon","Replay:Sssssssssstrike"],"picked":"Panache","floor":99}],"player_experience":127169,"relics_obtained":[{"floor":10.0,"key":"Toxic Egg 2"},{"floor":12.0,"key":"War Paint"},{"floor":19.0,"key":"Peace Pipe"},{"floor":19.0,"key":"hubris:BottledRain"},{"floor":24.0,"key":"Blue Doll"},{"floor":26.0,"key":"Happy Flower"},{"floor":43.0,"key":"Replay:Accelerometer"},{"floor":45.0,"key":"Oddly Smooth Stone"},{"floor":54,"key":"Odd Mushroom"},{"floor":58,"key":"ReplayTheSpireMod:TigerMarble"},{"floor":60,"key":"Iron Hammer"},{"floor":62,"key":"hubris:Potato"},{"floor":75,"key":"Omamori"},{"floor":77,"key":"Lantern"},{"floor":94,"key":"Question Card"},{"floor":95,"key":"infinitespire:ShieldingShard"}],"event_choices":[{"damage_healed":0.0,"max_hp_gain":0.0,"max_hp_loss":0.0,"gold_gain":0.0,"event_name":"conspire:LoneGhost","player_choice":"Agree","floor":7.0,"gold_loss":0.0,"damage_taken":0.0},{"damage_healed":0.0,"max_hp_gain":0.0,"max_hp_loss":0.0,"gold_gain":0.0,"event_name":"Colosseum","player_choice":"Fight","floor":19.0,"gold_loss":0.0,"damage_taken":0.0},{"damage_healed":0.0,"max_hp_gain":0.0,"max_hp_loss":0.0,"gold_gain":0.0,"event_name":"Colosseum","player_choice":"Fought Nobs","floor":19.0,"gold_loss":0.0,"damage_taken":0.0},{"damage_healed":0.0,"max_hp_gain":0.0,"max_hp_loss":0.0,"gold_gain":0.0,"event_name":"Nest","player_choice":"Joined the Cult","floor":21.0,"gold_loss":0.0,"damage_taken":6.0,"cards_obtained":["RitualDagger"]},{"damage_healed":0.0,"max_hp_gain":0.0,"max_hp_loss":0.0,"gold_gain":0.0,"event_name":"Ghosts","player_choice":"Ignored","floor":22.0,"gold_loss":0.0,"damage_taken":0.0},{"cards_removed":["Dagger Spray"],"damage_healed":0.0,"max_hp_gain":0.0,"max_hp_loss":0.0,"gold_gain":0.0,"event_name":"Falling","player_choice":"Removed Attack","floor":36.0,"gold_loss":0.0,"damage_taken":0.0},{"damage_healed":0.0,"max_hp_gain":0.0,"max_hp_loss":0.0,"gold_gain":0.0,"event_name":"Tomb of Lord Red Mask","player_choice":"Ignored","floor":39.0,"gold_loss":0.0,"damage_taken":0.0},{"damage_healed":0,"gold_gain":0,"player_choice":"Fought Mushrooms","damage_taken":0,"max_hp_gain":0,"max_hp_loss":0,"event_name":"Mushrooms","floor":54,"gold_loss":0},{"damage_healed":0,"gold_gain":0,"player_choice":"Leave","damage_taken":0,"max_hp_gain":0,"max_hp_loss":0,"event_name":"FaceTrader","floor":56,"gold_loss":0},{"damage_healed":0,"gold_gain":0,"player_choice":"Memory 1","damage_taken":0,"max_hp_gain":0,"max_hp_loss":0,"event_name":"SensoryStone","floor":99,"gold_loss":0}],"is_beta":false,"boss_relics":[{"not_picked":["ReplayTheSpireMod:SealedPack","Sozu"],"picked":"Runic Pyramid"},{"not_picked":["Painkiller Herb","Replay:Wanted Poster"],"picked":"Eternal Feather"},{"not_picked":["Replay:Drink Me","Honey Jar"],"picked":"Astrolabe"},{"not_picked":["ReplayTheSpireMod:DimensionalGlitch","Ring of the Serpent"],"picked":"Kintsugi"},{"not_picked":["hubris:GrandSneckoEye","Replay:Bronze Core"],"picked":"Philosopher\u0027s Stone"}],"items_purged_floors":[37,65,73,79,90],"is_endless":true,"potions_floor_spawned":[2,4,11,16,19,19,28,31,38,45,47,48,53,54,61,64,76,81,86,87,91,93],"killed_by":"conspire:OrnateMirror","ascension_level":1}