{"gold_per_floor":[117,136,61,61,76,76,103,123,175,185,198,198,232,244,244,316,316,347,139,154,173,193,193],"floor_reached":23,"playtime":1129,"items_purged":["Strike_B"],"score":362,"play_id":"c82e1ef9-c282-4460-bdb9-33d5e5ada8ab","local_time":"20190208025814","is_ascension_mode":true,"campfire_choices":[{"data":"Dualcast","floor":6,"key":"SMITH"},{"data":"Streamline","floor":12,"key":"SMITH"},{"floor":15,"key":"REST"}],"neow_cost":"NONE","seed_source_timestamp":2364924276321104,"circlet_count":0,"master_deck":["AscendersBane","Strike_B","Strike_B","Defend_B","Defend_B","Defend_B","Defend_B","Zap+1","Dualcast+1","All For One","Streamline+1","Compile Driver","Leap","Loop","Sweeping Beam","Go for the Eyes","Gash","Coolheaded","Conserve Battery","Machine Learning","Decay","Decay","Shame","Beam Cell","Panache","Ball Lightning+1","Gash","BootSequence"],"special_seed":0,"relics":["Cracked Core","Mercury Hourglass","Ancient Tea Set","Smiling Mask","Calling Bell","MawBank","Letter Opener","Ginger"],"potions_floor_usage":[7,11,21,23],"damage_taken":[{"damage":0,"enemies":"2 Louse","floor":1,"turns":2},{"damage":0,"enemies":"Small Slimes","floor":2,"turns":3},{"damage":0,"enemies":"Cultist","floor":5,"turns":3},{"damage":19,"enemies":"Lagavulin","floor":7,"turns":6},{"damage":6,"enemies":"Gremlin Gang","floor":8,"turns":4},{"damage":0,"enemies":"2 Fungi Beasts","floor":10,"turns":2},{"damage":0,"enemies":"Blue Slaver","floor":11,"turns":2},{"damage":15,"enemies":"Gremlin Nob","floor":13,"turns":4},{"damage":0,"enemies":"Exordium Thugs","floor":14,"turns":3},{"damage":16,"enemies":"Slime Boss","floor":16,"turns":8},{"damage":7,"enemies":"3 Byrds","floor":18,"turns":3},{"damage":12,"enemies":"Chosen","floor":20,"turns":4},{"damage":5,"enemies":"Snecko","floor":21,"turns":5},{"damage":32,"enemies":"Centurion and Healer","floor":22,"turns":6},{"damage":10,"enemies":"Gremlin Leader","floor":23,"turns":2}],"seed_played":"-8115104161488706352","potions_obtained":[{"floor":1,"key":"PowerPotion"},{"floor":2,"key":"EssenceOfSteel"},{"floor":7,"key":"Block Potion"},{"floor":10,"key":"Fruit Juice"},{"floor":16,"key":"Poison Potion"},{"floor":20,"key":"SkillPotion"}],"is_trial":false,"path_per_floor":["M","M","?","?","M","R","E","M","T","M","M","R","E","M","R","B",null,"M","$","M","M","M","E"],"character_chosen":"DEFECT","items_purchased":["Panache"],"campfire_rested":1,"item_purchase_floors":[19],"current_hp_per_floor":[64,64,64,64,64,64,45,39,39,39,44,44,29,29,51,35,66,59,59,47,42,10,0],"gold":193,"neow_bonus":"ONE_RANDOM_RARE_CARD","is_prod":false,"is_daily":false,"chose_seed":false,"campfire_upgraded":2,"win_rate":0,"timestamp":1549612694,"path_taken":["M","M","?","?","M","R","E","?","T","?","M","R","E","M","R","BOSS","M","$","M","M","M","E"],"build_version":"2019-01-23","purchased_purges":1,"victory":false,"max_hp_per_floor":[71,71,71,71,71,71,71,71,71,71,76,76,76,76,76,76,76,76,76,76,76,76,76],"card_choices":[{"not_picked":["Undo","Sunder"],"picked":"Streamline","floor":1},{"not_picked":["Sunder","Heatsinks"],"picked":"Compile Driver","floor":2},{"not_picked":["Stack","Rebound"],"picked":"Leap","floor":5},{"not_picked":["Cold Snap","Reinforced Body"],"picked":"Loop","floor":7},{"not_picked":["Hello World","Rip and Tear"],"picked":"Sweeping Beam","floor":8},{"not_picked":["Glacier","Chill"],"picked":"Go for the Eyes","floor":10},{"not_picked":["Fission","Chill"],"picked":"Gash","floor":11},{"not_picked":["Blizzard","Auto Shields"],"picked":"Coolheaded","floor":13},{"not_picked":["Melter","Compile Driver"],"picked":"Conserve Battery","floor":14},{"not_picked":["Fission","Core Surge"],"picked":"Machine Learning","floor":16},{"not_picked":["Streamline","Redo"],"picked":"Beam Cell","floor":18},{"not_picked":["Beam Cell","Darkness"],"picked":"Ball Lightning+1","floor":20},{"not_picked":["Force Field","Redo"],"picked":"Gash","floor":21},{"not_picked":["Blizzard","Ball Lightning"],"picked":"BootSequence","floor":22}],"player_experience":540309,"relics_obtained":[{"floor":7,"key":"Mercury Hourglass"},{"floor":9,"key":"Ancient Tea Set"},{"floor":13,"key":"Smiling Mask"},{"floor":17,"key":"MawBank"},{"floor":17,"key":"Letter Opener"},{"floor":17,"key":"Ginger"}],"event_choices":[{"cards_removed":["Strike_B"],"damage_healed":0,"gold_gain":0,"player_choice":"Card Removal","damage_taken":0,"max_hp_gain":0,"max_hp_loss":0,"event_name":"The Cleric","floor":3,"gold_loss":75},{"damage_healed":0,"gold_gain":0,"player_choice":"Upgraded","damage_taken":0,"max_hp_gain":0,"max_hp_loss":0,"event_name":"Upgrade Shrine","floor":4,"gold_loss":0,"cards_upgraded":["Zap"]}],"is_beta":false,"boss_relics":[{"not_picked":["Tiny House","FrozenCore"],"picked":"Calling Bell"}],"items_purged_floors":[19],"is_endless":false,"potions_floor_spawned":[1,2,7,10,16,20],"killed_by":"Gremlin Leader","ascension_level":15}