{"path_per_floor":["M","?","M","?","M","R","E","$","T","$","R","M","M","E","R"],"character_chosen":"DEFECT","items_purchased":["Fusion","Storm","Conserve Battery","Madness"],"gold_per_floor":[116,191,207,207,223,223,258,71,153,25,25,40,52,86,86,86],"floor_reached":16,"campfire_rested":0,"playtime":1003,"item_purchase_floors":[8,8,10,10],"current_hp_per_floor":[75,64,60,60,60,60,48,48,48,48,48,26,20,15,15,0],"items_purged":["Strike_B"],"gold":86,"score":110,"play_id":"41fd34b0-ef8b-4fa3-9f9a-0fa0357dafdd","local_time":"20180608121818","is_prod":false,"is_daily":false,"chose_seed":false,"is_ascension_mode":false,"campfire_upgraded":3,"win_rate":0.0,"timestamp":1528481898,"campfire_choices":[{"data":"Zap","floor":6,"key":"SMITH"},{"data":"Creative AI","floor":11,"key":"SMITH"},{"data":"Madness","floor":15,"key":"SMITH"}],"path_taken":["M","?","?","?","M","R","E","$","T","?","R","M","M","E","R","BOSS"],"build_version":"2018-06-07","seed_source_timestamp":503451457620738,"purchased_purges":1,"victory":false,"master_deck":["Strike_B+1","Strike_B+1","Defend_B","Defend_B","Defend_B","Defend_B","Zap+1","Dualcast","Force Field","Doom and Gloom","Creative AI+1","Fusion","Storm","Conserve Battery","Madness+1"],"max_hp_per_floor":[75,75,75,75,75,75,75,75,75,75,75,75,75,82,82,82],"relics":["Cracked Core","Whetstone","Dodecahedron","Strawberry"],"card_choices":[{"not_picked":["Auto Shields","Steam"],"picked":"Force Field","floor":0},{"not_picked":["Skim","Streamline"],"picked":"Doom and Gloom","floor":1},{"not_picked":["Compile Driver","Go for the Eyes","Coolheaded"],"picked":"SKIP","floor":3},{"not_picked":["All For One","Steam","Streamline"],"picked":"SKIP","floor":5},{"not_picked":["Stack","Self Repair"],"picked":"Creative AI","floor":7},{"not_picked":["Tempest","Gash","Skim"],"picked":"SKIP","floor":12},{"not_picked":["Go for the Eyes","Cold Snap","Beam Cell"],"picked":"SKIP","floor":13},{"not_picked":["Streamline","Chaos","Gash"],"picked":"SKIP","floor":14}],"player_experience":127418,"potions_floor_usage":[14,14],"damage_taken":[{"damage":0,"enemies":"Small Slimes","floor":1,"turns":3},{"damage":4,"enemies":"2 Louse","floor":3,"turns":2},{"damage":0,"enemies":"Cultist","floor":5,"turns":4},{"damage":12,"enemies":"3 Sentries","floor":7,"turns":5},{"damage":22,"enemies":"Gremlin Gang","floor":12,"turns":3},{"damage":6,"enemies":"Large Slime","floor":13,"turns":5},{"damage":21,"enemies":"Gremlin Nob","floor":14,"turns":4},{"damage":15,"enemies":"The Guardian","floor":16,"turns":4}],"relics_obtained":[{"floor":7,"key":"Whetstone"},{"floor":9,"key":"Dodecahedron"},{"floor":14,"key":"Strawberry"}],"event_choices":[{"event_name":"World of Goop","player_choice":"Gather Gold","floor":2,"damage_taken":0},{"event_name":"Purifier","player_choice":"One Purge","floor":4,"damage_taken":0}],"boss_relics":[],"items_purged_floors":[8],"potions_floor_spawned":[1,12],"seed_played":"-7946036234388477708","killed_by":"The Guardian","ascension_level":0,"potions_obtained":[{"floor":1,"key":"Regen Potion"},{"floor":12,"key":"FearPotion"}],"is_trial":false}