{"gold_per_floor":[110,110,124,124,100,100,135,149,149,1,21,21,38,51,51,51],"floor_reached":16,"playtime":1531,"items_purged":[],"score":153,"play_id":"7ad81459-e8bd-4c81-8f59-3ed6713eaf38","local_time":"20181206150131","is_ascension_mode":true,"campfire_choices":[{"floor":6,"key":"REST"},{"floor":12,"key":"REST"},{"floor":15,"key":"REST"}],"neow_cost":"NONE","seed_source_timestamp":488645133290415,"circlet_count":0,"master_deck":["AscendersBane","Defend_G","Defend_G","Defend_G","Defend_G","Defend_G","Strike_G","Strike_G","Strike_G","Strike_G","Survivor","Neutralize","Footwork","Crippling Poison","Flying Knee","Bouncing Flask","Noxious Fumes","Caltrops","Finisher","Underhanded Strike","Dagger Spray"],"relics":["Snecko Eye","Ornamental Fan","Art of War"],"potions_floor_usage":[11,14,16],"damage_taken":[{"damage":0,"enemies":"Jaw Worm","floor":1,"turns":6},{"damage":0,"enemies":"Small Slimes","floor":3,"turns":4},{"damage":51,"enemies":"3 Sentries","floor":7,"turns":17},{"damage":5,"enemies":"Cultist","floor":8,"turns":5},{"damage":9,"enemies":"Looter","floor":11,"turns":5},{"damage":2,"enemies":"Exordium Thugs","floor":13,"turns":4},{"damage":1,"enemies":"Exordium Wildlife","floor":14,"turns":3},{"damage":46,"enemies":"Hexaghost","floor":16,"turns":9}],"seed_played":"-4437855492725578528","potions_obtained":[{"floor":1,"key":"FearPotion"},{"floor":8,"key":"Swift Potion"},{"floor":11,"key":"Block Potion"}],"is_trial":false,"path_per_floor":["M","$","M","?","$","R","E","M","T","$","M","R","M","M","R","B"],"character_chosen":"THE_SILENT","items_purchased":["Flying Knee","Caltrops","Finisher"],"campfire_rested":3,"item_purchase_floors":[5,10,10],"current_hp_per_floor":[63,63,63,56,56,70,19,14,14,14,5,26,24,23,44,0],"gold":51,"neow_bonus":"BOSS_RELIC","is_prod":false,"is_daily":false,"chose_seed":false,"campfire_upgraded":0,"win_rate":0,"timestamp":1544108491,"path_taken":["M","$","M","?","$","R","E","M","T","$","M","R","M","M","R","BOSS"],"build_version":"2018-11-15","purchased_purges":0,"victory":false,"max_hp_per_floor":[70,70,70,70,70,70,70,70,70,70,70,70,70,70,70,70],"card_choices":[{"not_picked":["Flechettes","Deadly Poison"],"picked":"Footwork","floor":1},{"not_picked":["PiercingWail","Dagger Spray"],"picked":"Crippling Poison","floor":3},{"not_picked":["Sucker Punch","Slice"],"picked":"Bouncing Flask","floor":7},{"not_picked":["Deadly Poison","Distraction"],"picked":"Noxious Fumes","floor":8},{"not_picked":["Acrobatics","Cloak And Dagger"],"picked":"Underhanded Strike","floor":11},{"not_picked":["Deflect","Acrobatics","Backstab"],"picked":"SKIP","floor":13},{"not_picked":["Acrobatics","Die Die Die"],"picked":"Dagger Spray","floor":14}],"player_experience":982390,"relics_obtained":[{"floor":7,"key":"Ornamental Fan"},{"floor":9,"key":"Art of War"}],"event_choices":[{"cards_removed":["Strike_G"],"damage_healed":0,"gold_gain":0,"player_choice":"Card Removal","damage_taken":7,"max_hp_gain":0,"max_hp_loss":0,"event_name":"Golden Wing","floor":4,"gold_loss":0}],"is_beta":false,"boss_relics":[],"items_purged_floors":[],"is_endless":false,"potions_floor_spawned":[1,8,11],"killed_by":"Hexaghost","ascension_level":10}