{"gold_per_floor":[109,109,129,7,26,26,40,40,66,93,93,41,41,53,53,154,154,171,183,183,183,212,244,244,2,28,28,40,74,104,116,128,239,251,277,511,103,103,1102,1102,1102,1149,1174,1174,1189,445,445,464,464,464],"floor_reached":51,"playtime":3111,"items_purged":["Strike_B","Strike_B","Decay","Defend_B"],"score":886,"play_id":"f29c21f8-5d62-4f0f-b84c-5ff9f59a38f8","local_time":"20181202034258","is_ascension_mode":true,"campfire_choices":[{"data":"Discovery","floor":6.0,"key":"SMITH"},{"data":"Zap","floor":8.0,"key":"SMITH"},{"data":"Beam Cell","floor":13.0,"key":"SMITH"},{"data":"Stack","floor":15.0,"key":"SMITH"},{"data":"Seek","floor":24,"key":"SMITH"},{"data":"Machine Learning","floor":27,"key":"SMITH"},{"floor":32,"key":"REST"},{"floor":40,"key":"REST"},{"floor":44,"key":"REST"},{"data":"Hologram","floor":49,"key":"SMITH"}],"neow_cost":"PERCENT_DAMAGE","seed_source_timestamp":0,"circlet_count":0,"master_deck":["Defend_B","Defend_B","Defend_B","Zap+1","Dualcast","Discovery+1","Violence","Stack+1","BootSequence","Cold Snap","Cold Snap","Rebound","Ball Lightning","Beam Cell+1","Melter","Seek+1","Rip and Tear+1","Go for the Eyes","Beam Cell","Machine Learning+1","Self Repair","White Noise","Hologram","Capacitor+1","Leap+1","Seek+1","Seek","Coolheaded+1","Dark Shackles","Mayhem","Discovery","Madness","Madness","Steam+1","Chrysalis","Hologram+1"],"special_seed":0,"relics":["Cracked Core","Pen Nib","Boot","Cables","Lizard Tail","Red Mask","Oddly Smooth Stone","Blood Vial","MawBank","Sozu","Omamori","Anchor","Ginger","Regal Pillow","DataDisk","Runic Capacitor"],"potions_floor_usage":[18,23,23,23,29,33,33],"damage_taken":[{"damage":0.0,"enemies":"Small Slimes","floor":1.0,"turns":2.0},{"damage":0.0,"enemies":"Cultist","floor":3.0,"turns":3.0},{"damage":0.0,"enemies":"Jaw Worm","floor":5.0,"turns":3.0},{"damage":0.0,"enemies":"3 Louse","floor":7.0,"turns":2.0},{"damage":15.0,"enemies":"Lagavulin","floor":10.0,"turns":6.0},{"damage":0.0,"enemies":"Looter","floor":14.0,"turns":2.0},{"damage":13.0,"enemies":"The Guardian","floor":16.0,"turns":11.0},{"damage":0,"enemies":"Spheric Guardian","floor":18,"turns":2},{"damage":2,"enemies":"3 Byrds","floor":19,"turns":3},{"damage":4,"enemies":"Masked Bandits","floor":22,"turns":4},{"damage":7,"enemies":"Book of Stabbing","floor":23,"turns":4},{"damage":7,"enemies":"Snake Plant","floor":28,"turns":2},{"damage":35,"enemies":"Gremlin Leader","floor":29,"turns":6},{"damage":10,"enemies":"Centurion and Healer","floor":30,"turns":6},{"damage":83,"enemies":"Collector","floor":33,"turns":13},{"damage":8,"enemies":"3 Shapes","floor":35,"turns":4},{"damage":36,"enemies":"2 Orb Walkers","floor":42,"turns":5},{"damage":0,"enemies":"Orb Walker","floor":45,"turns":3},{"damage":22,"enemies":"3 Darklings","floor":48,"turns":5},{"damage":3,"enemies":"Donu and Deca","floor":50,"turns":12}],"seed_played":"6145264182132079948","potions_obtained":[{"floor":1.0,"key":"SkillPotion"},{"floor":3.0,"key":"Block Potion"},{"floor":16.0,"key":"Fire Potion"},{"floor":22,"key":"Dexterity Potion"},{"floor":23,"key":"Weak Potion"},{"floor":28,"key":"FearPotion"},{"floor":29,"key":"Strength Potion"}],"is_trial":false,"path_per_floor":["M","?","M","$","M","R","M","R","T","E","T","$","R","M","R","B",null,"M","M","?","?","?","E","R","$","T","R","M","E","M","?","R","B",null,"M","?","$","?","?","R","?","?","T","R","M","$","?","M","R","B",null],"character_chosen":"DEFECT","items_purchased":["Cold Snap","Beam Cell","Self Repair","White Noise","Omamori","Anchor","DataDisk","Runic Capacitor","Chrysalis","Go for the Eyes"],"campfire_rested":3,"item_purchase_floors":[4,12,25,25,37,37,46,46,46,46],"current_hp_per_floor":[54,54,54,54,54,54,54,54,54,39,39,39,39,39,39,26,63,63,61,61,61,57,50,50,50,50,50,45,19,18,18,40,16,60,54,54,54,44,44,66,57,30,30,67,75,75,75,60,60,66],"gold":464,"neow_bonus":"RANDOM_COLORLESS_2","is_prod":false,"is_daily":false,"chose_seed":false,"campfire_upgraded":7,"win_rate":0,"timestamp":1543740178,"path_taken":["M","?","M","?","?","R","M","R","T","E","?","$","R","?","R","BOSS","M","M","?","?","?","E","R","?","T","R","?","E","M","?","R","BOSS","M","?","$","?","?","R","?","?","T","R","M","$","?","M","R","BOSS"],"build_version":"2018-11-15","purchased_purges":4,"victory":true,"max_hp_per_floor":[75,75,75,75,75,75,75,75,75,75,75,75,75,75,75,75,75,75,75,75,75,75,75,75,75,75,75,75,75,75,75,75,75,75,75,75,75,75,75,75,75,75,75,75,75,75,75,75,75,75],"card_choices":[{"not_picked":["Blizzard","Barrage"],"picked":"Stack","floor":1.0},{"not_picked":["Darkness","Leap"],"picked":"BootSequence","floor":3.0},{"not_picked":["Coolheaded","Fission"],"picked":"Cold Snap","floor":5.0},{"not_picked":["Conserve Battery","Redo"],"picked":"Rebound","floor":7.0},{"not_picked":["Conserve Battery","Sunder"],"picked":"Ball Lightning","floor":10.0},{"not_picked":["FTL","Consume"],"picked":"Melter","floor":14.0},{"not_picked":["Buffer","Fission"],"picked":"Seek","floor":16.0},{"not_picked":["Barrage+1","Glacier"],"picked":"Rip and Tear+1","floor":18},{"not_picked":["Stack","Compile Driver"],"picked":"Go for the Eyes","floor":19},{"not_picked":["Coolheaded","Compile Driver+1"],"picked":"Beam Cell","floor":22},{"not_picked":["White Noise","Melter"],"picked":"Machine Learning","floor":23},{"not_picked":["Stack","Ball Lightning"],"picked":"Hologram","floor":28},{"not_picked":["Gash","Doom and Gloom"],"picked":"Capacitor+1","floor":29},{"not_picked":["Stack","Fusion"],"picked":"Leap+1","floor":30},{"not_picked":["Reboot","Core Surge"],"picked":"Seek","floor":33},{"not_picked":["Recycle+1","Turbo+1"],"picked":"Coolheaded+1","floor":35},{"not_picked":["Good Instincts","Swift Strike"],"picked":"Dark Shackles","floor":38},{"not_picked":["Blind","Enlightenment"],"picked":"Mayhem","floor":38},{"not_picked":["Blind","Impatience"],"picked":"Discovery","floor":38},{"not_picked":["Leap+1","Capacitor"],"picked":"Steam+1","floor":42},{"not_picked":["Sweeping Beam","Scrape+1","Ball Lightning+1"],"picked":"SKIP","floor":45},{"not_picked":["Skim","Redo"],"picked":"Hologram","floor":48}],"player_experience":331099,"relics_obtained":[{"floor":9.0,"key":"Pen Nib"},{"floor":10.0,"key":"Boot"},{"floor":11.0,"key":"Cables"},{"floor":22,"key":"Red Mask"},{"floor":23,"key":"Oddly Smooth Stone"},{"floor":26,"key":"Blood Vial"},{"floor":29,"key":"MawBank"},{"floor":42,"key":"Ginger"},{"floor":43,"key":"Regal Pillow"}],"event_choices":[{"cards_removed":["Strike_B"],"damage_healed":0.0,"max_hp_gain":0.0,"max_hp_loss":0.0,"gold_gain":0.0,"event_name":"Purifier","player_choice":"Purged","floor":2.0,"gold_loss":0.0,"damage_taken":0.0},{"cards_removed":["Strike_B"],"damage_healed":0,"gold_gain":0,"player_choice":"Elegance","damage_taken":0,"max_hp_gain":0,"max_hp_loss":0,"event_name":"Back to Basics","floor":20,"gold_loss":0},{"damage_healed":0,"gold_gain":0,"player_choice":"Smashed Altar","damage_taken":0,"max_hp_gain":0,"max_hp_loss":0,"event_name":"Forgotten Altar","floor":21,"gold_loss":0,"cards_obtained":["Decay"]},{"damage_healed":0,"gold_gain":0,"player_choice":"Fought Bandits","damage_taken":0,"max_hp_gain":0,"max_hp_loss":0,"event_name":"Masked Bandits","floor":22,"gold_loss":0},{"damage_healed":0,"gold_gain":0,"player_choice":"Copied","damage_taken":0,"max_hp_gain":0,"max_hp_loss":0,"event_name":"Duplicator","floor":31,"gold_loss":0,"cards_obtained":["Seek"]},{"damage_healed":0,"gold_gain":222,"player_choice":"Wore Mask","damage_taken":0,"max_hp_gain":0,"max_hp_loss":0,"event_name":"Tomb of Lord Red Mask","floor":36,"gold_loss":0},{"damage_healed":0,"gold_gain":0,"player_choice":"Memory 3","damage_taken":10,"max_hp_gain":0,"max_hp_loss":0,"event_name":"SensoryStone","floor":38,"gold_loss":0},{"damage_healed":0,"gold_gain":999,"player_choice":"Gold","damage_taken":0,"max_hp_gain":0,"max_hp_loss":0,"event_name":"MindBloom","floor":39,"gold_loss":0,"cards_obtained":["Normality","Normality"]},{"damage_healed":0,"gold_gain":0,"player_choice":"Embrace Madness","damage_taken":9,"max_hp_gain":0,"max_hp_loss":0,"event_name":"Winding Halls","floor":41,"gold_loss":0,"cards_obtained":["Madness","Madness"]},{"damage_healed":0,"gold_gain":0,"player_choice":"Fight","damage_taken":0,"max_hp_gain":0,"max_hp_loss":0,"event_name":"Mysterious Sphere","floor":42,"gold_loss":0},{"cards_removed":["Go for the Eyes"],"damage_healed":0,"gold_gain":0,"player_choice":"Removed Attack","damage_taken":0,"max_hp_gain":0,"max_hp_loss":0,"event_name":"Falling","floor":47,"gold_loss":0}],"is_beta":false,"boss_relics":[{"not_picked":["Tiny House","Empty Cage"],"picked":"Lizard Tail"},{"not_picked":["Black Star","FrozenCore"],"picked":"Sozu"}],"items_purged_floors":[4,25,37,46],"is_endless":false,"potions_floor_spawned":[1,3,16,22,23,28,29,42,48],"ascension_level":5}