{"gold_per_floor":[116,116,116,132,150,150,165,200,200,150,150,150,160,177,177,278,278,289,57,67,67,67,67,79,79,158,177,190,190],"floor_reached":29,"playtime":1767,"items_purged":["Defend_G"],"score":227,"play_id":"0e787f83-8c2e-4b95-bd80-34bd7529da10","local_time":"20180811135158","is_ascension_mode":false,"campfire_choices":[{"data":"Neutralize","floor":6,"key":"SMITH"},{"data":"Infinite Blades","floor":11,"key":"SMITH"},{"floor":15,"key":"REST"},{"data":"Envenom","floor":23,"key":"SMITH"},{"data":"Tools of the Trade","floor":25,"key":"SMITH"}],"neow_cost":"NONE","seed_source_timestamp":1813681510607166,"circlet_count":0,"master_deck":["Defend_G+1","Defend_G","Defend_G","Survivor","Neutralize+1","Riddle With Holes+1","Deflect+1","A Thousand Cuts+1","Escape Plan","Acrobatics","Escape Plan+1","Slice+1","Poisoned Stab+1","Infinite Blades+1","Blade Dance","Cloak And Dagger","Tools of the Trade+1","Distraction","Envenom+1","Blade Dance","Writhe","Finisher+1","Cloak And Dagger+1","Escape Plan"],"relics":["Astrolabe","Whetstone","Bottled Lightning","WristBlade","Du-Vu Doll","Pantograph"],"potions_floor_usage":[16,18,29,29],"damage_taken":[{"damage":3,"enemies":"Jaw Worm","floor":1,"turns":3},{"damage":0,"enemies":"Cultist","floor":4,"turns":4},{"damage":0,"enemies":"Small Slimes","floor":5,"turns":3},{"damage":1,"enemies":"3 Louse","floor":7,"turns":3},{"damage":17,"enemies":"Gremlin Nob","floor":8,"turns":5},{"damage":0,"enemies":"Gremlin Gang","floor":13,"turns":3},{"damage":0,"enemies":"2 Fungi Beasts","floor":14,"turns":3},{"damage":19,"enemies":"The Guardian","floor":16,"turns":7},{"damage":9,"enemies":"2 Thieves","floor":18,"turns":3},{"damage":10,"enemies":"Spheric Guardian","floor":20,"turns":3},{"damage":7,"enemies":"Snecko","floor":24,"turns":4},{"damage":20,"enemies":"Centurion and Healer","floor":27,"turns":5},{"damage":6,"enemies":"Cultist and Chosen","floor":28,"turns":5},{"damage":9,"enemies":"Sentry and Sphere","floor":29,"turns":2}],"seed_played":"-5958273144985281807","potions_obtained":[{"floor":1,"key":"Explosive Potion"},{"floor":7,"key":"LiquidBronze"},{"floor":8,"key":"Swift Potion"},{"floor":16,"key":"FearPotion"},{"floor":24,"key":"LiquidBronze"},{"floor":27,"key":"LiquidBronze"}],"is_trial":false,"path_per_floor":["M","?","?","M","M","R","M","E","T","?","R","?","M","M","R","B",null,"M","$","M","?","?","R","M","R","T","M","M"],"character_chosen":"THE_SILENT","items_purchased":["Envenom"],"campfire_rested":1,"item_purchase_floors":[19],"current_hp_per_floor":[67,67,60,60,60,60,59,42,42,42,42,28,28,28,49,30,70,61,61,51,38,38,38,31,31,31,11,5,0],"gold":190,"neow_bonus":"BOSS_RELIC","is_prod":false,"is_daily":false,"chose_seed":false,"campfire_upgraded":4,"win_rate":0,"timestamp":1534009918,"path_taken":["M","?","?","M","M","R","M","E","T","?","R","?","M","M","R","BOSS","M","$","M","?","?","R","M","R","T","M","M","M"],"build_version":"2018-08-09","purchased_purges":1,"victory":false,"max_hp_per_floor":[70,70,70,70,70,70,70,70,70,70,70,70,70,70,70,70,70,70,70,70,75,75,75,75,75,75,75,75,75],"card_choices":[{"not_picked":["Flechettes","Dodge and Roll"],"picked":"Escape Plan","floor":1},{"not_picked":["Skewer","Blur"],"picked":"Escape Plan","floor":4},{"not_picked":["Masterful Stab","Tactician"],"picked":"Slice","floor":5},{"not_picked":["Dash","Crippling Poison"],"picked":"Poisoned Stab","floor":7},{"not_picked":["Sucker Punch","Bane"],"picked":"Infinite Blades","floor":8},{"not_picked":["Backflip","Envenom"],"picked":"Blade Dance","floor":13},{"not_picked":["Backflip","Prepared"],"picked":"Cloak And Dagger","floor":14},{"not_picked":["Glass Knife","Bullet Time"],"picked":"Tools of the Trade","floor":16},{"not_picked":["Sucker Punch","Backflip"],"picked":"Distraction","floor":18},{"not_picked":["Sucker Punch+1","Deflect"],"picked":"Blade Dance","floor":20},{"not_picked":["PiercingWail","Sucker Punch"],"picked":"Finisher+1","floor":24},{"not_picked":["Phantasmal Killer","Well Laid Plans"],"picked":"Cloak And Dagger+1","floor":27},{"not_picked":["Dagger Spray","Flying Knee"],"picked":"Escape Plan","floor":28}],"player_experience":123443,"relics_obtained":[{"floor":8,"key":"Whetstone"},{"floor":9,"key":"Bottled Lightning"},{"floor":26,"key":"Pantograph"}],"event_choices":[{"event_name":"Transmorgrifier","player_choice":"Transform","floor":2,"damage_taken":0},{"event_name":"Golden Wing","player_choice":"Card Removal","floor":3,"damage_taken":0},{"event_name":"The Cleric","player_choice":"Card Removal","floor":10,"damage_taken":0},{"event_name":"Shining Light","player_choice":"Entered Light","floor":12,"damage_taken":0},{"event_name":"Forgotten Altar","player_choice":"Shed Blood","floor":21,"damage_taken":0},{"event_name":"The Mausoleum","player_choice":"Yes","floor":22,"damage_taken":0}],"is_beta":false,"boss_relics":[{"not_picked":["Coffee Dripper","Ectoplasm"],"picked":"WristBlade"}],"items_purged_floors":[19],"is_endless":false,"potions_floor_spawned":[1,7,8,16,24,27],"killed_by":"Sentry and Sphere","ascension_level":0}