{"gold_per_floor":[212,212,224,1,1,34,34,34,34,67,92,92,120,134,134,234,234,253,270,46,56,6,6,19,19,42,42,76,76,76,89,89,187,187,204,223,1222,653,653,653,653,653,727,85,85,0,19,19,19,19],"floor_reached":50,"playtime":3488,"items_purged":["Normality"],"score":522,"play_id":"28dfacf5-69fe-4328-bf1d-4530358255d2","local_time":"20190208020156","is_ascension_mode":false,"campfire_choices":[{"floor":8,"key":"REST"},{"floor":15,"key":"REST"},{"floor":23,"key":"REST"},{"floor":25,"key":"REST"},{"floor":27,"key":"REST"},{"floor":32,"key":"REST"},{"floor":40,"key":"REST"},{"floor":42,"key":"REST"},{"floor":49,"key":"REST"}],"neow_cost":"NONE","seed_source_timestamp":16594167145700,"circlet_count":0,"master_deck":["Defend_G","Defend_G","Defend_G","Defend_G","Defend_G","Strike_G","Strike_G","Strike_G","Strike_G+1","Strike_G","Survivor","Neutralize","Sucker Punch","Blade Dance","Leg Sweep+1","Quick Slash+1","Bouncing Flask","Footwork","A Thousand Cuts","Malaise","Slice","Cloak And Dagger","Escape Plan","Blade Dance","Infinite Blades","Blade Dance+1","Crippling Poison","Madness","Madness","Blind"],"relics":["Ring of the Serpent","Boot","Ancient Tea Set","Bag of Preparation","Juzu Bracelet","Darkstone Periapt","Blue Candle","Omamori","Whetstone","PreservedInsect","Happy Flower","Mercury Hourglass","Vajra","Bronze Scales","White Beast Statue","Blood Vial","Sling","Potion Belt","Bottled Lightning","Peace Pipe","Lee\u0027s Waffle","Pen Nib","Red Mask"],"potions_floor_usage":[10,13,21,24,28,33,47,50,50],"damage_taken":[{"damage":0,"enemies":"Small Slimes","floor":1,"turns":3},{"damage":1,"enemies":"Cultist","floor":3,"turns":4},{"damage":27,"enemies":"Lagavulin","floor":6,"turns":10},{"damage":16,"enemies":"3 Sentries","floor":10,"turns":10},{"damage":13,"enemies":"Lagavulin","floor":13,"turns":6},{"damage":0,"enemies":"Jaw Worm","floor":14,"turns":4},{"damage":14,"enemies":"Slime Boss","floor":16,"turns":11},{"damage":15,"enemies":"Spheric Guardian","floor":18,"turns":4},{"damage":19,"enemies":"Shell Parasite","floor":19,"turns":5},{"damage":8,"enemies":"Snake Plant","floor":21,"turns":5},{"damage":11,"enemies":"Cultist and Chosen","floor":24,"turns":5},{"damage":15,"enemies":"Book of Stabbing","floor":28,"turns":6},{"damage":13,"enemies":"Snecko","floor":31,"turns":4},{"damage":42,"enemies":"Champ","floor":33,"turns":13},{"damage":36,"enemies":"3 Darklings","floor":35,"turns":5},{"damage":8,"enemies":"3 Shapes","floor":36,"turns":6},{"damage":40,"enemies":"Maw","floor":47,"turns":9},{"damage":65,"enemies":"Donu and Deca","floor":50,"turns":6}],"seed_played":"-3548193612548135843","potions_obtained":[{"floor":1,"key":"GhostInAJar"},{"floor":6,"key":"GamblersBrew"},{"floor":10,"key":"Energy Potion"},{"floor":16,"key":"FearPotion"},{"floor":19,"key":"PowerPotion"},{"floor":21,"key":"AttackPotion"},{"floor":24,"key":"Energy Potion"},{"floor":35,"key":"Block Potion"},{"floor":36,"key":"Swift Potion"},{"floor":47,"key":"Fire Potion"}],"is_trial":false,"path_per_floor":["M","?","M","$","?","E","$","R","T","E","T","?","E","M","R","B",null,"M","M","$","M","?","R","M","R","T","R","E","?","?","M","R","B",null,"M","M","?","$","?","R","?","R","T","$","?","?","M","?","R","B"],"character_chosen":"THE_SILENT","items_purchased":["Ancient Tea Set","Leg Sweep","PreservedInsect","Escape Plan","Blood Vial","Sling","Potion Belt","Peace Pipe","Lee\u0027s Waffle","Pen Nib"],"campfire_rested":9,"item_purchase_floors":[4,4,20,20,38,38,38,44,44,44],"current_hp_per_floor":[70,70,69,69,62,35,35,56,56,40,40,40,27,27,48,34,70,55,36,36,28,28,49,38,59,59,70,55,55,55,42,63,21,70,34,26,32,32,32,54,54,76,76,83,73,73,35,35,59,0],"gold":19,"neow_bonus":"HUNDRED_GOLD","is_prod":false,"is_daily":false,"chose_seed":false,"campfire_upgraded":0,"win_rate":0.0,"timestamp":1549620116,"path_taken":["M","?","M","?","?","E","$","R","T","E","?","?","E","M","R","BOSS","M","M","$","M","?","R","M","R","T","R","E","?","?","M","R","BOSS","M","M","?","$","?","R","?","R","T","?","?","?","M","?","R","BOSS"],"build_version":"2019-01-23","purchased_purges":1,"victory":false,"max_hp_per_floor":[70,70,70,70,70,70,70,70,70,70,70,70,70,70,70,70,70,70,70,70,70,70,70,70,70,70,70,70,70,70,70,70,70,70,70,70,76,76,76,76,76,76,76,83,83,83,83,83,83,83],"card_choices":[{"not_picked":["PiercingWail","Flying Knee"],"picked":"Sucker Punch","floor":1},{"not_picked":["Heel Hook","Riddle With Holes"],"picked":"Blade Dance","floor":3},{"not_picked":["Eviscerate","Leg Sweep"],"picked":"Quick Slash","floor":6},{"not_picked":["Deflect","Die Die Die"],"picked":"Bouncing Flask","floor":10},{"not_picked":["Slice","Flying Knee"],"picked":"Footwork","floor":13},{"not_picked":["Prepared","Quick Slash"],"picked":"A Thousand Cuts","floor":14},{"not_picked":["Burst","Adrenaline"],"picked":"Malaise","floor":16},{"not_picked":["PiercingWail","Sucker Punch"],"picked":"Slice","floor":18},{"not_picked":["Well Laid Plans","Backstab"],"picked":"Cloak And Dagger","floor":19},{"not_picked":["Masterful Stab","Choke+1"],"picked":"Blade Dance","floor":21},{"not_picked":["Dodge and Roll","Cloak And Dagger+1"],"picked":"Infinite Blades","floor":24},{"not_picked":["Outmaneuver","Venomology"],"picked":"Blade Dance+1","floor":28},{"not_picked":["Backflip","Footwork"],"picked":"Crippling Poison","floor":31},{"not_picked":["Doppelganger","Storm of Steel"],"picked":"Wraith Form v2","floor":33},{"not_picked":["Acrobatics","Slice","Quick Slash+1"],"picked":"SKIP","floor":35},{"not_picked":["Flying Knee+1","Bane","Eviscerate"],"picked":"SKIP","floor":36},{"not_picked":["Tactician","Flying Knee","Eviscerate"],"picked":"SKIP","floor":47},{"not_picked":["Chrysalis","Mayhem"],"picked":"Blind","floor":48}],"player_experience":89528,"relics_obtained":[{"floor":2,"key":"Boot"},{"floor":6,"key":"Juzu Bracelet"},{"floor":9,"key":"Darkstone Periapt"},{"floor":10,"key":"Blue Candle"},{"floor":11,"key":"Omamori"},{"floor":13,"key":"Whetstone"},{"floor":26,"key":"Happy Flower"},{"floor":28,"key":"Mercury Hourglass"},{"floor":43,"key":"Bottled Lightning"}],"event_choices":[{"damage_healed":0,"gold_gain":0,"player_choice":"Relic","damage_taken":0,"max_hp_gain":0,"max_hp_loss":0,"event_name":"Wheel of Change","floor":2,"gold_loss":0},{"damage_healed":0,"gold_gain":0,"player_choice":"Success","damage_taken":7,"relics_obtained":["Bag of Preparation"],"max_hp_gain":0,"max_hp_loss":0,"event_name":"Scrap Ooze","floor":5,"gold_loss":0},{"damage_healed":0,"gold_gain":0,"player_choice":"Grow","damage_taken":0,"max_hp_gain":0,"max_hp_loss":0,"event_name":"Living Wall","floor":12,"gold_loss":0,"cards_upgraded":["Leg Sweep"]},{"damage_healed":0,"gold_gain":0,"player_choice":"Bet on Murderer","damage_taken":0,"max_hp_gain":0,"max_hp_loss":0,"event_name":"The Joust","floor":22,"gold_loss":50},{"damage_healed":0,"gold_gain":0,"player_choice":"Gave Potion","damage_taken":0,"relics_obtained":["Vajra"],"max_hp_gain":0,"max_hp_loss":0,"event_name":"WeMeetAgain","floor":29,"gold_loss":0},{"damage_healed":0,"gold_gain":0,"player_choice":"Stole Relic","damage_taken":0,"relics_obtained":["Bronze Scales"],"max_hp_gain":0,"max_hp_loss":0,"event_name":"Addict","floor":30,"gold_loss":0,"cards_obtained":["Shame"]},{"damage_healed":0,"gold_gain":999,"player_choice":"Gold","damage_taken":0,"max_hp_gain":0,"max_hp_loss":0,"event_name":"MindBloom","floor":37,"gold_loss":0,"cards_obtained":["Normality","Normality"]},{"damage_healed":0,"gold_gain":0,"player_choice":"Ignored","damage_taken":0,"max_hp_gain":0,"max_hp_loss":0,"event_name":"Mysterious Sphere","floor":39,"gold_loss":0},{"cards_removed":["Wraith Form v2"],"damage_healed":0,"gold_gain":0,"player_choice":"Removed Power","damage_taken":0,"max_hp_gain":0,"max_hp_loss":0,"event_name":"Falling","floor":41,"gold_loss":0},{"damage_healed":0,"gold_gain":0,"player_choice":"Embrace Madness","damage_taken":10,"max_hp_gain":0,"max_hp_loss":0,"event_name":"Winding Halls","floor":45,"gold_loss":0,"cards_obtained":["Madness","Madness"]},{"damage_healed":0,"gold_gain":0,"player_choice":"Paid","damage_taken":0,"relics_obtained":["Red Mask"],"max_hp_gain":0,"max_hp_loss":0,"event_name":"Tomb of Lord Red Mask","floor":46,"gold_loss":85},{"damage_healed":0,"gold_gain":0,"player_choice":"Memory 1","damage_taken":0,"max_hp_gain":0,"max_hp_loss":0,"event_name":"SensoryStone","floor":48,"gold_loss":0}],"is_beta":false,"boss_relics":[{"not_picked":["Empty Cage","Tiny House"],"picked":"Ring of the Serpent"},{"not_picked":["Coffee Dripper","Runic Dome"],"picked":"White Beast Statue"}],"items_purged_floors":[38],"is_endless":false,"potions_floor_spawned":[1,6,10,16,19,21,24,35,36,47],"killed_by":"Donu and Deca","ascension_level":0}