{"gold_per_floor":[118,131,20,36,51,77,77,90,90,90,20,95,124,94],"floor_reached":14,"playtime":702,"items_purged":["Recycle"],"score":165,"play_id":"1049b136-fa5f-466b-bc25-19f444a5ccf9","local_time":"20190206153029","is_ascension_mode":true,"campfire_choices":[{"data":"Defragment","floor":7,"key":"SMITH"},{"floor":10,"key":"REST"}],"neow_cost":"TEN_PERCENT_HP_LOSS","seed_source_timestamp":1569827276853972,"circlet_count":0,"master_deck":["AscendersBane","Strike_B","Strike_B","Defend_B","Defend_B","Defend_B","Defend_B","Zap","Dualcast","Beam Cell","Static Discharge","Defragment+1","Storm","Ball Lightning","Glacier","Buffer","Ball Lightning","Melter","Streamline"],"relics":["Cracked Core","Turnip","Toxic Egg 2","Symbiotic Virus"],"potions_floor_usage":[5,13],"damage_taken":[{"damage":4,"enemies":"Cultist","floor":1,"turns":5},{"damage":12,"enemies":"2 Louse","floor":2,"turns":3},{"damage":2,"enemies":"Jaw Worm","floor":4,"turns":3},{"damage":20,"enemies":"2 Fungi Beasts","floor":5,"turns":3},{"damage":4,"enemies":"Lagavulin","floor":6,"turns":7},{"damage":2,"enemies":"Blue Slaver","floor":8,"turns":4},{"damage":17,"enemies":"Gremlin Nob","floor":13,"turns":5},{"damage":17,"enemies":"Exordium Thugs","floor":14,"turns":2}],"seed_played":"-8692588128716006012","potions_obtained":[{"floor":1,"key":"SteroidPotion"},{"floor":6,"key":"Block Potion"}],"is_trial":false,"path_per_floor":["M","M","$","M","M","E","R","M","T","R","$","?","E","M"],"character_chosen":"DEFECT","items_purchased":["Storm","Melter"],"campfire_rested":1,"item_purchase_floors":[3,11],"current_hp_per_floor":[64,52,52,50,30,26,26,24,24,44,44,33,16,0],"gold":94,"neow_bonus":"TRANSFORM_TWO_CARDS","is_prod":false,"is_daily":false,"chose_seed":false,"campfire_upgraded":1,"win_rate":0,"timestamp":1549467029,"path_taken":["M","M","$","?","M","E","R","M","T","R","$","?","E","M"],"build_version":"2019-01-23","purchased_purges":1,"victory":false,"max_hp_per_floor":[68,68,68,68,68,68,68,68,68,68,68,68,68,68],"card_choices":[{"not_picked":["Steam","Barrage"],"picked":"Static Discharge","floor":1},{"not_picked":["Darkness","Rebound"],"picked":"Defragment","floor":2},{"not_picked":["Turbo","Lockon"],"picked":"Ball Lightning","floor":4},{"not_picked":["Compile Driver","Beam Cell"],"picked":"Glacier","floor":5},{"not_picked":["Undo","Stack"],"picked":"Buffer","floor":6},{"not_picked":["Go for the Eyes","Stack"],"picked":"Ball Lightning","floor":8},{"not_picked":["BootSequence+1","Rebound"],"picked":"Streamline","floor":13}],"player_experience":1318267,"relics_obtained":[{"floor":6,"key":"Turnip"},{"floor":9,"key":"Toxic Egg 2"},{"floor":13,"key":"Symbiotic Virus"}],"event_choices":[{"damage_healed":0,"gold_gain":75,"player_choice":"Gather Gold","damage_taken":11,"max_hp_gain":0,"max_hp_loss":0,"event_name":"World of Goop","floor":12,"gold_loss":0}],"is_beta":false,"boss_relics":[],"items_purged_floors":[3],"is_endless":false,"potions_floor_spawned":[1,6],"killed_by":"Exordium Thugs","ascension_level":13}