{"gold_per_floor":[109,127,144,144,64,64,90,104,130,157,170,184,201,219,219,322,322,338,348,198,209,221,221,221],"floor_reached":24,"playtime":1797,"items_purged":["Clumsy"],"score":332,"play_id":"d29bd7ea-9615-482b-97d6-dc1ffebf7bc7","local_time":"20190104001627","is_ascension_mode":true,"campfire_choices":[{"floor":6,"key":"RECALL"},{"floor":15,"key":"REST"},{"floor":23,"key":"REST"}],"neow_cost":"NONE","seed_source_timestamp":1301648030768867,"circlet_count":0,"master_deck":["AscendersBane","Defend_G","Defend_G","Defend_G","Defend_G","Defend_G","Strike_G","Strike_G","Survivor","Neutralize","Backstab","Underhanded Strike","Riddle With Holes","Noxious Fumes","Blur","Masterful Stab","Sucker Punch","Cloak And Dagger","Dagger Spray","Heel Hook","Noxious Fumes","Night Terror","Leg Sweep","Bouncing Flask","Glass Knife","Deadly Poison+1"],"relics":["Cursed Key","Boot","Blood Vial","Centennial Puzzle","Empty Cage"],"potions_floor_usage":[3,7,10,16,16,21,21,22],"damage_taken":[{"damage":1,"enemies":"Small Slimes","floor":1,"turns":5},{"damage":0,"enemies":"Cultist","floor":2,"turns":4},{"damage":0,"enemies":"2 Louse","floor":3,"turns":1},{"damage":17,"enemies":"Lagavulin","floor":7,"turns":5},{"damage":17,"enemies":"Large Slime","floor":8,"turns":5},{"damage":12,"enemies":"Gremlin Nob","floor":10,"turns":3},{"damage":0,"enemies":"2 Fungi Beasts","floor":11,"turns":2},{"damage":2,"enemies":"3 Louse","floor":12,"turns":2},{"damage":7,"enemies":"Large Slime","floor":13,"turns":4},{"damage":0,"enemies":"Blue Slaver","floor":14,"turns":4},{"damage":6,"enemies":"Slime Boss","floor":16,"turns":7},{"damage":41,"enemies":"Spheric Guardian","floor":18,"turns":6},{"damage":8,"enemies":"Chosen","floor":19,"turns":5},{"damage":15,"enemies":"3 Cultists","floor":21,"turns":7},{"damage":18,"enemies":"Centurion and Healer","floor":22,"turns":6},{"damage":27,"enemies":"Snecko","floor":24,"turns":4}],"seed_played":"7438314493741345383","potions_obtained":[{"floor":1,"key":"Explosive Potion"},{"floor":3,"key":"Strength Potion"},{"floor":8,"key":"GamblersBrew"},{"floor":10,"key":"Poison Potion"},{"floor":12,"key":"SpeedPotion"},{"floor":14,"key":"GhostInAJar"},{"floor":18,"key":"AttackPotion"},{"floor":19,"key":"Regen Potion"},{"floor":21,"key":"Dexterity Potion"}],"is_trial":false,"path_per_floor":["M","M","M","?","$","R","E","M","T","E","M","M","M","M","R","B",null,"M","M","$","M","M","R","M"],"character_chosen":"THE_SILENT","items_purchased":["Noxious Fumes","Glass Knife"],"campfire_rested":2,"item_purchase_floors":[5,20],"current_hp_per_floor":[62,62,62,62,62,62,45,28,28,18,20,20,15,17,38,34,61,22,16,16,18,2,23,0],"gold":221,"neow_bonus":"BOSS_RELIC","is_prod":false,"is_daily":false,"chose_seed":false,"campfire_upgraded":0,"win_rate":0,"timestamp":1546560987,"path_taken":["M","M","M","?","$","R","E","?","T","E","M","M","M","M","R","BOSS","M","M","$","M","M","R","M"],"build_version":"2018-12-20","purchased_purges":1,"victory":false,"max_hp_per_floor":[70,70,70,70,70,70,70,70,70,70,70,70,70,70,70,70,70,70,70,70,70,70,70,70],"card_choices":[{"not_picked":["Setup","Acrobatics"],"picked":"Backstab","floor":1},{"not_picked":["Setup","Flying Knee"],"picked":"Underhanded Strike","floor":2},{"not_picked":["Acrobatics","Masterful Stab"],"picked":"Riddle With Holes","floor":3},{"not_picked":["Expertise","Well Laid Plans"],"picked":"Blur","floor":7},{"not_picked":["Accuracy","Outmaneuver"],"picked":"Masterful Stab","floor":8},{"not_picked":["Accuracy","Blade Dance"],"picked":"Sucker Punch","floor":10},{"not_picked":["Acrobatics","Prepared"],"picked":"Cloak And Dagger","floor":11},{"not_picked":["Deadly Poison","Grand Finale"],"picked":"Dagger Spray","floor":12},{"not_picked":["Expertise","Deflect"],"picked":"Heel Hook","floor":13},{"not_picked":["Underhanded Strike","Bane"],"picked":"Noxious Fumes","floor":14},{"not_picked":["A Thousand Cuts","Unload"],"picked":"Night Terror","floor":16},{"not_picked":["Riddle With Holes","PiercingWail"],"picked":"Leg Sweep","floor":18},{"not_picked":["Endless Agony","Underhanded Strike+1"],"picked":"Bouncing Flask","floor":19},{"not_picked":["Prepared","Calculated Gamble"],"picked":"Deadly Poison+1","floor":21},{"not_picked":["Dodge and Roll","Distraction","PiercingWail+1"],"picked":"SKIP","floor":22}],"player_experience":1124337,"relics_obtained":[{"floor":7,"key":"Boot"},{"floor":9,"key":"Blood Vial"},{"floor":10,"key":"Centennial Puzzle"}],"event_choices":[{"cards_removed":["Strike_G"],"damage_healed":0,"gold_gain":0,"player_choice":"Offered Basic","damage_taken":0,"max_hp_gain":0,"max_hp_loss":0,"event_name":"Bonfire Elementals","floor":4,"gold_loss":0}],"is_beta":false,"boss_relics":[{"not_picked":["Black Star","Fusion Hammer"],"picked":"Empty Cage"}],"items_purged_floors":[20],"is_endless":false,"potions_floor_spawned":[1,3,8,10,12,13,14,18,19,21],"killed_by":"Snecko","ascension_level":11}