{"gold_per_floor":[113,130,130,305,305,336,336,355,424,437,453,486,486,510,510,631,631,647,206,206],"floor_reached":20,"playtime":1724,"items_purged":["Strike_R"],"score":209,"play_id":"b290d7ce-0b13-4c18-a7ee-a36af85187ae","local_time":"20190211145139","is_ascension_mode":false,"campfire_choices":[{"data":"Rupture","floor":7,"key":"SMITH"},{"floor":13,"key":"REST"},{"data":"Shrug It Off","floor":15,"key":"SMITH"}],"neow_cost":"NONE","seed_source_timestamp":259148959599388,"circlet_count":0,"master_deck":["Strike_R","Strike_R","Strike_R","Strike_R","Defend_R","Defend_R","Defend_R","Defend_R","Bash","Rupture+1","Bloodletting","Doubt","Immolate","Spot Weakness","Shrug It Off+1","Entrench","Shockwave","Whirlwind","Brutality","Armaments+1","Armaments+1"],"relics":["Burning Blood","NeowsBlessing","Golden Idol","Art of War","Matryoshka","Regal Pillow","Runic Cube","Happy Flower","DollysMirror"],"potions_floor_usage":[16,16,16],"damage_taken":[{"damage":0,"enemies":"2 Louse","floor":1,"turns":1},{"damage":0,"enemies":"Small Slimes","floor":2,"turns":1},{"damage":0,"enemies":"Gremlin Nob","floor":6,"turns":1},{"damage":4,"enemies":"Cultist","floor":8,"turns":4},{"damage":16,"enemies":"Large Slime","floor":10,"turns":7},{"damage":6,"enemies":"3 Louse","floor":11,"turns":2},{"damage":41,"enemies":"Lagavulin","floor":12,"turns":8},{"damage":3,"enemies":"Lots of Slimes","floor":14,"turns":2},{"damage":75,"enemies":"Hexaghost","floor":16,"turns":10},{"damage":73,"enemies":"Spheric Guardian","floor":18,"turns":10}],"seed_played":"313699925439884914","potions_obtained":[{"floor":6,"key":"PowerPotion"},{"floor":8,"key":"Fire Potion"},{"floor":10,"key":"PowerPotion"},{"floor":12,"key":"Regen Potion"}],"is_trial":false,"path_per_floor":["M","M","?","?","?","E","R","M","T","M","M","E","R","M","R","B",null,"M","$","?"],"character_chosen":"IRONCLAD","items_purchased":["Happy Flower","DollysMirror"],"campfire_rested":1,"item_purchase_floors":[19,19],"current_hp_per_floor":[80,80,60,60,60,66,66,68,68,58,58,23,62,65,65,11,80,13,13,0],"gold":206,"neow_bonus":"THREE_ENEMY_KILL","is_prod":false,"is_daily":false,"chose_seed":false,"campfire_upgraded":2,"win_rate":0.0,"timestamp":1549893099,"path_taken":["M","M","?","?","?","E","R","M","T","?","M","E","R","M","R","BOSS","M","$","?"],"build_version":"2019-01-23","purchased_purges":1,"victory":false,"max_hp_per_floor":[80,80,80,80,80,80,80,80,80,80,80,80,80,80,80,80,80,80,80,80],"card_choices":[{"not_picked":["Flex","Body Slam"],"picked":"Rupture","floor":1},{"not_picked":["Rupture","True Grit"],"picked":"Bloodletting","floor":2},{"not_picked":["Infernal Blade","Battle Trance"],"picked":"Immolate","floor":6},{"not_picked":["Twin Strike","Corruption"],"picked":"Spot Weakness","floor":8},{"not_picked":["Wild Strike","Heavy Blade"],"picked":"Shrug It Off","floor":10},{"not_picked":["Cleave","Pommel Strike"],"picked":"Entrench","floor":11},{"not_picked":["Carnage","True Grit"],"picked":"Shockwave","floor":12},{"not_picked":["Clash","Bloodletting"],"picked":"Whirlwind","floor":14},{"not_picked":["Reaper","Impervious"],"picked":"Brutality","floor":16},{"not_picked":["Flex","Shrug It Off+1"],"picked":"Armaments+1","floor":18}],"player_experience":204516,"relics_obtained":[{"floor":6,"key":"Art of War"},{"floor":9,"key":"Matryoshka"},{"floor":12,"key":"Regal Pillow"}],"event_choices":[{"damage_healed":0,"gold_gain":0,"player_choice":"Take Damage","damage_taken":20,"relics_obtained":["Golden Idol"],"max_hp_gain":0,"max_hp_loss":0,"event_name":"Golden Idol","floor":3,"gold_loss":0},{"damage_healed":0,"gold_gain":175,"player_choice":"AGREE","damage_taken":0,"max_hp_gain":0,"max_hp_loss":0,"event_name":"Liars Game","floor":4,"gold_loss":0,"cards_obtained":["Doubt"]},{"damage_healed":0,"gold_gain":0,"player_choice":"Ignored","damage_taken":0,"max_hp_gain":0,"max_hp_loss":0,"event_name":"NoteForYourself","floor":5,"gold_loss":0}],"is_beta":false,"boss_relics":[{"not_picked":["Black Blood","Cursed Key"],"picked":"Runic Cube"}],"items_purged_floors":[19],"is_endless":false,"potions_floor_spawned":[6,8,10,11,12,14],"ascension_level":0}