{"gold_per_floor":[114,126,301,1,31,31,99,99,99,99,142,199,199,239,239,342,342,362,367,367],"floor_reached":20,"playtime":824,"items_purged":["Doubt"],"score":299,"play_id":"6cb64b9e-7471-43d7-b37e-91ba06443b78","local_time":"20190115012352","is_ascension_mode":true,"campfire_choices":[{"data":"HandOfGreed","floor":6,"key":"SMITH"},{"data":"Tempest","floor":8,"key":"SMITH"},{"floor":13,"key":"REST"},{"floor":15,"key":"REST"}],"neow_cost":"NONE","seed_source_timestamp":285943923861753,"circlet_count":0,"master_deck":["AscendersBane","Strike_B","Strike_B","Strike_B","Defend_B","Defend_B","Defend_B","Defend_B","Zap","Dualcast","Redo","Barrage","HandOfGreed+1","Tempest+1","Capacitor","Conserve Battery","Self Repair","Sweeping Beam","Creative AI","Go for the Eyes","Steam Power"],"relics":["Cracked Core","Shuriken","Dodecahedron","Inserter"],"potions_floor_usage":[7,11,16,18,19,20],"damage_taken":[{"damage":2,"enemies":"Jaw Worm","floor":1,"turns":3},{"damage":0,"enemies":"2 Louse","floor":2,"turns":3},{"damage":0,"enemies":"Cultist","floor":5,"turns":3},{"damage":11,"enemies":"Exordium Thugs","floor":7,"turns":3},{"damage":1,"enemies":"Exordium Wildlife","floor":11,"turns":2},{"damage":43,"enemies":"3 Sentries","floor":12,"turns":7},{"damage":3,"enemies":"2 Fungi Beasts","floor":14,"turns":3},{"damage":6,"enemies":"Slime Boss","floor":16,"turns":9},{"damage":31,"enemies":"Chosen","floor":18,"turns":6},{"damage":34,"enemies":"2 Thieves","floor":19,"turns":4},{"damage":19,"enemies":"Centurion and Healer","floor":20,"turns":2}],"seed_played":"-2456579603684005549","potions_obtained":[{"floor":2,"key":"FearPotion"},{"floor":7,"key":"Energy Potion"},{"floor":10,"key":"PowerPotion"},{"floor":14,"key":"SkillPotion"},{"floor":16,"key":"AttackPotion"},{"floor":18,"key":"SkillPotion"}],"is_trial":false,"path_per_floor":["M","M","?","$","M","R","M","R","T","?","M","E","R","M","R","B",null,"M","M","M"],"character_chosen":"DEFECT","items_purchased":["HandOfGreed","FearPotion"],"campfire_rested":2,"item_purchase_floors":[4,4],"current_hp_per_floor":[62,62,62,62,62,62,51,51,51,51,50,7,28,25,46,47,65,41,14,0],"gold":367,"neow_bonus":"REMOVE_CARD","is_prod":false,"is_daily":false,"chose_seed":false,"campfire_upgraded":2,"win_rate":0,"timestamp":1547533432,"path_taken":["M","M","?","$","M","R","M","R","T","?","M","E","R","M","R","BOSS","M","?","M"],"build_version":"2019-01-10","purchased_purges":1,"victory":false,"max_hp_per_floor":[71,71,71,71,71,71,71,71,71,71,71,71,71,71,71,71,71,71,71,71],"card_choices":[{"not_picked":["Cold Snap","Gash"],"picked":"Redo","floor":1},{"not_picked":["Coolheaded","Stack"],"picked":"Barrage","floor":2},{"not_picked":["Leap","Skim"],"picked":"Tempest","floor":5},{"not_picked":["Blizzard","Auto Shields"],"picked":"Capacitor","floor":7},{"not_picked":["Lockon","Scrape"],"picked":"Conserve Battery","floor":11},{"not_picked":["Hologram","Melter"],"picked":"Self Repair","floor":12},{"not_picked":["Darkness","Gash"],"picked":"Sweeping Beam","floor":14},{"not_picked":["Machine Learning","Hyperbeam"],"picked":"Creative AI","floor":16},{"not_picked":["Compile Driver","Streamline"],"picked":"Go for the Eyes","floor":18},{"not_picked":["Loop+1","Reprogram"],"picked":"Steam Power","floor":19}],"player_experience":503066,"relics_obtained":[{"floor":9,"key":"Shuriken"},{"floor":12,"key":"Dodecahedron"}],"event_choices":[{"damage_healed":0,"gold_gain":175,"player_choice":"AGREE","damage_taken":0,"max_hp_gain":0,"max_hp_loss":0,"event_name":"Liars Game","floor":3,"gold_loss":0,"cards_obtained":["Doubt"]},{"damage_healed":0,"gold_gain":0,"player_choice":"Got Potions","damage_taken":0,"max_hp_gain":0,"max_hp_loss":0,"event_name":"Lab","floor":10,"gold_loss":0}],"is_beta":false,"boss_relics":[{"not_picked":["Runic Pyramid","Tiny House"],"picked":"Inserter"}],"items_purged_floors":[4],"is_endless":false,"potions_floor_spawned":[2,7,14,16,18],"killed_by":"Centurion and Healer","ascension_level":14}