{"gold_per_floor":[114,114,169,188,188,214,70,80,80,80,99,99,19,34,34,130,130,140,151,163,178,188,188,205,4,4,4,4],"floor_reached":28,"playtime":1891,"items_purged":["Strike_B"],"score":247,"play_id":"797523f8-3397-4265-af3d-208af575ea71","local_time":"20180811142343","is_ascension_mode":false,"campfire_choices":[{"data":"Recycle","floor":10,"key":"SMITH"},{"floor":15,"key":"REST"},{"floor":27,"key":"REST"}],"neow_cost":"","seed_source_timestamp":1815465974302134,"circlet_count":0,"master_deck":["Strike_B","Defend_B","Defend_B","Defend_B","Defend_B","Zap","Dualcast+1","Compile Driver+1","Storm","BootSequence","Recycle+1","Storm","Hologram","Go for the Eyes","Machine Learning","Leap","Thunder Strike","Defragment","White Noise","Rebound","Leap","Turbo","Rip and Tear","Reboot","Capacitor","Hologram"],"relics":["Cracked Core","Gambling Chip","Strawberry","Pear","Pantograph","Inserter","Ginger"],"potions_floor_usage":[24,28],"damage_taken":[{"damage":0,"enemies":"Cultist","floor":1,"turns":3},{"damage":6,"enemies":"Jaw Worm","floor":4,"turns":3},{"damage":33,"enemies":"3 Sentries","floor":6,"turns":8},{"damage":0,"enemies":"Small Slimes","floor":8,"turns":4},{"damage":0,"enemies":"2 Fungi Beasts","floor":11,"turns":3},{"damage":9,"enemies":"Exordium Wildlife","floor":14,"turns":5},{"damage":26,"enemies":"Slime Boss","floor":16,"turns":9},{"damage":19,"enemies":"Spheric Guardian","floor":18,"turns":5},{"damage":19,"enemies":"2 Thieves","floor":19,"turns":4},{"damage":21,"enemies":"Centurion and Healer","floor":20,"turns":4},{"damage":7,"enemies":"Chosen and Byrds","floor":21,"turns":5},{"damage":10,"enemies":"Sentry and Sphere","floor":22,"turns":3},{"damage":14,"enemies":"Centurion and Healer","floor":24,"turns":4},{"damage":34,"enemies":"Gremlin Leader","floor":28,"turns":3}],"seed_played":"4684597989084690330","potions_obtained":[{"floor":8,"key":"Swift Potion"},{"floor":11,"key":"FearPotion"},{"floor":20,"key":"SkillPotion"},{"floor":21,"key":"AttackPotion"}],"is_trial":false,"path_per_floor":["M","T","T","M","?","E","$","M","T","R","M","?","$","M","R","B",null,"M","M","M","M","M","?","M","$","T","R"],"character_chosen":"DEFECT","items_purchased":["Storm","Machine Learning","Capacitor","Hologram","FocusPotion"],"campfire_rested":2,"item_purchase_floors":[7,13,25,25,25],"current_hp_per_floor":[75,75,82,76,76,53,53,53,53,53,53,35,35,26,53,52,92,73,54,33,26,16,16,2,2,2,29,0],"gold":4,"neow_bonus":"","is_prod":false,"is_daily":false,"chose_seed":false,"campfire_upgraded":1,"win_rate":0,"timestamp":1534011823,"path_taken":["M","?","?","?","?","E","?","?","T","R","M","?","$","M","R","BOSS","M","M","?","M","M","?","M","$","T","R","E"],"build_version":"2018-08-09","purchased_purges":1,"victory":false,"max_hp_per_floor":[75,75,82,82,82,92,92,92,92,92,92,92,92,92,92,92,92,92,92,92,92,92,92,92,92,92,92,92],"card_choices":[{"not_picked":["Turbo","Steam Power"],"picked":"Compile Driver","floor":1},{"not_picked":["Turbo","Consume"],"picked":"Storm","floor":4},{"not_picked":["Steam","Leap"],"picked":"Recycle","floor":6},{"not_picked":["Leap","Sweeping Beam"],"picked":"Hologram","floor":8},{"not_picked":["Stack","Compile Driver"],"picked":"Go for the Eyes","floor":11},{"not_picked":["BootSequence","Redo"],"picked":"Leap","floor":14},{"not_picked":["Amplify","Machine Learning"],"picked":"Thunder Strike","floor":16},{"not_picked":["FTL","Beam Cell"],"picked":"Defragment","floor":18},{"not_picked":["Self Repair","Stack"],"picked":"White Noise","floor":19},{"not_picked":["Ball Lightning+1","Compile Driver"],"picked":"Rebound","floor":20},{"not_picked":["Cold Snap","Gash+1"],"picked":"Leap","floor":21},{"not_picked":["Gash","Rip and Tear"],"picked":"Turbo","floor":22},{"not_picked":["Steam","Streamline"],"picked":"Reboot","floor":24}],"player_experience":125210,"relics_obtained":[{"floor":2,"key":"Gambling Chip"},{"floor":3,"key":"Strawberry"},{"floor":6,"key":"Pear"},{"floor":9,"key":"Pantograph"},{"floor":26,"key":"Ginger"}],"event_choices":[{"event_name":"Transmorgrifier","player_choice":"Transform","floor":5,"damage_taken":0},{"event_name":"Shining Light","player_choice":"Entered Light","floor":12,"damage_taken":0},{"event_name":"Transmorgrifier","player_choice":"Transform","floor":23,"damage_taken":0}],"is_beta":false,"boss_relics":[{"not_picked":["Ectoplasm","Runic Pyramid"],"picked":"Inserter"}],"items_purged_floors":[7],"is_endless":false,"potions_floor_spawned":[8,11,20,21],"killed_by":"Gremlin Leader","ascension_level":0}