{"gold_per_floor":[110,122,122,47,47,75,93,93,116,128,128,128],"floor_reached":12,"playtime":382,"items_purged":[],"score":180,"play_id":"46acce36-bebc-466c-9bf1-5934466bc830","local_time":"20190125232847","is_ascension_mode":true,"campfire_choices":[{"data":"Searing Blow","floor":8,"key":"SMITH"},{"data":"Searing Blow+1","floor":11,"key":"SMITH"}],"neow_cost":"NONE","seed_source_timestamp":562015099081969,"circlet_count":0,"master_deck":["AscendersBane","Strike_R","Strike_R","Strike_R","Strike_R","Strike_R","Defend_R+1","Defend_R","Defend_R+1","Defend_R+1","Bash+1","Twin Strike","Searing Blow+2","Corruption","Feel No Pain","Pommel Strike"],"relics":["Burning Blood","NeowsBlessing","Omamori","Ancient Tea Set","War Paint"],"potions_floor_usage":[12],"damage_taken":[{"damage":0,"enemies":"Jaw Worm","floor":1,"turns":1},{"damage":0,"enemies":"2 Louse","floor":2,"turns":1},{"damage":0,"enemies":"3 Sentries","floor":6,"turns":2},{"damage":10,"enemies":"Cultist","floor":7,"turns":4},{"damage":0,"enemies":"Looter","floor":10,"turns":3},{"damage":40,"enemies":"Lagavulin","floor":12,"turns":5}],"seed_played":"-2018027170727644089","potions_obtained":[{"floor":2,"key":"SpeedPotion"},{"floor":7,"key":"Dexterity Potion"}],"is_trial":false,"path_per_floor":["M","M","?","$","?","E","M","R","T","M","R","E"],"character_chosen":"IRONCLAD","items_purchased":["Corruption"],"campfire_rested":0,"item_purchase_floors":[4],"current_hp_per_floor":[74,75,52,52,17,23,19,19,19,25,25,0],"gold":128,"neow_bonus":"THREE_ENEMY_KILL","is_prod":false,"is_daily":false,"chose_seed":false,"campfire_upgraded":2,"win_rate":0,"timestamp":1548458927,"path_taken":["M","M","?","$","?","E","M","R","T","M","R","E"],"build_version":"2019-01-23","purchased_purges":0,"victory":false,"max_hp_per_floor":[75,75,75,75,75,75,75,75,75,75,75,75],"card_choices":[{"not_picked":["Sever Soul","Pummel"],"picked":"Twin Strike","floor":1},{"not_picked":["Reckless Charge","Warcry"],"picked":"Searing Blow","floor":2},{"not_picked":["Headbutt","Heavy Blade"],"picked":"Feel No Pain","floor":6},{"not_picked":["Combust","Infernal Blade"],"picked":"Pommel Strike","floor":7},{"not_picked":["Pommel Strike","Second Wind","Dual Wield"],"picked":"SKIP","floor":10}],"player_experience":1237612,"relics_obtained":[{"floor":6,"key":"Ancient Tea Set"},{"floor":9,"key":"War Paint"}],"event_choices":[{"damage_healed":0,"gold_gain":0,"player_choice":"Entered Light","damage_taken":23,"max_hp_gain":0,"max_hp_loss":0,"event_name":"Shining Light","floor":3,"gold_loss":0,"cards_upgraded":["Bash","Defend_R"]},{"damage_healed":0,"gold_gain":0,"player_choice":"Success","damage_taken":35,"relics_obtained":["Omamori"],"max_hp_gain":0,"max_hp_loss":0,"event_name":"Scrap Ooze","floor":5,"gold_loss":0}],"is_beta":false,"boss_relics":[],"items_purged_floors":[],"is_endless":false,"potions_floor_spawned":[2,7],"killed_by":"Lagavulin","ascension_level":15}