{"gold_per_floor":[117,117,128,0,0,30,30,30,30,30,44,75,3,16,16,120,120,139,39,39,34,44,44,78,78,78,112,112,112,128,160,160,257,257,268,143,143,143,143,176,195,224,224,224,257,267,267,293,293,293],"floor_reached":51,"playtime":2579,"items_purged":["Regret","Strike_B","Strike_B"],"score":1125,"play_id":"d149693a-3267-4777-a864-8d88b2477267","local_time":"20190128194753","is_ascension_mode":true,"campfire_choices":[{"data":"Zap","floor":7,"key":"SMITH"},{"data":"Dualcast","floor":10,"key":"SMITH"},{"data":"Defragment","floor":15,"key":"SMITH"},{"data":"Seek","floor":23,"key":"SMITH"},{"data":"Tempest","floor":25,"key":"SMITH"},{"data":"Go for the Eyes","floor":29,"key":"SMITH"},{"data":"Go for the Eyes","floor":32,"key":"SMITH"},{"data":"Hologram","floor":44,"key":"SMITH"},{"floor":47,"key":"REST"},{"floor":49,"key":"REST"}],"neow_cost":"CURSE","seed_source_timestamp":736131060711434,"circlet_count":0,"master_deck":["Strike_B","Strike_B","Defend_B","Defend_B","Defend_B","Defend_B","Zap+1","Dualcast+1","Decay","Tempest+1","Glacier","Gash","Gash","Defragment","Gash","Defragment+1","Seek+1","Hologram+1","Beam Cell+1","Go for the Eyes+1","Glacier","Echo Form","Deep Breath","Steam","Recycle+1","Leap+1","Gash+1","Undo+1","Steam+1","Gash+1","Cold Snap+1"],"relics":["Cracked Core","Incense Burner","Question Card","FossilizedHelix","Kunai","Gambling Chip","Shuriken","Black Star","Bag of Preparation","Orichalcum","Lantern","Potion Belt","Regal Pillow","Meat on the Bone","Bronze Scales","Sozu","Ancient Tea Set","Omamori","Letter Opener","Centennial Puzzle","Bottled Flame","Prayer Wheel","Dream Catcher","Symbiotic Virus","Blue Candle"],"potions_floor_usage":[6,24,50,50,50],"damage_taken":[{"damage":7,"enemies":"Small Slimes","floor":1,"turns":3},{"damage":12,"enemies":"Jaw Worm","floor":3,"turns":4},{"damage":24,"enemies":"Lagavulin","floor":6,"turns":7},{"damage":0,"enemies":"2 Louse","floor":11,"turns":2},{"damage":17,"enemies":"Gremlin Nob","floor":12,"turns":5},{"damage":10,"enemies":"Looter","floor":14,"turns":3},{"damage":0,"enemies":"Hexaghost","floor":16,"turns":9},{"damage":0,"enemies":"3 Byrds","floor":18,"turns":6},{"damage":8,"enemies":"2 Thieves","floor":21,"turns":4},{"damage":0,"enemies":"Snecko","floor":22,"turns":5},{"damage":17,"enemies":"Slavers","floor":24,"turns":6},{"damage":6,"enemies":"Book of Stabbing","floor":27,"turns":5},{"damage":0,"enemies":"Snake Plant","floor":30,"turns":4},{"damage":0,"enemies":"Gremlin Leader","floor":31,"turns":5},{"damage":0,"enemies":"Automaton","floor":33,"turns":10},{"damage":7,"enemies":"3 Shapes","floor":35,"turns":4},{"damage":24,"enemies":"Reptomancer","floor":40,"turns":6},{"damage":0,"enemies":"3 Darklings","floor":41,"turns":6},{"damage":0,"enemies":"Giant Head","floor":42,"turns":8},{"damage":0,"enemies":"Nemesis","floor":45,"turns":7},{"damage":0,"enemies":"Transient","floor":46,"turns":5},{"damage":37,"enemies":"Reptomancer","floor":48,"turns":6},{"damage":23,"enemies":"Time Eater","floor":50,"turns":10}],"seed_played":"1338168887054343623","potions_obtained":[{"floor":1,"key":"Poison Potion"},{"floor":14,"key":"FearPotion"},{"floor":22,"key":"Regen Potion"},{"floor":27,"key":"Ancient Potion"},{"floor":33,"key":"GamblersBrew"}],"is_trial":false,"path_per_floor":["M","?","M","$","?","E","R","?","T","R","M","E","$","M","R","B",null,"M","$","?","M","M","R","E","R","T","E","?","R","M","E","R","B",null,"M","$","?","?","$","E","M","E","T","R","E","M","R","E","R","B",null],"character_chosen":"DEFECT","items_purchased":["Gash","Defragment"],"campfire_rested":2,"item_purchase_floors":[4,13],"current_hp_per_floor":[68,68,56,56,56,32,32,29,29,29,29,12,12,2,2,2,75,75,75,75,67,67,67,64,64,64,58,44,44,44,44,44,44,80,73,73,73,73,73,49,49,49,49,49,49,49,80,43,80,57],"gold":293,"neow_bonus":"ONE_RARE_RELIC","is_prod":false,"is_daily":false,"chose_seed":false,"campfire_upgraded":8,"win_rate":0,"timestamp":1548722873,"path_taken":["M","?","M","?","?","E","R","?","T","R","M","E","?","?","R","BOSS","M","$","?","?","M","R","E","R","T","E","?","R","M","E","R","BOSS","M","$","?","?","?","E","M","E","T","R","E","M","R","E","R","BOSS"],"build_version":"2019-01-23","purchased_purges":3,"victory":true,"max_hp_per_floor":[75,75,75,75,75,75,75,75,75,75,75,75,75,75,75,75,75,75,75,75,75,75,75,75,75,75,75,80,80,80,80,80,80,80,80,80,80,80,80,80,80,80,80,80,80,80,80,80,80,80],"card_choices":[{"not_picked":["Turbo","Leap"],"picked":"Tempest","floor":1},{"not_picked":["Stack","Redo","Ball Lightning"],"picked":"Glacier","floor":3},{"not_picked":["Steam","Compile Driver","Fission"],"picked":"Gash","floor":6},{"not_picked":["Steam","Redo","Cold Snap"],"picked":"Defragment","floor":11},{"not_picked":["Lockon","Redo","Streamline"],"picked":"Gash","floor":12},{"not_picked":["Sweeping Beam","Conserve Battery","Ball Lightning"],"picked":"Go for the Eyes","floor":14},{"not_picked":["All For One","Amplify","Creative AI"],"picked":"Seek","floor":16},{"not_picked":["Conserve Battery","Coolheaded","Storm"],"picked":"Hologram","floor":18},{"not_picked":["Undo","Leap","Recycle","Coolheaded"],"picked":"SKIP","floor":21},{"not_picked":["Doom and Gloom+1","Blizzard","Hologram"],"picked":"Beam Cell+1","floor":22},{"not_picked":["Machine Learning","Self Repair","Chill","Leap"],"picked":"SKIP","floor":24},{"not_picked":["Cold Snap","Static Discharge","Compile Driver","Coolheaded"],"picked":"SKIP","floor":27},{"not_picked":["Compile Driver","Cold Snap","Steam Power"],"picked":"Go for the Eyes","floor":30},{"not_picked":["Skim","Amplify","Stack"],"picked":"Glacier","floor":31},{"not_picked":["Buffer","Thunder Strike","Electrodynamics"],"picked":"Echo Form","floor":33},{"not_picked":["Streamline+1","Lockon","Reprogram","Sweeping Beam"],"picked":"SKIP","floor":35},{"not_picked":["Dark Shackles","Purity","Dramatic Entrance"],"picked":"Deep Breath","floor":38},{"not_picked":["Double Energy","Buffer","Lockon+1"],"picked":"Steam","floor":40},{"not_picked":["Ball Lightning+1","Redo","Glacier"],"picked":"Recycle+1","floor":41},{"not_picked":["Self Repair+1","Steam Power","Reinforced Body"],"picked":"Leap+1","floor":42},{"not_picked":["Loop","Multi-Cast","Steam","Aggregate"],"picked":"SKIP","floor":45},{"not_picked":["Redo+1","Darkness","Turbo+1"],"picked":"Gash+1","floor":46},{"not_picked":["Storm","Consume","Turbo"],"picked":"Undo+1","floor":46},{"not_picked":["Rebound","Stack+1","Consume+1"],"picked":"Steam+1","floor":47},{"not_picked":["Conserve Battery+1","Beam Cell+1","Rip and Tear+1"],"picked":"Gash+1","floor":48},{"not_picked":["Blizzard","Echo Form","Ball Lightning+1"],"picked":"Cold Snap+1","floor":49}],"player_experience":633470,"relics_obtained":[{"floor":6,"key":"FossilizedHelix"},{"floor":9,"key":"Gambling Chip"},{"floor":12,"key":"Shuriken"},{"floor":24,"key":"Bag of Preparation"},{"floor":24,"key":"Orichalcum"},{"floor":26,"key":"Lantern"},{"floor":27,"key":"Potion Belt"},{"floor":27,"key":"Regal Pillow"},{"floor":31,"key":"Meat on the Bone"},{"floor":31,"key":"Bronze Scales"},{"floor":40,"key":"Ancient Tea Set"},{"floor":40,"key":"Omamori"},{"floor":42,"key":"Letter Opener"},{"floor":42,"key":"Centennial Puzzle"},{"floor":43,"key":"Bottled Flame"},{"floor":45,"key":"Prayer Wheel"},{"floor":45,"key":"Dream Catcher"},{"floor":48,"key":"Symbiotic Virus"},{"floor":48,"key":"Blue Candle"}],"event_choices":[{"damage_healed":0,"gold_gain":0,"player_choice":"Box","damage_taken":0,"relics_obtained":["Question Card"],"max_hp_gain":0,"max_hp_loss":0,"event_name":"Big Fish","floor":2,"gold_loss":0,"cards_obtained":["Regret"]},{"damage_healed":0,"gold_gain":0,"player_choice":"Leave","damage_taken":0,"max_hp_gain":0,"max_hp_loss":0,"event_name":"The Cleric","floor":5,"gold_loss":0},{"damage_healed":0,"gold_gain":0,"player_choice":"Success","damage_taken":3,"relics_obtained":["Kunai"],"max_hp_gain":0,"max_hp_loss":0,"event_name":"Scrap Ooze","floor":8,"gold_loss":0},{"damage_healed":0,"gold_gain":0,"player_choice":"Ignored","damage_taken":0,"max_hp_gain":0,"max_hp_loss":0,"event_name":"N\u0027loth","floor":20,"gold_loss":0},{"damage_healed":0,"gold_gain":0,"player_choice":"Shed Blood","damage_taken":19,"max_hp_gain":5,"max_hp_loss":0,"event_name":"Forgotten Altar","floor":28,"gold_loss":0},{"cards_removed":["Go for the Eyes"],"damage_healed":0,"gold_gain":0,"player_choice":"Removed Attack","damage_taken":0,"max_hp_gain":0,"max_hp_loss":0,"event_name":"Falling","floor":37,"gold_loss":0},{"damage_healed":0,"gold_gain":0,"player_choice":"Memory 1","damage_taken":0,"max_hp_gain":0,"max_hp_loss":0,"event_name":"SensoryStone","floor":38,"gold_loss":0}],"is_beta":true,"boss_relics":[{"not_picked":["Pandora\u0027s Box","Coffee Dripper"],"picked":"Black Star"},{"not_picked":["Velvet Choker","Tiny House"],"picked":"Sozu"}],"items_purged_floors":[4,19,36],"is_endless":false,"potions_floor_spawned":[1,14,22,27,33,40,42],"ascension_level":1}