{"gold_per_floor":[116,133,36,49,62,90,90,119,146,146],"floor_reached":10,"playtime":494,"items_purged":["Regret"],"score":113,"play_id":"dcb5e82b-ed17-46f5-8738-93de1b1beaa5","local_time":"20190118211913","is_ascension_mode":true,"campfire_choices":[{"floor":7.0,"key":"REST"}],"neow_cost":"CURSE","seed_source_timestamp":2398481720843,"circlet_count":0,"master_deck":["Defend_G","Defend_G","Defend_G","Defend_G","Defend_G","Strike_G","Strike_G","Strike_G","Strike_G","Strike_G","Survivor","Neutralize","Dagger Throw","Footwork","Underhanded Strike","Dagger Spray","Dodge and Roll","Bullet Time"],"special_seed":0,"relics":["Ring of the Snake","Calipers","Gremlin Horn","Smiling Mask","Art of War"],"potions_floor_usage":[8],"damage_taken":[{"damage":13.0,"enemies":"Cultist","floor":1.0,"turns":6.0},{"damage":0.0,"enemies":"2 Louse","floor":2.0,"turns":4.0},{"damage":2.0,"enemies":"Jaw Worm","floor":4.0,"turns":6.0},{"damage":3.0,"enemies":"Blue Slaver","floor":5.0,"turns":4.0},{"damage":30.0,"enemies":"Gremlin Nob","floor":6.0,"turns":5.0},{"damage":5,"enemies":"3 Sentries","floor":8,"turns":7},{"damage":38,"enemies":"Lagavulin","floor":10,"turns":8}],"seed_played":"8527610335951417296","potions_obtained":[{"floor":2.0,"key":"Explosive Potion"},{"floor":4.0,"key":"AttackPotion"},{"floor":6.0,"key":"Energy Potion"}],"is_trial":false,"path_per_floor":["M","M","$","M","M","E","R","E","T","E"],"character_chosen":"THE_SILENT","items_purchased":["Underhanded Strike"],"campfire_rested":1,"item_purchase_floors":[3],"current_hp_per_floor":[50,50,50,48,45,15,36,31,31,0],"gold":146,"neow_bonus":"ONE_RARE_RELIC","is_prod":false,"is_daily":false,"chose_seed":false,"campfire_upgraded":0,"win_rate":0,"timestamp":1547867953,"path_taken":["M","M","$","M","M","E","R","E","T","E"],"build_version":"2019-01-17v2","purchased_purges":1,"victory":false,"max_hp_per_floor":[70,70,70,70,70,70,70,70,70,70],"card_choices":[{"not_picked":["Cloak And Dagger","Deflect"],"picked":"Dagger Throw","floor":1.0},{"not_picked":["Eviscerate","Backflip"],"picked":"Footwork","floor":2.0},{"not_picked":["Blade Dance","Outmaneuver","Finisher"],"picked":"SKIP","floor":4.0},{"not_picked":["Cloak And Dagger","Flying Knee"],"picked":"Dagger Spray","floor":5.0},{"not_picked":["Calculated Gamble","Bane"],"picked":"Dodge and Roll","floor":6.0},{"not_picked":["Slice","Concentrate"],"picked":"Bullet Time","floor":8}],"player_experience":180240,"relics_obtained":[{"floor":6.0,"key":"Gremlin Horn"},{"floor":8,"key":"Smiling Mask"},{"floor":9,"key":"Art of War"}],"event_choices":[],"is_beta":false,"boss_relics":[],"items_purged_floors":[3],"is_endless":false,"potions_floor_spawned":[2,4,6],"killed_by":"Lagavulin","ascension_level":9}