{"gold_per_floor":[362,362,332,343,16,16,28,28,28,39,39,89,100,127,127,127],"floor_reached":16,"playtime":512,"items_purged":[],"score":175,"play_id":"19ab8a61-385c-42c8-b286-5e64ab09bd9a","local_time":"20190207015028","is_ascension_mode":true,"campfire_choices":[{"data":"Zap","floor":6,"key":"SMITH"},{"data":"Dualcast","floor":8,"key":"SMITH"},{"data":"Streamline","floor":11,"key":"SMITH"},{"data":"FTL","floor":15,"key":"SMITH"}],"neow_cost":"PERCENT_DAMAGE","seed_source_timestamp":2275100967145357,"circlet_count":0,"master_deck":["AscendersBane","Strike_B","Strike_B","Strike_B","Strike_B","Defend_B","Defend_B","Defend_B","Defend_B","Zap+1","Dualcast+1","Streamline+1","Glacier","Reinforced Body","FTL+1","Storm","Conserve Battery","Cold Snap","Compile Driver","Heatsinks"],"relics":["Cracked Core","Strawberry","Potion Belt","Bottled Flame","Meat on the Bone"],"potions_floor_usage":[10,16,16],"damage_taken":[{"damage":4,"enemies":"Small Slimes","floor":1,"turns":4},{"damage":2,"enemies":"2 Louse","floor":4,"turns":2},{"damage":1,"enemies":"Cultist","floor":7,"turns":4},{"damage":0,"enemies":"Looter","floor":10,"turns":3},{"damage":2,"enemies":"Red Slaver","floor":13,"turns":4},{"damage":14,"enemies":"Gremlin Nob","floor":14,"turns":4},{"damage":25,"enemies":"Slime Boss","floor":16,"turns":11}],"seed_played":"-3612695723219329844","potions_obtained":[{"floor":3,"key":"EssenceOfSteel"},{"floor":3,"key":"GamblersBrew"},{"floor":13,"key":"Dexterity Potion"},{"floor":14,"key":"SpeedPotion"}],"is_trial":false,"path_per_floor":["M","?","?","M","$","R","M","R","T","M","R","?","M","E","R","B"],"character_chosen":"DEFECT","items_purchased":["Potion Belt","Reinforced Body","FTL","Storm"],"campfire_rested":0,"item_purchase_floors":[5,5,5,5],"current_hp_per_floor":[42,44,44,42,42,42,41,41,41,41,41,41,39,25,25,0],"gold":127,"neow_bonus":"TWO_FIFTY_GOLD","is_prod":false,"is_daily":false,"chose_seed":false,"campfire_upgraded":4,"win_rate":0,"timestamp":1549522228,"path_taken":["M","?","?","M","$","R","?","R","T","M","R","?","M","E","R","BOSS"],"build_version":"2019-01-23","purchased_purges":0,"victory":false,"max_hp_per_floor":[71,78,78,78,78,78,78,78,78,78,78,78,78,78,78,78],"card_choices":[{"not_picked":["Barrage","Stack"],"picked":"Streamline","floor":1},{"not_picked":["Aggregate","Streamline"],"picked":"Glacier","floor":4},{"not_picked":["Go for the Eyes","Sweeping Beam"],"picked":"Conserve Battery","floor":7},{"not_picked":["Reprogram","Heatsinks"],"picked":"Cold Snap","floor":10},{"not_picked":["Leap","Force Field"],"picked":"Compile Driver","floor":13},{"not_picked":["Steam Power","Streamline"],"picked":"Heatsinks","floor":14}],"player_experience":533520,"relics_obtained":[{"floor":9,"key":"Bottled Flame"},{"floor":14,"key":"Meat on the Bone"}],"event_choices":[{"damage_healed":0,"gold_gain":0,"player_choice":"Success","damage_taken":5,"relics_obtained":["Strawberry"],"max_hp_gain":0,"max_hp_loss":0,"event_name":"Scrap Ooze","floor":2,"gold_loss":0},{"damage_healed":0,"gold_gain":0,"player_choice":"Bought 2 Potions","damage_taken":0,"max_hp_gain":0,"max_hp_loss":0,"event_name":"The Woman in Blue","floor":3,"gold_loss":0},{"damage_healed":0,"gold_gain":50,"player_choice":"Pray","damage_taken":0,"max_hp_gain":0,"max_hp_loss":0,"event_name":"Golden Shrine","floor":12,"gold_loss":0}],"is_beta":false,"boss_relics":[],"items_purged_floors":[],"is_endless":false,"potions_floor_spawned":[13,14],"killed_by":"Slime Boss","ascension_level":15}