{"gold_per_floor":[115,115,126,126,144,144,173,173,173,190,34,51,51,51,51,155,155,168,179,198,211,241,241,241,256,256,268,288,188,188],"floor_reached":30,"playtime":1541,"items_purged":["Strike_R","Second Wind"],"score":294,"play_id":"3a53e94e-b7bf-4eab-8893-71251bacb6fd","local_time":"20190128002822","is_ascension_mode":true,"campfire_choices":[{"data":"Bash","floor":6,"key":"SMITH"},{"floor":8,"key":"REST"},{"floor":15,"key":"REST"},{"data":"Shockwave","floor":23,"key":"SMITH"}],"neow_cost":"NONE","seed_source_timestamp":40436466104969,"circlet_count":0,"master_deck":["Bash+1","Thunderclap","Spot Weakness","Disarm","Battle Trance","Infernal Blade","Immolate","Burning Pact","Burning Pact","Second Wind","Double Tap","Armaments","Immolate","Flame Barrier+1","Shockwave+1","Reaper+1"],"relics":["Burning Blood","NeowsBlessing","Pear","Pen Nib","Pandora\u0027s Box","Tiny Chest","Molten Egg 2"],"potions_floor_usage":[13,16,16,28,28],"damage_taken":[{"damage":0,"enemies":"Jaw Worm","floor":1,"turns":1},{"damage":0,"enemies":"2 Louse","floor":3,"turns":1},{"damage":0,"enemies":"Small Slimes","floor":5,"turns":1},{"damage":82,"enemies":"Lagavulin","floor":7,"turns":9},{"damage":19,"enemies":"3 Louse","floor":10,"turns":2},{"damage":21,"enemies":"Large Slime","floor":12,"turns":4},{"damage":15,"enemies":"Slime Boss","floor":16,"turns":7},{"damage":9,"enemies":"Chosen","floor":18,"turns":6},{"damage":0,"enemies":"Spheric Guardian","floor":19,"turns":1},{"damage":54,"enemies":"Shelled Parasite and Fungi","floor":20,"turns":6},{"damage":14,"enemies":"Cultist and Chosen","floor":21,"turns":4},{"damage":26,"enemies":"Centurion and Healer","floor":25,"turns":4},{"damage":6,"enemies":"Snecko","floor":27,"turns":4},{"damage":16,"enemies":"Chosen and Byrds","floor":28,"turns":9},{"damage":0,"enemies":"Snake Plant","floor":30,"turns":1}],"seed_played":"-7855265753428745047","potions_obtained":[{"floor":7,"key":"SkillPotion"},{"floor":12,"key":"GamblersBrew"},{"floor":13,"key":"Fruit Juice"},{"floor":13,"key":"AttackPotion"},{"floor":16,"key":"Weak Potion"},{"floor":20,"key":"GamblersBrew"}],"is_trial":false,"path_per_floor":["M","?","M","?","M","R","E","R","T","M","$","M","?","$","R","B",null,"M","M","M","M","?","R","?","M","T","M","M","$","M"],"character_chosen":"IRONCLAD","items_purchased":["Battle Trance"],"campfire_rested":2,"item_purchase_floors":[11],"current_hp_per_floor":[80,73,79,84,85,85,19,47,47,34,34,19,24,24,54,45,100,97,100,52,44,44,44,44,24,24,24,14,14,14],"gold":188,"neow_bonus":"THREE_ENEMY_KILL","is_prod":false,"is_daily":false,"chose_seed":false,"campfire_upgraded":2,"win_rate":0,"timestamp":1548602902,"path_taken":["M","?","M","?","M","R","E","R","T","M","$","M","?","$","R","BOSS","M","M","M","?","?","R","?","M","T","M","M","$","M"],"build_version":"2019-01-23","purchased_purges":2,"victory":false,"max_hp_per_floor":[80,80,80,85,85,85,95,95,95,95,95,95,100,100,100,100,100,100,100,100,100,100,100,100,100,100,100,100,100,100],"card_choices":[{"not_picked":["Wild Strike","Havoc"],"picked":"Thunderclap","floor":1},{"not_picked":["Rage","Bloodletting"],"picked":"Spot Weakness","floor":3},{"not_picked":["Heavy Blade","Wild Strike","Iron Wave"],"picked":"SKIP","floor":5},{"not_picked":["Wild Strike","Twin Strike","Rage"],"picked":"SKIP","floor":7},{"not_picked":["Rage","Armaments"],"picked":"Disarm","floor":10},{"not_picked":["Havoc","True Grit"],"picked":"Infernal Blade","floor":12},{"not_picked":["Juggernaut","Feed"],"picked":"Immolate","floor":16},{"not_picked":["Heavy Blade","Infernal Blade"],"picked":"Flame Barrier+1","floor":18},{"not_picked":["Shockwave","Reckless Charge","Intimidate+1"],"picked":"SKIP","floor":19},{"not_picked":["Dual Wield","Iron Wave"],"picked":"Shockwave","floor":20},{"not_picked":["Rupture","Combust+1","Pommel Strike"],"picked":"SKIP","floor":21},{"not_picked":["Twin Strike","Clash","Heavy Blade"],"picked":"SKIP","floor":25},{"not_picked":["Headbutt+1","Anger+1"],"picked":"Reaper+1","floor":27},{"not_picked":["Cleave+1","Warcry","Feel No Pain"],"picked":"SKIP","floor":28}],"player_experience":104346,"relics_obtained":[{"floor":7,"key":"Pear"},{"floor":9,"key":"Pen Nib"},{"floor":26,"key":"Molten Egg 2"}],"event_choices":[{"cards_removed":["Strike_R"],"damage_healed":0,"gold_gain":0,"player_choice":"Card Removal","damage_taken":7,"max_hp_gain":0,"max_hp_loss":0,"event_name":"Golden Wing","floor":2,"gold_loss":0},{"damage_healed":0,"gold_gain":0,"player_choice":"Donut","damage_taken":0,"max_hp_gain":5,"max_hp_loss":0,"event_name":"Big Fish","floor":4,"gold_loss":0},{"damage_healed":0,"gold_gain":0,"player_choice":"Got Potions","damage_taken":0,"max_hp_gain":0,"max_hp_loss":0,"event_name":"Lab","floor":13,"gold_loss":0},{"damage_healed":0,"gold_gain":0,"player_choice":"Opened","damage_taken":0,"relics_obtained":["Tiny Chest"],"max_hp_gain":0,"max_hp_loss":0,"event_name":"The Mausoleum","floor":22,"gold_loss":0},{"damage_healed":0,"gold_gain":0,"player_choice":"Ignored","damage_taken":0,"max_hp_gain":0,"max_hp_loss":0,"event_name":"Vampires","floor":24,"gold_loss":0}],"is_beta":false,"boss_relics":[{"not_picked":["Tiny House","Ectoplasm"],"picked":"Pandora\u0027s Box"}],"items_purged_floors":[11,29],"is_endless":false,"potions_floor_spawned":[7,12,16,20,25],"killed_by":"Snake Plant","ascension_level":3}