{"gold_per_floor":[112,128,7,82,100,100,133,133,156,167,167,177,202,215,215,215],"floor_reached":16,"playtime":1515,"items_purged":["Pain"],"score":132,"play_id":"2996c7f7-0081-411f-b136-62a156f6f0b9","local_time":"20190206133544","is_ascension_mode":true,"campfire_choices":[{"floor":6,"key":"RECALL"},{"floor":8,"key":"REST"},{"data":"Armaments","floor":15,"key":"SMITH"}],"neow_cost":"CURSE","seed_source_timestamp":230595022346079,"circlet_count":0,"master_deck":["Strike_R+1","Strike_R","Strike_R","Strike_R","Strike_R","Defend_R","Defend_R","Defend_R","Defend_R","Bash","Infernal Blade","Seeing Red+1","Armaments","Iron Wave","Shrug It Off","Pommel Strike","Armaments+1","Shrug It Off"],"relics":["Burning Blood","Ancient Tea Set","PreservedInsect"],"potions_floor_usage":[7,7,14,16],"damage_taken":[{"damage":5,"enemies":"Cultist","floor":1,"turns":4},{"damage":17,"enemies":"Jaw Worm","floor":2,"turns":4},{"damage":3,"enemies":"2 Louse","floor":5,"turns":3},{"damage":40,"enemies":"Lagavulin","floor":7,"turns":9},{"damage":0,"enemies":"Exordium Wildlife","floor":10,"turns":4},{"damage":1,"enemies":"Large Slime","floor":12,"turns":9},{"damage":14,"enemies":"Gremlin Gang","floor":14,"turns":5},{"damage":57,"enemies":"Hexaghost","floor":16,"turns":14}],"seed_played":"2252624741427288193","potions_obtained":[{"floor":1,"key":"Ancient Potion"},{"floor":2,"key":"SkillPotion"},{"floor":7,"key":"EssenceOfSteel"},{"floor":12,"key":"Strength Potion"}],"is_trial":false,"path_per_floor":["M","M","$","?","M","R","E","R","T","M","?","M","T","M","R","B"],"character_chosen":"IRONCLAD","items_purchased":["Armaments"],"campfire_rested":1,"item_purchase_floors":[3],"current_hp_per_floor":[96,85,85,76,79,79,45,73,73,79,60,65,65,57,57,0],"gold":215,"neow_bonus":"TWENTY_PERCENT_HP_BONUS","is_prod":false,"is_daily":false,"chose_seed":false,"campfire_upgraded":1,"win_rate":0,"timestamp":1549456544,"path_taken":["M","M","?","?","M","R","E","R","T","?","?","M","?","M","R","BOSS"],"build_version":"2019-01-23","purchased_purges":1,"victory":false,"max_hp_per_floor":[96,96,96,96,96,96,96,96,96,96,96,96,96,96,96,96],"card_choices":[{"not_picked":["Havoc","Thunderclap"],"picked":"Infernal Blade","floor":1},{"not_picked":["Whirlwind","Thunderclap"],"picked":"Seeing Red","floor":2},{"not_picked":["Havoc","Pummel"],"picked":"Iron Wave","floor":5},{"not_picked":["Pommel Strike","Warcry"],"picked":"Shrug It Off","floor":7},{"not_picked":["Burning Pact","Dual Wield"],"picked":"Pommel Strike","floor":10},{"not_picked":["Pommel Strike","Dropkick"],"picked":"Armaments","floor":12},{"not_picked":["Twin Strike","Armaments"],"picked":"Shrug It Off","floor":14}],"player_experience":175154,"relics_obtained":[{"floor":7,"key":"Ancient Tea Set"},{"floor":13,"key":"PreservedInsect"}],"event_choices":[{"damage_healed":0,"gold_gain":75,"player_choice":"Touch","damage_taken":9,"max_hp_gain":0,"max_hp_loss":0,"event_name":"FaceTrader","floor":4,"gold_loss":0},{"damage_healed":0,"gold_gain":0,"player_choice":"Entered Light","damage_taken":19,"max_hp_gain":0,"max_hp_loss":0,"event_name":"Shining Light","floor":11,"gold_loss":0,"cards_upgraded":["Seeing Red","Strike_R"]}],"is_beta":false,"boss_relics":[],"items_purged_floors":[3],"is_endless":false,"potions_floor_spawned":[1,2,7,12],"killed_by":"Hexaghost","ascension_level":1}