{"gold_per_floor":[113,288,288,315,342,384,396,428,466,478,509,535,561,51,51,156,156,167,167,67,67,67,67,33,49,126,126,126,155,155,171,171,269,269,288,367,385,385],"floor_reached":38,"playtime":1492,"items_purged":["Strike_B","Strike_B"],"score":616,"play_id":"98ac7b0e-4c00-409e-8d56-ba67e6f2dba4","local_time":"20181221145731","is_ascension_mode":true,"campfire_choices":[{"floor":7,"key":"REST"},{"data":"Defragment","floor":10,"key":"SMITH"},{"data":"Zap","floor":15,"key":"SMITH"},{"floor":23,"key":"REST"},{"data":"Loop","floor":28,"key":"SMITH"},{"floor":30,"key":"REST"},{"data":"Hologram","floor":32,"key":"SMITH"}],"neow_cost":"NONE","seed_source_timestamp":679742230106281,"circlet_count":0,"master_deck":["AscendersBane","Strike_B","Defend_B","Defend_B","Defend_B","Defend_B","Zap+1","Dualcast","Cold Snap","Streamline+1","Doubt","Compile Driver","Defragment+1","Leap","Beam Cell+1","Undo","Hologram","Hologram+1","Echo Form","Streamline+1","Loop+1","Coolheaded+1","Core Surge","Sweeping Beam","Amplify","BootSequence+1","Steam+1"],"relics":["Cracked Core","MawBank","Vajra","Bag of Marbles","Pear","OrangePellets","Eternal Feather","Whetstone","Letter Opener","Regal Pillow","Coffee Dripper","Pantograph"],"potions_floor_usage":[11,16,29,33,33,35,35,35,35],"damage_taken":[{"damage":1,"enemies":"2 Louse","floor":1,"turns":3},{"damage":7,"enemies":"Jaw Worm","floor":4,"turns":3},{"damage":0,"enemies":"Cultist","floor":5,"turns":4},{"damage":36,"enemies":"Lagavulin","floor":6,"turns":8},{"damage":3,"enemies":"3 Louse","floor":8,"turns":4},{"damage":0,"enemies":"Blue Slaver","floor":11,"turns":1},{"damage":3,"enemies":"Lots of Slimes","floor":12,"turns":4},{"damage":5,"enemies":"Red Slaver","floor":13,"turns":4},{"damage":14,"enemies":"Hexaghost","floor":16,"turns":11},{"damage":4,"enemies":"Chosen","floor":18,"turns":4},{"damage":38,"enemies":"Colosseum Slavers","floor":21,"turns":5},{"damage":20,"enemies":"2 Thieves","floor":25,"turns":4},{"damage":5,"enemies":"Gremlin Leader","floor":29,"turns":5},{"damage":28,"enemies":"Snecko","floor":31,"turns":5},{"damage":64,"enemies":"Automaton","floor":33,"turns":8},{"damage":53,"enemies":"3 Darklings","floor":35,"turns":5},{"damage":1,"enemies":"Orb Walker","floor":37,"turns":4},{"damage":47,"enemies":"Jaw Worm Horde","floor":38,"turns":3}],"seed_played":"-8546495209079016607","potions_obtained":[{"floor":1,"key":"FocusPotion"},{"floor":5,"key":"AttackPotion"},{"floor":8,"key":"AttackPotion"},{"floor":25,"key":"PowerPotion"},{"floor":27,"key":"EntropicBrew"},{"floor":31,"key":"Poison Potion"},{"floor":33,"key":"Poison Potion"}],"is_trial":false,"path_per_floor":["M","?","?","M","M","E","R","M","T","R","M","M","M","$","R","B",null,"M","?","$","?","T","R","$","M","T","?","R","E","R","M","R","B",null,"M","T","M","M"],"character_chosen":"DEFECT","items_purchased":["Pear","OrangePellets","Loop"],"campfire_rested":3,"item_purchase_floors":[14,14,24],"current_hp_per_floor":[67,67,55,48,48,12,34,31,31,31,31,28,23,33,33,19,69,65,49,49,11,11,50,50,30,30,30,42,37,90,62,74,10,70,31,31,30,0],"gold":385,"neow_bonus":"TRANSFORM_CARD","is_prod":false,"is_daily":false,"chose_seed":false,"campfire_upgraded":4,"win_rate":0,"timestamp":1545422251,"path_taken":["M","?","?","M","M","E","R","?","T","R","?","M","M","$","R","BOSS","M","?","$","?","?","R","$","M","T","?","R","E","R","?","R","BOSS","M","?","M","M"],"build_version":"2018-12-20","purchased_purges":2,"victory":false,"max_hp_per_floor":[75,75,75,75,75,75,75,75,75,75,75,75,75,85,85,85,85,85,90,90,90,90,90,90,90,90,90,90,90,90,90,90,90,90,90,90,90,90],"card_choices":[{"not_picked":["Blizzard","BootSequence"],"picked":"Streamline","floor":1},{"not_picked":["Redo","Storm"],"picked":"Compile Driver","floor":4},{"not_picked":["Static Discharge","Steam"],"picked":"Defragment","floor":5},{"not_picked":["Rebound","Fusion"],"picked":"Leap","floor":6},{"not_picked":["White Noise","Streamline"],"picked":"Beam Cell","floor":8},{"not_picked":["Barrage","Stack"],"picked":"Undo","floor":11},{"not_picked":["Ball Lightning","Chill"],"picked":"Hologram","floor":12},{"not_picked":["Ball Lightning","Conserve Battery"],"picked":"Hologram","floor":13},{"not_picked":["Core Surge","Fission"],"picked":"Echo Form","floor":16},{"not_picked":["Coolheaded","Conserve Battery"],"picked":"Streamline+1","floor":18},{"not_picked":["Ball Lightning","Rebound"],"picked":"Coolheaded+1","floor":25},{"not_picked":["Force Field+1","Gash"],"picked":"Core Surge","floor":29},{"not_picked":["Beam Cell","Consume"],"picked":"Sweeping Beam","floor":31},{"not_picked":["Thunder Strike","Multi-Cast"],"picked":"Amplify","floor":33},{"not_picked":["Steam","Streamline"],"picked":"BootSequence+1","floor":35},{"not_picked":["FTL","Darkness+1"],"picked":"Steam+1","floor":37}],"player_experience":418460,"relics_obtained":[{"floor":6,"key":"Vajra"},{"floor":9,"key":"Bag of Marbles"},{"floor":22,"key":"Whetstone"},{"floor":26,"key":"Letter Opener"},{"floor":29,"key":"Regal Pillow"},{"floor":36,"key":"Pantograph"}],"event_choices":[{"damage_healed":0,"gold_gain":175,"player_choice":"AGREE","damage_taken":0,"max_hp_gain":0,"max_hp_loss":0,"event_name":"Liars Game","floor":2,"gold_loss":0,"cards_obtained":["Doubt"]},{"damage_healed":0,"gold_gain":0,"player_choice":"Success","damage_taken":12,"relics_obtained":["MawBank"],"max_hp_gain":0,"max_hp_loss":0,"event_name":"Scrap Ooze","floor":3,"gold_loss":0},{"damage_healed":0,"gold_gain":0,"player_choice":"Shed Blood","damage_taken":21,"max_hp_gain":5,"max_hp_loss":0,"event_name":"Forgotten Altar","floor":19,"gold_loss":0},{"damage_healed":0,"gold_gain":0,"player_choice":"Fight","damage_taken":0,"max_hp_gain":0,"max_hp_loss":0,"event_name":"Colosseum","floor":21,"gold_loss":0},{"damage_healed":0,"gold_gain":0,"player_choice":"Fled From Nobs","damage_taken":0,"max_hp_gain":0,"max_hp_loss":0,"event_name":"Colosseum","floor":21,"gold_loss":0},{"damage_healed":0,"gold_gain":0,"player_choice":"Got Potions","damage_taken":0,"max_hp_gain":0,"max_hp_loss":0,"event_name":"Lab","floor":27,"gold_loss":0}],"is_beta":false,"boss_relics":[{"not_picked":["Lizard Tail","Ectoplasm"],"picked":"Eternal Feather"},{"not_picked":["Cursed Key","Empty Cage"],"picked":"Coffee Dripper"}],"items_purged_floors":[14,20],"is_endless":false,"potions_floor_spawned":[1,5,8,25,31,33],"killed_by":"Jaw Worm Horde","ascension_level":10}