{"gold_per_floor":[118,45,45,58,75,75,95,120,120,120,136,136,136,156,156,258,258,277,547,562,487,500,500],"floor_reached":23,"playtime":738,"items_purged":[],"score":309,"play_id":"94a6d93c-0545-4093-8e23-ddcf6208c5ca","local_time":"20190104173438","is_ascension_mode":true,"campfire_choices":[{"data":"Armaments","floor":6.0,"key":"SMITH"},{"floor":10.0,"key":"REST"},{"data":"Whirlwind","floor":13.0,"key":"SMITH"},{"data":"Uppercut","floor":15.0,"key":"SMITH"}],"neow_cost":"NONE","seed_source_timestamp":0,"circlet_count":0,"master_deck":["AscendersBane","Strike_R+1","Strike_R+1","Strike_R","Strike_R","Strike_R","Defend_R","Defend_R","Defend_R","Defend_R","Offering","Twin Strike","Uppercut+1","Inflame","Armaments+1","Clash","Whirlwind+1","Demon Form","Thunderclap+1","Flex","Sword Boomerang"],"special_seed":0,"relics":["Burning Blood","Pantograph","Torii","Charon\u0027s Ashes","Busted Crown"],"potions_floor_usage":[],"damage_taken":[{"damage":6.0,"enemies":"Cultist","floor":1.0,"turns":4.0},{"damage":2.0,"enemies":"Jaw Worm","floor":4.0,"turns":3.0},{"damage":7.0,"enemies":"2 Louse","floor":5.0,"turns":2.0},{"damage":23.0,"enemies":"Exordium Thugs","floor":7.0,"turns":6.0},{"damage":26.0,"enemies":"3 Sentries","floor":8.0,"turns":6.0},{"damage":0.0,"enemies":"Exordium Wildlife","floor":11.0,"turns":3.0},{"damage":1.0,"enemies":"2 Fungi Beasts","floor":14.0,"turns":3.0},{"damage":32.0,"enemies":"The Guardian","floor":16.0,"turns":9.0},{"damage":12.0,"enemies":"2 Thieves","floor":18.0,"turns":2.0},{"damage":12.0,"enemies":"Chosen","floor":20.0,"turns":3.0},{"damage":8.0,"enemies":"3 Cultists","floor":22.0,"turns":4.0}],"seed_played":"5416662353099005952","potions_obtained":[{"floor":4.0,"key":"SkillPotion"},{"floor":7.0,"key":"Fire Potion"},{"floor":11.0,"key":"Block Potion"},{"floor":20.0,"key":"EntropicBrew"}],"is_trial":false,"path_per_floor":["M","$","?","M","M","R","M","E","T","R","M","?","R","M","R","B",null,"M","?","M","?","M","R"],"character_chosen":"IRONCLAD","items_purchased":["Uppercut"],"campfire_rested":1,"item_purchase_floors":[2],"current_hp_per_floor":[72,72,60,64,63,63,46,26,26,50,56,40,40,45,45,44,71,65,33,27,27,25,25],"gold":500,"neow_bonus":"ONE_RANDOM_RARE_CARD","is_prod":false,"is_daily":false,"chose_seed":false,"campfire_upgraded":3,"win_rate":0,"timestamp":1546641278,"path_taken":["M","$","?","M","M","R","M","E","T","R","M","?","R","M","R","BOSS","M","?","?","?","M","R"],"build_version":"2019-01-03v4","purchased_purges":0,"victory":false,"max_hp_per_floor":[80,80,80,80,80,80,80,80,80,80,80,80,80,80,80,80,80,80,80,80,80,80,80],"card_choices":[{"not_picked":["Shockwave","Armaments"],"picked":"Twin Strike","floor":1.0},{"not_picked":["Flex","Clothesline"],"picked":"Inflame","floor":4.0},{"not_picked":["Second Wind","Uppercut"],"picked":"Armaments","floor":5.0},{"not_picked":["Havoc","Body Slam"],"picked":"Clash","floor":7.0},{"not_picked":["Fire Breathing","Corruption","Wild Strike"],"picked":"SKIP","floor":8.0},{"not_picked":["Body Slam","Cleave"],"picked":"Whirlwind","floor":11.0},{"not_picked":["Immolate","Anger","Rampage"],"picked":"SKIP","floor":14.0},{"not_picked":["Exhume","Juggernaut"],"picked":"Demon Form","floor":16.0},{"not_picked":[],"picked":"Thunderclap+1","floor":18.0},{"not_picked":[],"picked":"Flex","floor":20.0},{"not_picked":[],"picked":"Sword Boomerang","floor":22.0}],"player_experience":599113,"relics_obtained":[{"floor":8.0,"key":"Torii"},{"floor":9.0,"key":"Charon\u0027s Ashes"}],"event_choices":[{"damage_healed":0.0,"max_hp_gain":0.0,"max_hp_loss":0.0,"gold_gain":0.0,"event_name":"Scrap Ooze","player_choice":"Success","floor":3.0,"gold_loss":0.0,"damage_taken":12.0,"relics_obtained":["Pantograph"]},{"damage_healed":0.0,"max_hp_gain":0.0,"max_hp_loss":0.0,"gold_gain":0.0,"event_name":"Shining Light","player_choice":"Entered Light","floor":12.0,"gold_loss":0.0,"damage_taken":16.0,"cards_upgraded":["Strike_R","Strike_R"]},{"damage_healed":0.0,"max_hp_gain":0.0,"max_hp_loss":0.0,"gold_gain":270.0,"event_name":"Knowing Skull","player_choice":"GOLD GOLD GOLD ","floor":19.0,"potions_obtained":[],"gold_loss":0.0,"damage_taken":32.0,"cards_obtained":[]},{"cards_removed":["Bash"],"damage_healed":0.0,"max_hp_gain":0.0,"max_hp_loss":0.0,"gold_gain":0.0,"event_name":"Beggar","player_choice":"Gave Gold","floor":21.0,"gold_loss":75.0,"damage_taken":0.0}],"is_beta":true,"boss_relics":[{"not_picked":["Pandora\u0027s Box","Runic Pyramid"],"picked":"Busted Crown"}],"items_purged_floors":[],"is_endless":false,"potions_floor_spawned":[4,7,11,14,20],"ascension_level":12}