{"gold_per_floor":[112,125,137,137,150,150,183,183,234,260,242],"floor_reached":11,"playtime":367,"items_purged":[],"score":120,"play_id":"1e356756-544a-44db-8c71-bed86c0f4c8d","local_time":"20181201154001","is_ascension_mode":true,"campfire_choices":[{"floor":6,"key":"RECALL"}],"neow_cost":"NONE","seed_source_timestamp":60106997474235,"circlet_count":0,"master_deck":["Strike_B","Strike_B","Strike_B","Defend_B","Defend_B","Defend_B","Defend_B","Zap","Dualcast","Beam Cell","Beam Cell","Rebound","Coolheaded","Redo","Streamline","Echo Form"],"relics":["Cracked Core","NeowsBlessing","Blue Candle","MawBank"],"potions_floor_usage":[7,10],"damage_taken":[{"damage":0,"enemies":"2 Louse","floor":1,"turns":1},{"damage":0,"enemies":"Jaw Worm","floor":2,"turns":1},{"damage":0,"enemies":"Small Slimes","floor":3,"turns":1},{"damage":11,"enemies":"Blue Slaver","floor":5,"turns":3},{"damage":16,"enemies":"Gremlin Nob","floor":7,"turns":3},{"damage":40,"enemies":"Lagavulin","floor":10,"turns":4},{"damage":7,"enemies":"Looter","floor":11,"turns":2}],"seed_played":"8108032563654307165","potions_obtained":[{"floor":5,"key":"Fire Potion"},{"floor":7,"key":"LiquidBronze"}],"is_trial":false,"path_per_floor":["M","M","M","?","M","R","E","?","T","E","M"],"character_chosen":"DEFECT","items_purchased":[],"campfire_rested":0,"item_purchase_floors":[],"current_hp_per_floor":[68,68,68,73,62,62,46,46,46,6,0],"gold":242,"neow_bonus":"THREE_ENEMY_KILL","is_prod":false,"is_daily":false,"chose_seed":false,"campfire_upgraded":0,"win_rate":0,"timestamp":1543678801,"path_taken":["M","M","M","?","M","R","E","?","T","E","M"],"build_version":"2018-11-15","purchased_purges":0,"victory":false,"max_hp_per_floor":[75,75,75,80,80,80,80,80,80,80,80],"card_choices":[{"not_picked":["Go for the Eyes","FTL"],"picked":"Beam Cell","floor":1},{"not_picked":["Barrage","Redo"],"picked":"Beam Cell","floor":2},{"not_picked":["Static Discharge","Steam Power"],"picked":"Rebound","floor":3},{"not_picked":["Barrage","Turbo"],"picked":"Coolheaded","floor":5},{"not_picked":["Steam","Genetic Algorithm"],"picked":"Redo","floor":7},{"not_picked":["Beam Cell","Barrage"],"picked":"Echo Form","floor":10}],"player_experience":931282,"relics_obtained":[{"floor":7,"key":"Blue Candle"},{"floor":10,"key":"MawBank"}],"event_choices":[{"damage_healed":0,"gold_gain":0,"player_choice":"Donut","damage_taken":0,"max_hp_gain":5,"max_hp_loss":0,"event_name":"Big Fish","floor":4,"gold_loss":0},{"damage_healed":0,"gold_gain":0,"cards_transformed":["Strike_B"],"player_choice":"Change","damage_taken":0,"max_hp_gain":0,"max_hp_loss":0,"event_name":"Living Wall","floor":8,"gold_loss":0,"cards_obtained":["Streamline"]}],"is_beta":false,"boss_relics":[],"items_purged_floors":[],"is_endless":false,"potions_floor_spawned":[5,7],"killed_by":"Looter","ascension_level":9}