{"gold_per_floor":[217,25,45,63,75,75,100,100,100,100,120,154,154,185,185,285,285,295,391,454,504,516,516,529,529,578,645,645],"floor_reached":28,"playtime":1194,"items_purged":["Strike_G"],"score":286,"play_id":"2e35ed9e-bfb2-4264-8a09-d54847a6ecb3","local_time":"20181229201835","is_ascension_mode":true,"campfire_choices":[{"floor":6,"key":"RECALL"},{"floor":8,"key":"REST"},{"data":"Catalyst","floor":10,"key":"SMITH"},{"floor":15,"key":"REST"},{"floor":23,"key":"REST"},{"data":"Burst","floor":25,"key":"SMITH"}],"neow_cost":"NONE","seed_source_timestamp":176485266284100,"circlet_count":0,"master_deck":["Defend_G","Defend_G","Defend_G","Defend_G","Defend_G","Strike_G","Strike_G","Survivor","Neutralize","Catalyst+1","Blur","Poisoned Stab","Bouncing Flask","Prepared","Catalyst","Blur","Burst+1","PiercingWail","Catalyst+1","Crippling Poison+1","Poisoned Stab+1"],"relics":["Ring of the Snake","Bottled Lightning","Mercury Hourglass","Odd Mushroom","Molten Egg 2","SsserpentHead","Pear","Empty Cage","Blood Vial","Orichalcum"],"potions_floor_usage":[5,12,22,22,28],"damage_taken":[{"damage":2,"enemies":"Jaw Worm","floor":1,"turns":5},{"damage":4,"enemies":"Small Slimes","floor":3,"turns":4},{"damage":0,"enemies":"Cultist","floor":4,"turns":3},{"damage":20,"enemies":"Lots of Slimes","floor":5,"turns":6},{"damage":12,"enemies":"Lagavulin","floor":7,"turns":5},{"damage":18,"enemies":"The Mushroom Lair","floor":11,"turns":5},{"damage":3,"enemies":"Gremlin Nob","floor":12,"turns":3},{"damage":10,"enemies":"Lagavulin","floor":14,"turns":5},{"damage":13,"enemies":"Hexaghost","floor":16,"turns":6},{"damage":35,"enemies":"3 Byrds","floor":18,"turns":5},{"damage":14,"enemies":"Chosen","floor":20,"turns":5},{"damage":0,"enemies":"Centurion and Healer","floor":22,"turns":7},{"damage":7,"enemies":"3 Cultists","floor":24,"turns":5},{"damage":8,"enemies":"Snecko","floor":27,"turns":4},{"damage":57,"enemies":"Sentry and Sphere","floor":28,"turns":9}],"seed_played":"-4126530017706694302","potions_obtained":[{"floor":1,"key":"EssenceOfSteel"},{"floor":5,"key":"Strength Potion"},{"floor":11,"key":"SpeedPotion"},{"floor":18,"key":"Strength Potion"},{"floor":20,"key":"Explosive Potion"},{"floor":22,"key":"PowerPotion"}],"is_trial":false,"path_per_floor":["M","$","M","M","M","R","E","R","T","R","?","E","?","E","R","B",null,"M","T","M","?","M","R","M","R","T","M","M"],"character_chosen":"THE_SILENT","items_purchased":["Blur","Poisoned Stab"],"campfire_rested":3,"item_purchase_floors":[2,2],"current_hp_per_floor":[68,68,64,64,44,44,32,53,53,53,35,32,32,32,56,43,80,45,45,33,33,35,59,54,54,54,48,0],"gold":645,"neow_bonus":"HUNDRED_GOLD","is_prod":false,"is_daily":false,"chose_seed":false,"campfire_upgraded":2,"win_rate":0,"timestamp":1546111115,"path_taken":["M","$","M","M","M","R","E","R","T","R","?","E","?","E","R","BOSS","M","?","?","?","M","R","M","R","T","?","M"],"build_version":"2018-12-20","purchased_purges":1,"victory":false,"max_hp_per_floor":[70,70,70,70,70,70,70,70,70,70,70,70,70,80,80,80,80,80,80,80,80,80,80,80,80,80,80,80],"card_choices":[{"not_picked":["Riddle With Holes","Dodge and Roll"],"picked":"Catalyst","floor":1},{"not_picked":["Quick Slash","Underhanded Strike"],"picked":"Bouncing Flask","floor":3},{"not_picked":["Dagger Throw","PiercingWail","Riddle With Holes"],"picked":"SKIP","floor":4},{"not_picked":["Reflex","Sucker Punch"],"picked":"Prepared","floor":5},{"not_picked":["Dodge and Roll","Deflect"],"picked":"Catalyst","floor":7},{"not_picked":["Outmaneuver","Finisher","Dagger Throw"],"picked":"SKIP","floor":12},{"not_picked":["Eviscerate+1","Bane+1"],"picked":"Blur","floor":14},{"not_picked":["Doppelganger","Bullet Time"],"picked":"Burst","floor":16},{"not_picked":["Calculated Gamble","Bane+1"],"picked":"PiercingWail","floor":18},{"not_picked":["Dagger Spray+1","Caltrops+1","Bane+1"],"picked":"SKIP","floor":20},{"not_picked":["Cloak And Dagger+1","Accuracy"],"picked":"Crippling Poison+1","floor":22},{"not_picked":["Blur","Dodge and Roll"],"picked":"Poisoned Stab+1","floor":24},{"not_picked":["Endless Agony+1","Flying Knee+1","Sucker Punch+1"],"picked":"SKIP","floor":27}],"player_experience":820694,"relics_obtained":[{"floor":7,"key":"Bottled Lightning"},{"floor":9,"key":"Mercury Hourglass"},{"floor":11,"key":"Odd Mushroom"},{"floor":12,"key":"Molten Egg 2"},{"floor":14,"key":"Pear"},{"floor":19,"key":"Blood Vial"},{"floor":26,"key":"Orichalcum"}],"event_choices":[{"damage_healed":0,"gold_gain":0,"player_choice":"Fought Mushrooms","damage_taken":0,"max_hp_gain":0,"max_hp_loss":0,"event_name":"Mushrooms","floor":11,"gold_loss":0},{"damage_healed":0,"gold_gain":0,"player_choice":"Trade","damage_taken":0,"relics_obtained":["SsserpentHead"],"max_hp_gain":0,"max_hp_loss":0,"event_name":"FaceTrader","floor":13,"gold_loss":0},{"damage_healed":0,"gold_gain":0,"player_choice":"Copied","damage_taken":0,"max_hp_gain":0,"max_hp_loss":0,"event_name":"Duplicator","floor":21,"gold_loss":0,"cards_obtained":["Catalyst"]}],"is_beta":false,"boss_relics":[{"not_picked":["WristBlade","Black Star"],"picked":"Empty Cage"}],"items_purged_floors":[2],"is_endless":false,"potions_floor_spawned":[1,5,11,18,20,22],"killed_by":"Sentry and Sphere","ascension_level":4}