{"gold_per_floor":[118,129,141,141,141,141,170,183,207,236,22,35,35,46,46,142,192,212,48,48,48,48,77,77,87,87,87],"floor_reached":27,"playtime":749,"items_purged":["Strike_G"],"score":301,"play_id":"d992fd6d-2dae-40ac-a1df-56141f7eb6a2","local_time":"20190107213417","is_ascension_mode":true,"campfire_choices":[{"data":"Catalyst","floor":6,"key":"SMITH"},{"floor":15,"key":"REST"},{"floor":24,"key":"REST"}],"neow_cost":"NONE","seed_source_timestamp":502123719654200,"circlet_count":0,"master_deck":["Defend_G","Defend_G","Defend_G","Defend_G","Defend_G","Strike_G","Strike_G","Survivor","Neutralize","Catalyst+1","Deadly Poison","Prepared","All Out Attack","Bane","Deadly Poison","Calculated Gamble","Burst+1","Dash","Crippling Poison","Noxious Fumes","Noxious Fumes","Madness","Shame","Writhe","Deflect+1"],"relics":["Ring of the Snake","Happy Flower","Blood Vial","Potion Belt","Shuriken","Tiny House","Meat on the Bone","Juzu Bracelet","Kunai"],"potions_floor_usage":[7,16,16,18,18,23],"damage_taken":[{"damage":0,"enemies":"2 Louse","floor":1,"turns":3},{"damage":7,"enemies":"Jaw Worm","floor":2,"turns":5},{"damage":4,"enemies":"Cultist","floor":3,"turns":4},{"damage":35,"enemies":"Gremlin Nob","floor":7,"turns":4},{"damage":2,"enemies":"Red Slaver","floor":8,"turns":3},{"damage":2,"enemies":"Lagavulin","floor":10,"turns":4},{"damage":3,"enemies":"Large Slime","floor":12,"turns":2},{"damage":4,"enemies":"2 Fungi Beasts","floor":14,"turns":3},{"damage":19,"enemies":"Hexaghost","floor":16,"turns":6},{"damage":26,"enemies":"2 Thieves","floor":18,"turns":3},{"damage":12,"enemies":"Gremlin Leader","floor":23,"turns":5},{"damage":12,"enemies":"Chosen","floor":25,"turns":6},{"damage":54,"enemies":"Book of Stabbing","floor":27,"turns":4}],"seed_played":"9194667147734912895","potions_obtained":[{"floor":2,"key":"Explosive Potion"},{"floor":3,"key":"PowerPotion"},{"floor":10,"key":"PowerPotion"},{"floor":12,"key":"Energy Potion"},{"floor":17,"key":"Fire Potion"},{"floor":18,"key":"GhostInAJar"}],"is_trial":false,"path_per_floor":["M","M","M","?","?","R","E","M","T","E","$","M","$","M","R","B",null,"M","$","?","$","?","E","R","M","T","E"],"character_chosen":"THE_SILENT","items_purchased":["Burst","Noxious Fumes","Madness"],"campfire_rested":2,"item_purchase_floors":[11,19,19],"current_hp_per_floor":[70,63,59,52,52,52,17,17,17,17,17,16,16,14,35,18,62,38,38,38,38,38,40,62,52,52,0],"gold":87,"neow_bonus":"REMOVE_CARD","is_prod":false,"is_daily":false,"chose_seed":false,"campfire_upgraded":1,"win_rate":0,"timestamp":1546893257,"path_taken":["M","M","M","?","?","R","E","?","T","E","?","M","$","M","R","BOSS","M","$","?","$","?","E","R","M","T","E"],"build_version":"2019-01-03v4","purchased_purges":1,"victory":false,"max_hp_per_floor":[70,70,70,70,70,70,70,70,70,70,70,70,70,70,70,70,75,75,75,75,75,75,75,75,75,75,75],"card_choices":[{"not_picked":["Bane","Flechettes"],"picked":"Catalyst","floor":1},{"not_picked":["Underhanded Strike","Deflect"],"picked":"Deadly Poison","floor":2},{"not_picked":["Dagger Spray","Leg Sweep"],"picked":"Prepared","floor":3},{"not_picked":["Doppelganger","All Out Attack"],"picked":"Bane","floor":7},{"not_picked":["Outmaneuver","Prepared"],"picked":"Deadly Poison","floor":8},{"not_picked":["Heel Hook","Escape Plan"],"picked":"Calculated Gamble","floor":10},{"not_picked":["Bane","Deflect"],"picked":"Dash","floor":12},{"not_picked":["Bouncing Flask","Masterful Stab","Sucker Punch"],"picked":"SKIP","floor":14},{"not_picked":["PiercingWail","Underhanded Strike"],"picked":"Crippling Poison","floor":17},{"not_picked":["Quick Slash","Slice+1"],"picked":"Noxious Fumes","floor":18},{"not_picked":["Heel Hook","Escape Plan+1"],"picked":"Deflect+1","floor":23},{"not_picked":["Dagger Spray+1","Heel Hook","Cloak And Dagger"],"picked":"SKIP","floor":25}],"player_experience":839691,"relics_obtained":[{"floor":7,"key":"Blood Vial"},{"floor":9,"key":"Potion Belt"},{"floor":10,"key":"Shuriken"},{"floor":23,"key":"Kunai"}],"event_choices":[{"damage_healed":0,"gold_gain":0,"player_choice":"Success","damage_taken":7,"relics_obtained":["Happy Flower"],"max_hp_gain":0,"max_hp_loss":0,"event_name":"Scrap Ooze","floor":4,"gold_loss":0},{"damage_healed":0,"gold_gain":0,"cards_transformed":["Strike_G"],"player_choice":"Transformed","damage_taken":0,"max_hp_gain":0,"max_hp_loss":0,"event_name":"Transmorgrifier","floor":5,"gold_loss":0,"cards_obtained":["All Out Attack"]},{"damage_healed":0,"gold_gain":0,"player_choice":"Stole Relic","damage_taken":0,"relics_obtained":["Meat on the Bone"],"max_hp_gain":0,"max_hp_loss":0,"event_name":"Addict","floor":20,"gold_loss":0,"cards_obtained":["Shame"]},{"damage_healed":0,"gold_gain":0,"player_choice":"Opened","damage_taken":0,"relics_obtained":["Juzu Bracelet"],"max_hp_gain":0,"max_hp_loss":0,"event_name":"The Mausoleum","floor":22,"gold_loss":0,"cards_obtained":["Writhe"]}],"is_beta":false,"boss_relics":[{"not_picked":["Fusion Hammer","White Beast Statue"],"picked":"Tiny House"}],"items_purged_floors":[11],"is_endless":false,"potions_floor_spawned":[2,3,10,12,18],"killed_by":"Book of Stabbing","ascension_level":5}