{"gold_per_floor":[111,122,122,122,133,166,12,12,12,46,76,94,94,110,110,212,212,228,244,18,18,18,18,32,42,42,141,156,169,169,8,8,8],"floor_reached":33,"playtime":945,"items_purged":["Defend_R"],"score":334,"play_id":"34a82acf-ab62-4935-b276-2cba52bda509","local_time":"20190202112833","is_ascension_mode":true,"campfire_choices":[{"floor":8.0,"key":"REST"},{"data":"Bash","floor":13.0,"key":"SMITH"},{"data":"True Grit","floor":15.0,"key":"SMITH"},{"data":"Flex","floor":23.0,"key":"SMITH"},{"data":"Double Tap","floor":32,"key":"SMITH"}],"neow_cost":"PERCENT_DAMAGE","seed_source_timestamp":65625497010100,"circlet_count":0,"master_deck":["Strike_R","Strike_R","Strike_R","Strike_R","Strike_R+1","Defend_R","Defend_R","Defend_R","Bash+1","Whirlwind+1","True Grit+1","Perfected Strike","Bludgeon","Flex+1","Twin Strike","Double Tap+1","Flex","Ghostly Armor","Pommel Strike","Reaper"],"special_seed":0,"relics":["Burning Blood","Bird Faced Urn","Du-Vu Doll","Vajra","Paper Frog","Mummified Hand","Velvet Choker","Nunchaku","Bottled Lightning"],"potions_floor_usage":[24,28,33,33],"damage_taken":[{"damage":10.0,"enemies":"Cultist","floor":1.0,"turns":5.0},{"damage":3.0,"enemies":"Small Slimes","floor":2.0,"turns":4.0},{"damage":0.0,"enemies":"2 Louse","floor":5.0,"turns":1.0},{"damage":33.0,"enemies":"Lagavulin","floor":6.0,"turns":7.0},{"damage":13.0,"enemies":"3 Sentries","floor":10.0,"turns":4.0},{"damage":5.0,"enemies":"Blue Slaver","floor":12.0,"turns":4.0},{"damage":8.0,"enemies":"Large Slime","floor":14.0,"turns":6.0},{"damage":30.0,"enemies":"The Guardian","floor":16.0,"turns":13.0},{"damage":2.0,"enemies":"Chosen","floor":18.0,"turns":3.0},{"damage":22.0,"enemies":"3 Byrds","floor":19.0,"turns":4.0},{"damage":14,"enemies":"Centurion and Healer","floor":24,"turns":3},{"damage":7,"enemies":"Cultist and Chosen","floor":25,"turns":4},{"damage":4,"enemies":"Snake Plant","floor":28,"turns":2},{"damage":13,"enemies":"Chosen and Byrds","floor":29,"turns":4},{"damage":85,"enemies":"Champ","floor":33,"turns":7}],"seed_played":"-1936558713497031616","potions_obtained":[{"floor":2.0,"key":"SkillPotion"},{"floor":10.0,"key":"GamblersBrew"},{"floor":14.0,"key":"PowerPotion"},{"floor":18.0,"key":"SpeedPotion"},{"floor":19.0,"key":"Swift Potion"},{"floor":29,"key":"Energy Potion"}],"is_trial":false,"path_per_floor":["M","M","?","?","M","E","$","R","T","E","?","M","R","M","R","B",null,"M","M","$","?","$","R","M","M","T","?","M","M","T","$","R","B"],"character_chosen":"IRONCLAD","items_purchased":["Vajra","Double Tap","Reaper"],"campfire_rested":1,"item_purchase_floors":[7,20,31],"current_hp_per_floor":[47,50,50,34,40,13,13,37,37,30,30,31,31,29,29,7,62,66,50,50,50,50,50,42,41,41,41,43,36,36,36,36,0],"gold":8,"neow_bonus":"ONE_RARE_RELIC","is_prod":false,"is_daily":false,"chose_seed":false,"campfire_upgraded":4,"win_rate":0,"timestamp":1549132113,"path_taken":["M","?","?","?","M","E","?","R","T","E","?","M","R","M","R","BOSS","M","M","$","?","$","R","M","M","T","?","M","M","?","$","R","BOSS"],"build_version":"2019-01-23","purchased_purges":1,"victory":false,"max_hp_per_floor":[80,80,80,80,80,80,80,80,80,80,80,80,80,80,80,80,80,80,80,80,80,80,80,80,80,80,80,80,80,80,80,80,80],"card_choices":[{"not_picked":["Havoc","Wild Strike"],"picked":"Whirlwind","floor":1.0},{"not_picked":["Flame Barrier","Havoc","Clash"],"picked":"SKIP","floor":2.0},{"not_picked":["Havoc","Rupture"],"picked":"True Grit","floor":5.0},{"not_picked":["Thunderclap","Heavy Blade"],"picked":"Perfected Strike","floor":6.0},{"not_picked":["Anger","Havoc","Barricade"],"picked":"SKIP","floor":10.0},{"not_picked":["Thunderclap","Havoc","Heavy Blade"],"picked":"SKIP","floor":12.0},{"not_picked":["Rampage","Warcry","Dropkick"],"picked":"SKIP","floor":14.0},{"not_picked":["Fiend Fire","Impervious"],"picked":"Bludgeon","floor":16.0},{"not_picked":["Havoc","Cleave"],"picked":"Flex","floor":18.0},{"not_picked":["Hemokinesis","Armaments"],"picked":"Twin Strike","floor":19.0},{"not_picked":["Body Slam","Armaments"],"picked":"Flex","floor":24},{"not_picked":["Reckless Charge+1","Body Slam","Dual Wield+1"],"picked":"SKIP","floor":25},{"not_picked":["Body Slam","Fire Breathing"],"picked":"Ghostly Armor","floor":28},{"not_picked":["Evolve+1","Sword Boomerang"],"picked":"Pommel Strike","floor":29}],"player_experience":292202,"relics_obtained":[{"floor":6.0,"key":"Du-Vu Doll"},{"floor":9.0,"key":"Paper Frog"},{"floor":10.0,"key":"Mummified Hand"},{"floor":26,"key":"Nunchaku"},{"floor":30,"key":"Bottled Lightning"}],"event_choices":[{"damage_healed":0.0,"max_hp_gain":0.0,"max_hp_loss":0.0,"gold_gain":0.0,"event_name":"Liars Game","player_choice":"Ignored","floor":3.0,"gold_loss":0.0,"damage_taken":0.0},{"damage_healed":0.0,"max_hp_gain":0.0,"max_hp_loss":0.0,"gold_gain":0.0,"event_name":"Shining Light","player_choice":"Entered Light","floor":4.0,"gold_loss":0.0,"damage_taken":16.0,"cards_upgraded":["Whirlwind","Strike_R"]},{"damage_healed":0.0,"max_hp_gain":0.0,"max_hp_loss":0.0,"gold_gain":30.0,"event_name":"Dead Adventurer","player_choice":"Searched \u00271\u0027 times","floor":11.0,"gold_loss":0.0,"damage_taken":0.0},{"damage_healed":0.0,"max_hp_gain":0.0,"max_hp_loss":0.0,"gold_gain":0.0,"event_name":"Ghosts","player_choice":"Ignored","floor":21.0,"gold_loss":0.0,"damage_taken":0.0},{"damage_healed":0,"gold_gain":99,"player_choice":"Stole From Cult","damage_taken":0,"max_hp_gain":0,"max_hp_loss":0,"event_name":"Nest","floor":27,"gold_loss":0}],"is_beta":false,"boss_relics":[{"not_picked":["Black Blood","Fusion Hammer"],"picked":"Velvet Choker"}],"items_purged_floors":[20],"is_endless":false,"potions_floor_spawned":[2,10,14,18,19,29],"killed_by":"Champ","ascension_level":6}