{"gold_per_floor":[109,109,124,49,62,62,62,62,62,62,82,47,47,69,69,173,173,186,186,186,199,219,232,232,242,242,242,260,92,92,92,92,92],"floor_reached":33,"playtime":1677,"items_purged":["Strike_R","Strike_R"],"score":306,"play_id":"27990941-48fe-4fd5-8bf0-8e0d830666ce","local_time":"20190130203038","is_ascension_mode":true,"campfire_choices":[{"data":"Bash","floor":8,"key":"SMITH"},{"data":"Shrug It Off","floor":10,"key":"SMITH"},{"data":"Wild Strike","floor":13,"key":"SMITH"},{"data":"Body Slam","floor":15,"key":"SMITH"},{"data":"Entrench","floor":27,"key":"SMITH"},{"data":"Second Wind","floor":32,"key":"SMITH"}],"neow_cost":"NONE","seed_source_timestamp":21668641470467,"circlet_count":0,"master_deck":["Strike_R","Strike_R+1","Defend_R+1","Defend_R","Defend_R","Bash+1","Evolve","Shrug It Off+1","Wild Strike+1","Feel No Pain","Body Slam+1","Berserk","Power Through","Entrench+1","Second Wind+1"],"relics":["Burning Blood","Bronze Scales","Odd Mushroom","Velvet Choker","Orichalcum"],"potions_floor_usage":[16,16,16,33,33],"damage_taken":[{"damage":11,"enemies":"2 Louse","floor":1,"turns":3},{"damage":0,"enemies":"Small Slimes","floor":3,"turns":3},{"damage":4,"enemies":"Jaw Worm","floor":5,"turns":3},{"damage":1,"enemies":"2 Fungi Beasts","floor":11,"turns":4},{"damage":16,"enemies":"The Mushroom Lair","floor":14,"turns":4},{"damage":1,"enemies":"Slime Boss","floor":16,"turns":7},{"damage":7,"enemies":"Chosen","floor":18,"turns":4},{"damage":2,"enemies":"Shell Parasite","floor":21,"turns":4},{"damage":18,"enemies":"3 Cultists","floor":22,"turns":7},{"damage":1,"enemies":"Snecko","floor":23,"turns":4},{"damage":15,"enemies":"Chosen and Byrds","floor":25,"turns":4},{"damage":15,"enemies":"Cultist and Chosen","floor":28,"turns":5},{"damage":19,"enemies":"Colosseum Slavers","floor":30,"turns":6},{"damage":35,"enemies":"Collector","floor":33,"turns":4}],"seed_played":"5970408946703500154","potions_obtained":[{"floor":0,"key":"Block Potion"},{"floor":0,"key":"Dexterity Potion"},{"floor":0,"key":"Dexterity Potion"},{"floor":16,"key":"BloodPotion"},{"floor":18,"key":"SpeedPotion"},{"floor":21,"key":"SmokeBomb"},{"floor":25,"key":"Dexterity Potion"}],"is_trial":false,"path_per_floor":["M","?","M","$","M","?","?","R","T","R","M","$","R","?","R","B",null,"M","?","?","M","M","M","?","M","T","R","M","$","?","$","R","B"],"character_chosen":"IRONCLAD","items_purchased":["Feel No Pain","Second Wind"],"campfire_rested":0,"item_purchase_floors":[12,29],"current_hp_per_floor":[67,51,57,57,59,59,52,52,52,52,57,57,57,47,47,52,73,72,72,72,76,64,69,69,60,60,60,51,51,38,38,38,3],"gold":92,"neow_bonus":"THREE_SMALL_POTIONS","is_prod":false,"is_daily":false,"chose_seed":false,"campfire_upgraded":6,"win_rate":0,"timestamp":1548847838,"path_taken":["M","?","M","$","M","?","?","R","T","R","M","$","R","?","R","BOSS","M","?","?","M","M","M","?","M","T","R","M","$","?","?","R","BOSS"],"build_version":"2019-01-23","purchased_purges":2,"victory":false,"max_hp_per_floor":[80,80,80,80,80,80,80,80,80,80,80,80,80,80,80,80,80,80,80,80,80,80,80,80,80,80,80,80,80,80,80,80,80],"card_choices":[{"not_picked":["Battle Trance","Wild Strike"],"picked":"Evolve","floor":1},{"not_picked":["Heavy Blade","Perfected Strike"],"picked":"Shrug It Off","floor":3},{"not_picked":["Brutality","Searing Blow","True Grit"],"picked":"SKIP","floor":5},{"not_picked":["Shrug It Off","Clash"],"picked":"Wild Strike","floor":11},{"not_picked":["Anger","Thunderclap"],"picked":"Body Slam","floor":14},{"not_picked":["Demon Form","Offering"],"picked":"Berserk","floor":16},{"not_picked":["Reckless Charge","Pommel Strike"],"picked":"Power Through","floor":18},{"not_picked":["Intimidate+1","Thunderclap","Iron Wave"],"picked":"SKIP","floor":21},{"not_picked":["Sword Boomerang+1","Rupture+1","Cleave"],"picked":"SKIP","floor":22},{"not_picked":["Iron Wave","Havoc","Sentinel"],"picked":"SKIP","floor":23},{"not_picked":["Pummel","Whirlwind","Clash+1"],"picked":"SKIP","floor":25},{"not_picked":["Flex","Dark Embrace","Shrug It Off"],"picked":"SKIP","floor":28}],"player_experience":130738,"relics_obtained":[{"floor":9,"key":"Bronze Scales"},{"floor":14,"key":"Odd Mushroom"},{"floor":26,"key":"Orichalcum"}],"event_choices":[{"damage_healed":0,"gold_gain":0,"player_choice":"Entered Light","damage_taken":16,"max_hp_gain":0,"max_hp_loss":0,"event_name":"Shining Light","floor":2,"gold_loss":0,"cards_upgraded":["Strike_R","Defend_R"]},{"cards_removed":["Strike_R"],"damage_healed":0,"gold_gain":0,"player_choice":"Forget","damage_taken":0,"max_hp_gain":0,"max_hp_loss":0,"event_name":"Living Wall","floor":6,"gold_loss":0},{"cards_removed":["Defend_R"],"damage_healed":0,"gold_gain":0,"player_choice":"Card Removal","damage_taken":7,"max_hp_gain":0,"max_hp_loss":0,"event_name":"Golden Wing","floor":7,"gold_loss":0},{"damage_healed":0,"gold_gain":0,"player_choice":"Fought Mushrooms","damage_taken":0,"max_hp_gain":0,"max_hp_loss":0,"event_name":"Mushrooms","floor":14,"gold_loss":0},{"damage_healed":0,"gold_gain":0,"player_choice":"Ignored","damage_taken":0,"max_hp_gain":0,"max_hp_loss":0,"event_name":"Ghosts","floor":19,"gold_loss":0},{"damage_healed":0,"gold_gain":0,"player_choice":"Read","damage_taken":0,"max_hp_gain":0,"max_hp_loss":0,"event_name":"The Library","floor":20,"gold_loss":0,"cards_obtained":["Entrench"]},{"damage_healed":0,"gold_gain":0,"player_choice":"Ignored","damage_taken":0,"max_hp_gain":0,"max_hp_loss":0,"event_name":"Vampires","floor":24,"gold_loss":0},{"damage_healed":0,"gold_gain":0,"player_choice":"Fight","damage_taken":0,"max_hp_gain":0,"max_hp_loss":0,"event_name":"Colosseum","floor":30,"gold_loss":0},{"damage_healed":0,"gold_gain":0,"player_choice":"Fled From Nobs","damage_taken":0,"max_hp_gain":0,"max_hp_loss":0,"event_name":"Colosseum","floor":30,"gold_loss":0}],"is_beta":false,"boss_relics":[{"not_picked":["Black Blood","Black Star"],"picked":"Velvet Choker"}],"items_purged_floors":[4,29],"is_endless":false,"potions_floor_spawned":[1,3,5,16,18,21,25],"killed_by":"Collector","ascension_level":6}