{"gold_per_floor":[115,19,37,55,155,181,37,64,64,118,144,144,144,158,158,254,254,265,16,16,39,69,81,93,105,117,75,75,75,91,125,125,229,229,239,339,339,356,376,376,376],"floor_reached":41,"playtime":2378,"items_purged":["Strike_G","Strike_G"],"score":687,"play_id":"e17becc8-bc43-41b5-9a45-579898309681","local_time":"20190113203034","is_ascension_mode":true,"campfire_choices":[{"floor":12,"key":"REST"},{"floor":13,"key":"REST"},{"data":"Blade Dance","floor":15,"key":"SMITH"},{"floor":23,"key":"REST"},{"data":"Night Terror","floor":28,"key":"SMITH"},{"data":"A Thousand Cuts","floor":32,"key":"SMITH"},{"floor":40,"key":"REST"}],"neow_cost":"NONE","seed_source_timestamp":379435744043152,"circlet_count":0,"master_deck":["AscendersBane","Defend_G+1","Defend_G+1","Defend_G+1","Survivor","Neutralize","Backstab","Noxious Fumes","Blade Dance","Quick Slash","Dagger Throw","Malaise","Blade Dance+1","Slice","Glass Knife","Riddle With Holes","Dagger Spray","Night Terror+1","Quick Slash+1","Skewer+1","Backflip+1","Backflip","Cloak And Dagger+1","Endless Agony","Writhe","Choke","Masterful Stab","Blade Dance","Sucker Punch","A Thousand Cuts+1","Bullet Time","Noxious Fumes+1","Blur+1","A Thousand Cuts","Crippling Poison+1"],"relics":["WristBlade","Meat on the Bone","WingedGreaves","Du-Vu Doll","Oddly Smooth Stone","Pantograph","Astrolabe","Bronze Scales","MawBank","Pear","Darkstone Periapt","Ornamental Fan","Tough Bandages"],"potions_floor_usage":[6,16,33,39,39],"damage_taken":[{"damage":11,"enemies":"Jaw Worm","floor":1,"turns":4},{"damage":0,"enemies":"Cultist","floor":3,"turns":2},{"damage":0,"enemies":"Small Slimes","floor":4,"turns":2},{"damage":32,"enemies":"Gremlin Nob","floor":6,"turns":5},{"damage":13,"enemies":"3 Sentries","floor":8,"turns":7},{"damage":12,"enemies":"Lagavulin","floor":11,"turns":5},{"damage":9,"enemies":"2 Fungi Beasts","floor":14,"turns":2},{"damage":32,"enemies":"The Guardian","floor":16,"turns":10},{"damage":0,"enemies":"Chosen","floor":18,"turns":3},{"damage":9,"enemies":"Shell Parasite","floor":21,"turns":3},{"damage":29,"enemies":"Snake Plant","floor":22,"turns":4},{"damage":0,"enemies":"3 Cultists","floor":30,"turns":3},{"damage":19,"enemies":"Gremlin Leader","floor":31,"turns":6},{"damage":70,"enemies":"Automaton","floor":33,"turns":8},{"damage":4,"enemies":"3 Shapes","floor":35,"turns":5},{"damage":20,"enemies":"Mind Bloom Boss Battle","floor":36,"turns":7},{"damage":6,"enemies":"Orb Walker","floor":38,"turns":3},{"damage":13,"enemies":"Spire Growth","floor":39,"turns":3},{"damage":102,"enemies":"Giant Head","floor":41,"turns":8}],"seed_played":"3021416367025489063","potions_obtained":[{"floor":4,"key":"Energy Potion"},{"floor":14,"key":"AttackPotion"},{"floor":18,"key":"AttackPotion"},{"floor":21,"key":"EssenceOfSteel"},{"floor":22,"key":"SteroidPotion"},{"floor":33,"key":"SteroidPotion"}],"is_trial":false,"path_per_floor":["M","$","M","M","?","E","$","E","T","T","E","R","R","M","R","B",null,"M","$","?","M","M","R","?","?","T","$","R","?","M","E","R","B",null,"M","?","?","M","M","R","E"],"character_chosen":"THE_SILENT","items_purchased":["Noxious Fumes","Blade Dance","Blade Dance","Slice","Bronze Scales","Blade Dance"],"campfire_rested":4,"item_purchase_floors":[2,2,7,7,19,27],"current_hp_per_floor":[52,52,52,52,52,20,20,19,19,19,19,40,61,52,52,38,62,62,62,62,53,36,57,67,67,67,67,67,67,67,48,48,15,64,60,60,60,54,41,65,0],"gold":376,"neow_bonus":"BOSS_RELIC","is_prod":false,"is_daily":false,"chose_seed":false,"campfire_upgraded":3,"win_rate":0,"timestamp":1547411434,"path_taken":["M","$","M","M","?","E","?","E","T","?","E","R","R","?","R","BOSS","M","$","?","?","M","R","?","?","T","$","R","?","M","E","R","BOSS","M","?","?","?","?","R","E"],"build_version":"2019-01-10","purchased_purges":2,"victory":false,"max_hp_per_floor":[70,70,70,70,70,70,70,70,70,70,70,70,70,70,70,70,70,70,70,70,70,70,70,80,80,80,80,80,80,80,80,80,80,80,80,80,80,80,80,80,80],"card_choices":[{"not_picked":["PiercingWail","Calculated Gamble"],"picked":"Backstab","floor":1},{"not_picked":["Prepared","Concentrate"],"picked":"Quick Slash","floor":3},{"not_picked":["Skewer","Outmaneuver"],"picked":"Dagger Throw","floor":4},{"not_picked":["Backflip","Dagger Spray"],"picked":"Malaise","floor":6},{"not_picked":["Grand Finale","Expertise"],"picked":"Glass Knife","floor":8},{"not_picked":["Masterful Stab","Backstab"],"picked":"Riddle With Holes","floor":11},{"not_picked":["PiercingWail","Well Laid Plans"],"picked":"Dagger Spray","floor":14},{"not_picked":["Unload","Doppelganger"],"picked":"Night Terror","floor":16},{"not_picked":["Tactician","Slice"],"picked":"Backflip","floor":18},{"not_picked":["Poisoned Stab+1","Skewer"],"picked":"Cloak And Dagger+1","floor":21},{"not_picked":["Poisoned Stab+1","Riddle With Holes"],"picked":"Endless Agony","floor":22},{"not_picked":["Skewer","Backstab"],"picked":"Sucker Punch","floor":30},{"not_picked":["Underhanded Strike","Acrobatics"],"picked":"A Thousand Cuts","floor":31},{"not_picked":["Die Die Die","Malaise"],"picked":"Bullet Time","floor":33},{"not_picked":["Sucker Punch+1","Flying Knee+1"],"picked":"Noxious Fumes+1","floor":35},{"not_picked":["Sucker Punch+1","Underhanded Strike+1"],"picked":"Blur+1","floor":36},{"not_picked":["Setup","Dagger Spray+1","Distraction"],"picked":"SKIP","floor":38},{"not_picked":["Flying Knee+1","Backflip"],"picked":"Crippling Poison+1","floor":39}],"player_experience":1172321,"relics_obtained":[{"floor":6,"key":"Meat on the Bone"},{"floor":8,"key":"WingedGreaves"},{"floor":9,"key":"Du-Vu Doll"},{"floor":10,"key":"Oddly Smooth Stone"},{"floor":11,"key":"Pantograph"},{"floor":26,"key":"Darkstone Periapt"},{"floor":31,"key":"Ornamental Fan"},{"floor":36,"key":"Tough Bandages"}],"event_choices":[{"damage_healed":0,"gold_gain":100,"player_choice":"Pray","damage_taken":0,"max_hp_gain":0,"max_hp_loss":0,"event_name":"Golden Shrine","floor":5,"gold_loss":0},{"damage_healed":0,"gold_gain":0,"player_choice":"Gave Potion","damage_taken":0,"relics_obtained":["MawBank"],"max_hp_gain":0,"max_hp_loss":0,"event_name":"WeMeetAgain","floor":20,"gold_loss":0},{"damage_healed":0,"gold_gain":0,"player_choice":"Opened","damage_taken":0,"relics_obtained":["Pear"],"max_hp_gain":0,"max_hp_loss":0,"event_name":"The Mausoleum","floor":24,"gold_loss":0,"cards_obtained":["Writhe"]},{"damage_healed":0,"gold_gain":0,"cards_transformed":["Defend_G","Defend_G"],"player_choice":"Became Test Subject","damage_taken":0,"max_hp_gain":0,"max_hp_loss":0,"event_name":"Drug Dealer","floor":25,"gold_loss":0,"cards_obtained":["Choke","Masterful Stab"]},{"damage_healed":0,"gold_gain":0,"player_choice":"Simplicity","damage_taken":0,"max_hp_gain":0,"max_hp_loss":0,"event_name":"Back to Basics","floor":29,"gold_loss":0,"cards_upgraded":["Defend_G","Defend_G","Defend_G"]},{"damage_healed":0,"gold_gain":0,"player_choice":"Fight","damage_taken":0,"max_hp_gain":0,"max_hp_loss":0,"event_name":"MindBloom","floor":36,"gold_loss":0},{"damage_healed":0,"gold_gain":0,"player_choice":"1 cards matched","damage_taken":0,"max_hp_gain":0,"max_hp_loss":0,"event_name":"Match and Keep!","floor":37,"gold_loss":0,"cards_obtained":["A Thousand Cuts"]}],"is_beta":false,"boss_relics":[{"not_picked":["Ectoplasm","Empty Cage"],"picked":"Astrolabe"},{"not_picked":["Coffee Dripper","Velvet Choker","Runic Dome"]}],"items_purged_floors":[7,19],"is_endless":false,"potions_floor_spawned":[4,14,18,21,22,33,35,38],"killed_by":"Giant Head","ascension_level":11}