{"gold_per_floor":[113,126,145,25,68,68,243,243,243,243,163,229,262],"floor_reached":13,"playtime":963,"items_purged":[],"score":158,"play_id":"c8520a75-237a-4664-a2a2-794d56103ba9","local_time":"20190203223047","daily_mods":["SealedDeck","Hoarder","Vintage"],"is_ascension_mode":false,"campfire_choices":[{"data":"Sucker Punch","floor":8,"key":"SMITH"},{"data":"Sucker Punch","floor":10,"key":"SMITH"}],"neow_cost":"","seed_source_timestamp":0,"circlet_count":0,"master_deck":["Choke","Choke","Choke","Underhanded Strike","Underhanded Strike","Underhanded Strike","Underhanded Strike","Underhanded Strike","Underhanded Strike","Prepared","Prepared","Prepared","Acrobatics","Acrobatics","Acrobatics","Sucker Punch","Sucker Punch+1","Sucker Punch+1","Dagger Spray","Dagger Spray","Dagger Spray","Dodge and Roll","Dodge and Roll","Dodge and Roll","Cloak And Dagger","Cloak And Dagger","Cloak And Dagger","Backflip","Backflip","Backflip","Blur","Blur","Blur","Footwork","Footwork","Footwork","Doubt","Doubt","Doubt","Endless Agony","Endless Agony","Endless Agony"],"relics":["Ring of the Snake","Paper Crane","FossilizedHelix","Mercury Hourglass","Tiny Chest","Boot"],"potions_floor_usage":[],"damage_taken":[{"damage":0,"enemies":"2 Louse","floor":1,"turns":1},{"damage":0,"enemies":"Small Slimes","floor":2,"turns":2},{"damage":0,"enemies":"Cultist","floor":3,"turns":2},{"damage":0,"enemies":"3 Louse","floor":5,"turns":1},{"damage":0,"enemies":"Gremlin Nob","floor":13,"turns":3}],"seed_played":"-4390689796460213950","potions_obtained":[{"floor":3,"key":"Ancient Potion"},{"floor":5,"key":"SpeedPotion"}],"is_trial":true,"path_per_floor":["M","M","M","$","M","?","?","R","T","R","$","?","E"],"character_chosen":"THE_SILENT","items_purchased":["Blur","Footwork","Endless Agony"],"campfire_rested":0,"item_purchase_floors":[4,4,11],"current_hp_per_floor":[70,70,70,70,70,70,70,70,70,70,70,70,70],"gold":262,"neow_bonus":"","is_prod":false,"is_daily":false,"chose_seed":false,"campfire_upgraded":2,"win_rate":0,"timestamp":1549233047,"path_taken":["M","M","M","$","M","?","?","R","T","R","$","?","E"],"build_version":"2019-01-23","purchased_purges":0,"victory":false,"max_hp_per_floor":[70,70,70,70,70,70,70,70,70,70,70,70,70],"card_choices":[],"player_experience":1270788,"relics_obtained":[{"floor":1,"key":"Paper Crane"},{"floor":2,"key":"FossilizedHelix"},{"floor":3,"key":"Mercury Hourglass"},{"floor":5,"key":"Tiny Chest"},{"floor":13,"key":"Boot"}],"event_choices":[{"damage_healed":0,"gold_gain":0,"player_choice":"Leave","damage_taken":0,"max_hp_gain":0,"max_hp_loss":0,"event_name":"The Cleric","floor":6,"gold_loss":0},{"damage_healed":0,"gold_gain":175,"player_choice":"AGREE","damage_taken":0,"max_hp_gain":0,"max_hp_loss":0,"event_name":"Liars Game","floor":7,"gold_loss":0,"cards_obtained":["Doubt"]},{"damage_healed":0,"gold_gain":66,"player_choice":"Gained Gold","damage_taken":0,"max_hp_gain":0,"max_hp_loss":0,"event_name":"Golden Wing","floor":12,"gold_loss":0}],"is_beta":false,"boss_relics":[],"items_purged_floors":[],"is_endless":false,"potions_floor_spawned":[3,5],"killed_by":"Gremlin Nob","ascension_level":0}