{"gold_per_floor":[119,119,138,138,12,43,63,95,118,118,37,63,63,83,83,83],"floor_reached":16,"playtime":755,"items_purged":["Strike_R"],"score":247,"play_id":"6544e330-4ccb-4400-8ea4-c2ba1d88911d","local_time":"20190118110403","is_ascension_mode":true,"campfire_choices":[{"data":"Cleave","floor":10,"key":"SMITH"},{"floor":13,"key":"REST"},{"data":"Metallicize","floor":15,"key":"SMITH"}],"neow_cost":"NONE","seed_source_timestamp":779094975931803,"circlet_count":0,"master_deck":["AscendersBane","Strike_R","Strike_R","Strike_R","Strike_R","Defend_R+1","Defend_R","Defend_R","Defend_R+1","Bash","Anger","Sword Boomerang","Shrug It Off","Fiend Fire","Cleave+1","Flame Barrier","Metallicize+1"],"relics":["Burning Blood","NeowsBlessing","Juzu Bracelet","War Paint","Centennial Puzzle","Letter Opener","Odd Mushroom"],"potions_floor_usage":[8,12,12],"damage_taken":[{"damage":0,"enemies":"2 Louse","floor":1,"turns":1},{"damage":0,"enemies":"Cultist","floor":3,"turns":1},{"damage":0,"enemies":"Gremlin Nob","floor":6,"turns":1},{"damage":2,"enemies":"Jaw Worm","floor":7,"turns":3},{"damage":32,"enemies":"3 Sentries","floor":8,"turns":7},{"damage":38,"enemies":"Lagavulin","floor":12,"turns":5},{"damage":5,"enemies":"The Mushroom Lair","floor":14,"turns":3},{"damage":52,"enemies":"Slime Boss","floor":16,"turns":5}],"seed_played":"6421350366891864004","potions_obtained":[{"floor":3,"key":"LiquidBronze"},{"floor":6,"key":"FearPotion"},{"floor":8,"key":"AttackPotion"},{"floor":12,"key":"GamblersBrew"}],"is_trial":false,"path_per_floor":["M","?","M","?","$","E","M","E","T","R","$","E","R","?","R","B"],"character_chosen":"IRONCLAD","items_purchased":["Shrug It Off","Flame Barrier"],"campfire_rested":1,"item_purchase_floors":[5,11],"current_hp_per_floor":[74,75,75,75,75,75,75,49,49,49,49,17,39,40,40,0],"gold":83,"neow_bonus":"THREE_ENEMY_KILL","is_prod":false,"is_daily":false,"chose_seed":false,"campfire_upgraded":2,"win_rate":0,"timestamp":1547809443,"path_taken":["M","?","?","?","$","E","M","E","T","R","$","E","R","?","R","BOSS"],"build_version":"2019-01-17","purchased_purges":1,"victory":false,"max_hp_per_floor":[75,75,75,75,75,75,75,75,75,75,75,75,75,75,75,75],"card_choices":[{"not_picked":["Headbutt","Heavy Blade"],"picked":"Anger","floor":1},{"not_picked":["True Grit","Warcry"],"picked":"Sword Boomerang","floor":3},{"not_picked":["Twin Strike","Cleave"],"picked":"Fiend Fire","floor":6},{"not_picked":["Twin Strike","Burning Pact"],"picked":"Cleave","floor":7},{"not_picked":["Warcry","Berserk","Clash"],"picked":"SKIP","floor":8},{"not_picked":["Twin Strike","Bloodletting","Combust"],"picked":"SKIP","floor":12},{"not_picked":["Pommel Strike","Wild Strike"],"picked":"Metallicize","floor":14}],"player_experience":1205660,"relics_obtained":[{"floor":6,"key":"Juzu Bracelet"},{"floor":8,"key":"War Paint"},{"floor":9,"key":"Centennial Puzzle"},{"floor":12,"key":"Letter Opener"},{"floor":14,"key":"Odd Mushroom"}],"event_choices":[{"damage_healed":1,"gold_gain":0,"player_choice":"Full Heal","damage_taken":0,"max_hp_gain":0,"max_hp_loss":0,"event_name":"Wheel of Change","floor":2,"gold_loss":0},{"damage_healed":0,"gold_gain":0,"player_choice":"Leave","damage_taken":0,"max_hp_gain":0,"max_hp_loss":0,"event_name":"The Cleric","floor":4,"gold_loss":0},{"damage_healed":0,"gold_gain":0,"player_choice":"Fought Mushrooms","damage_taken":0,"max_hp_gain":0,"max_hp_loss":0,"event_name":"Mushrooms","floor":14,"gold_loss":0}],"is_beta":false,"boss_relics":[],"items_purged_floors":[5],"is_endless":false,"potions_floor_spawned":[3,6,8,12],"killed_by":"Slime Boss","ascension_level":15}