{"gold_per_floor":[113,130,51,70,83,83,112,125,149,149,169,169,197,212,212,308,308,325,325,335,335,335,335,354,364,364,383,383,383,403,502,502,502],"floor_reached":33,"playtime":2405,"items_purged":[],"score":311,"play_id":"52b44398-85d8-4251-8ffb-78c239a86757","local_time":"20181209140232","is_ascension_mode":false,"campfire_choices":[{"data":"Armaments","floor":6,"key":"SMITH"},{"floor":10,"key":"REST"},{"floor":15,"key":"REST"},{"floor":23,"key":"REST"},{"floor":28,"key":"REST"},{"floor":32,"key":"REST"}],"neow_cost":"NONE","seed_source_timestamp":14453847159921,"circlet_count":0,"master_deck":["Strike_R","Strike_R","Strike_R+1","Strike_R+1","Defend_R","Defend_R","Defend_R","Defend_R","Bash","Heavy Blade","Armaments+1","Clothesline","Uppercut","Heavy Blade","Ghostly Armor","Thunderclap","Offering","Infernal Blade","Impervious","Heavy Blade+1","Heavy Blade+1","Anger","Shrug It Off","Metallicize+1","Flame Barrier","Twin Strike","True Grit+1"],"relics":["Burning Blood","Juzu Bracelet","Whetstone","Art of War","Vajra","White Beast Statue","Bottled Lightning","Strawberry","Prayer Wheel","Nilry\u0027s Codex"],"potions_floor_usage":[13,13,16,20,24,24,25,27,30,33],"damage_taken":[{"damage":11,"enemies":"Jaw Worm","floor":1,"turns":5},{"damage":6,"enemies":"Cultist","floor":2,"turns":3},{"damage":2,"enemies":"Small Slimes","floor":4,"turns":4},{"damage":7,"enemies":"Looter","floor":5,"turns":3},{"damage":59,"enemies":"3 Sentries","floor":7,"turns":10},{"damage":5,"enemies":"Large Slime","floor":8,"turns":6},{"damage":18,"enemies":"Exordium Thugs","floor":11,"turns":7},{"damage":31,"enemies":"Lagavulin","floor":13,"turns":4},{"damage":5,"enemies":"2 Fungi Beasts","floor":14,"turns":4},{"damage":41,"enemies":"The Guardian","floor":16,"turns":9},{"damage":52,"enemies":"2 Thieves","floor":18,"turns":4},{"damage":26,"enemies":"Spheric Guardian","floor":20,"turns":4},{"damage":37,"enemies":"3 Cultists","floor":24,"turns":4},{"damage":27,"enemies":"Chosen and Byrds","floor":25,"turns":6},{"damage":20,"enemies":"Snake Plant","floor":27,"turns":5},{"damage":19,"enemies":"Centurion and Healer","floor":30,"turns":5},{"damage":43,"enemies":"Champ","floor":33,"turns":14}],"seed_played":"-6686254525820558005","potions_obtained":[{"floor":4,"key":"SpeedPotion"},{"floor":5,"key":"SteroidPotion"},{"floor":7,"key":"PowerPotion"},{"floor":16,"key":"Regen Potion"},{"floor":18,"key":"SteroidPotion"},{"floor":20,"key":"Regen Potion"},{"floor":24,"key":"SkillPotion"},{"floor":25,"key":"EssenceOfSteel"},{"floor":27,"key":"PowerPotion"},{"floor":30,"key":"Weak Potion"}],"is_trial":false,"path_per_floor":["M","M","?","M","M","R","E","M","T","R","M","?","E","M","R","B",null,"M","?","M","T","?","R","M","M","T","M","R","?","M","?","R","B"],"character_chosen":"IRONCLAD","items_purchased":[],"campfire_rested":5,"item_purchase_floors":[],"current_hp_per_floor":[83,83,83,87,86,86,33,34,34,60,48,48,23,24,50,15,88,42,42,31,31,38,66,47,26,26,12,40,24,11,11,39,0],"gold":502,"neow_bonus":"TEN_PERCENT_HP_BONUS","is_prod":false,"is_daily":false,"chose_seed":false,"campfire_upgraded":1,"win_rate":0,"timestamp":1544364152,"path_taken":["M","M","?","M","M","R","E","M","T","R","M","?","E","M","R","BOSS","M","?","M","?","?","R","M","M","T","M","R","?","M","?","R","BOSS"],"build_version":"2018-12-06","purchased_purges":0,"victory":false,"max_hp_per_floor":[88,88,88,88,88,88,88,88,88,88,88,88,88,88,88,88,88,88,88,88,88,95,95,95,95,95,95,95,95,95,95,95,95],"card_choices":[{"not_picked":["Second Wind","True Grit"],"picked":"Heavy Blade","floor":1},{"not_picked":["Twin Strike","Clash"],"picked":"Armaments","floor":2},{"not_picked":["Wild Strike","Iron Wave"],"picked":"Clothesline","floor":4},{"not_picked":["Havoc","Headbutt"],"picked":"Uppercut","floor":5},{"not_picked":["Juggernaut","Havoc"],"picked":"Heavy Blade","floor":7},{"not_picked":["Flex","Twin Strike"],"picked":"Ghostly Armor","floor":8},{"not_picked":["Clothesline","Shrug It Off"],"picked":"Thunderclap","floor":11},{"not_picked":["Thunderclap","Twin Strike"],"picked":"Offering","floor":13},{"not_picked":["Entrench","Cleave"],"picked":"Infernal Blade","floor":14},{"not_picked":["Offering","Fiend Fire"],"picked":"Impervious","floor":16},{"not_picked":["Armaments+1","Thunderclap+1"],"picked":"Heavy Blade+1","floor":18},{"not_picked":["Pommel Strike","Clothesline"],"picked":"Anger","floor":20},{"not_picked":["Burning Pact","Hemokinesis"],"picked":"Shrug It Off","floor":24},{"not_picked":["Second Wind","Pommel Strike"],"picked":"Metallicize+1","floor":25},{"not_picked":["Evolve","True Grit+1"],"picked":"Flame Barrier","floor":27},{"not_picked":["Heavy Blade","Carnage"],"picked":"Twin Strike","floor":27},{"not_picked":["Twin Strike+1","Heavy Blade"],"picked":"True Grit+1","floor":30},{"not_picked":["Thunderclap","Clothesline","Headbutt"],"picked":"SKIP","floor":30}],"player_experience":194312,"relics_obtained":[{"floor":7,"key":"Whetstone"},{"floor":9,"key":"Art of War"},{"floor":13,"key":"Vajra"},{"floor":21,"key":"Bottled Lightning"},{"floor":26,"key":"Prayer Wheel"},{"floor":29,"key":"Nilry\u0027s Codex"}],"event_choices":[{"damage_healed":0,"gold_gain":0,"player_choice":"Paid Gold","damage_taken":0,"relics_obtained":["Juzu Bracelet"],"max_hp_gain":0,"max_hp_loss":0,"event_name":"WeMeetAgain","floor":3,"gold_loss":79},{"cards_removed":["Strike_R"],"damage_healed":0,"gold_gain":0,"player_choice":"Purged","damage_taken":0,"max_hp_gain":0,"max_hp_loss":0,"event_name":"Purifier","floor":12,"gold_loss":0},{"damage_healed":0,"gold_gain":0,"player_choice":"Copied","damage_taken":0,"max_hp_gain":0,"max_hp_loss":0,"event_name":"Duplicator","floor":19,"gold_loss":0,"cards_obtained":["Heavy Blade"]},{"damage_healed":0,"gold_gain":0,"player_choice":"Opened","damage_taken":0,"relics_obtained":["Strawberry"],"max_hp_gain":0,"max_hp_loss":0,"event_name":"The Mausoleum","floor":22,"gold_loss":0},{"damage_healed":0,"gold_gain":0,"player_choice":"Obtained Book","damage_taken":16,"max_hp_gain":0,"max_hp_loss":0,"event_name":"Cursed Tome","floor":29,"gold_loss":0},{"damage_healed":0,"gold_gain":99,"player_choice":"Stole From Cult","damage_taken":0,"max_hp_gain":0,"max_hp_loss":0,"event_name":"Nest","floor":31,"gold_loss":0}],"is_beta":false,"boss_relics":[{"not_picked":["Runic Dome","Philosopher\u0027s Stone"],"picked":"White Beast Statue"}],"items_purged_floors":[],"is_endless":false,"potions_floor_spawned":[4,5,7,16,18,20,24,25,27,30],"killed_by":"Champ","ascension_level":0}