{"gold_per_floor":[11,11,11,11,22,22,54,54,78,78,78,93,119,53,53,127,127,140,140,65,165,177,177,210,222,310,340,352,376,423,450,462,546,558,589,601,613,635,657,669,715,727,762,482,482,500,513,527,527,527],"floor_reached":51,"playtime":1820,"items_purged":["Strike_R"],"score":1384,"play_id":"69d874b3-d716-4584-8a8b-581d0ec614b4","local_time":"20190207035742","is_ascension_mode":true,"campfire_choices":[{"data":"Searing Blow","floor":6,"key":"SMITH"},{"data":"Searing Blow+1","floor":8,"key":"SMITH"},{"data":"Searing Blow+2","floor":10,"key":"SMITH"},{"data":"Searing Blow+3","floor":15,"key":"SMITH"},{"data":"Searing Blow+4","floor":23,"key":"SMITH"},{"floor":25,"key":"REST"},{"data":"Searing Blow+5","floor":32,"key":"SMITH"},{"data":"Searing Blow+6","floor":40,"key":"SMITH"},{"data":"Searing Blow+7","floor":42,"key":"SMITH"},{"data":"Searing Blow+8","floor":45,"key":"SMITH"},{"data":"Searing Blow+9","floor":49,"key":"SMITH"}],"neow_cost":"NO_GOLD","seed_source_timestamp":2281416766695271,"circlet_count":0,"master_deck":["AscendersBane","Strike_R+1","Defend_R","Defend_R+1","Defend_R","Defend_R","Bash","Impervious","Searing Blow+10","Warcry","Armaments","Battle Trance+1","True Grit+1","Madness+1","Madness+1","Battle Trance+1","Finesse+1","Dual Wield+1","Dual Wield+1","Impervious+1"],"relics":["Burning Blood","Sundial","Juzu Bracelet","Paper Frog","Velvet Choker","Magic Flower","Toxic Egg 2","MawBank","Frozen Egg 2","Ancient Tea Set","Singing Bowl","Coffee Dripper","Lantern","Strawberry"],"potions_floor_usage":[16,16,30,31,33,33,38,46,47,50,50],"damage_taken":[{"damage":3,"enemies":"Small Slimes","floor":1,"turns":3},{"damage":12,"enemies":"Jaw Worm","floor":5,"turns":2},{"damage":8,"enemies":"Gremlin Nob","floor":7,"turns":4},{"damage":0,"enemies":"2 Louse","floor":12,"turns":2},{"damage":15,"enemies":"Lagavulin","floor":13,"turns":5},{"damage":17,"enemies":"Hexaghost","floor":16,"turns":8},{"damage":4,"enemies":"Chosen","floor":18,"turns":3},{"damage":16,"enemies":"Colosseum Slavers","floor":21,"turns":6},{"damage":2,"enemies":"Colosseum Nobs","floor":21,"turns":4},{"damage":9,"enemies":"2 Thieves","floor":22,"turns":4},{"damage":37,"enemies":"Slavers","floor":24,"turns":5},{"damage":0,"enemies":"Snecko","floor":27,"turns":2},{"damage":9,"enemies":"3 Cultists","floor":29,"turns":5},{"damage":23,"enemies":"Gremlin Leader","floor":30,"turns":4},{"damage":0,"enemies":"Snake Plant","floor":31,"turns":1},{"damage":3,"enemies":"Champ","floor":33,"turns":7},{"damage":33,"enemies":"3 Shapes","floor":35,"turns":4},{"damage":28,"enemies":"3 Darklings","floor":38,"turns":8},{"damage":29,"enemies":"Jaw Worm Horde","floor":39,"turns":5},{"damage":29,"enemies":"Giant Head","floor":41,"turns":6},{"damage":26,"enemies":"Transient","floor":46,"turns":5},{"damage":17,"enemies":"Writhing Mass","floor":47,"turns":2},{"damage":7,"enemies":"3 Darklings","floor":48,"turns":5},{"damage":36,"enemies":"Donu and Deca","floor":50,"turns":7}],"seed_played":"5566996799257783778","potions_obtained":[{"floor":7,"key":"Swift Potion"},{"floor":12,"key":"Weak Potion"},{"floor":22,"key":"Strength Potion"},{"floor":24,"key":"Block Potion"},{"floor":30,"key":"SkillPotion"},{"floor":31,"key":"Strength Potion"},{"floor":35,"key":"Regen Potion"},{"floor":41,"key":"EssenceOfSteel"},{"floor":46,"key":"BloodPotion"},{"floor":47,"key":"AttackPotion"}],"is_trial":false,"path_per_floor":["M","?","?","?","M","R","E","R","T","R","?","M","E","?","R","B",null,"M","?","?","?","M","R","E","R","T","M","?","M","E","M","R","B",null,"M","?","?","M","M","R","E","R","T","$","R","M","M","M","R","B",null],"character_chosen":"IRONCLAD","items_purchased":["BloodPotion","Finesse+1","Dexterity Potion"],"campfire_rested":1,"item_purchase_floors":[44,44,44],"current_hp_per_floor":[71,76,76,52,46,46,44,44,44,44,37,43,34,34,34,23,66,68,68,68,62,62,62,34,58,58,67,67,67,53,64,64,72,81,59,96,79,84,66,66,48,48,55,55,55,53,60,62,62,35],"gold":527,"neow_bonus":"TRANSFORM_TWO_CARDS","is_prod":false,"is_daily":false,"chose_seed":false,"campfire_upgraded":10,"win_rate":0,"timestamp":1549529862,"path_taken":["M","?","?","?","M","R","E","R","T","R","?","M","E","?","R","BOSS","M","?","?","?","M","R","E","R","T","M","?","M","E","M","R","BOSS","M","?","?","M","M","R","E","R","T","$","R","M","M","M","R","BOSS"],"build_version":"2019-01-23","purchased_purges":1,"victory":true,"max_hp_per_floor":[75,80,80,80,80,80,80,80,80,80,80,80,80,80,80,80,80,80,80,80,80,80,80,80,80,80,80,80,80,80,82,82,84,84,86,96,96,96,98,98,100,100,107,107,107,107,107,107,107,107],"card_choices":[{"not_picked":["Perfected Strike","Rage"],"picked":"Rupture","floor":1},{"not_picked":["Thunderclap","Twin Strike"],"picked":"Searing Blow","floor":5},{"not_picked":["Bloodletting","Infernal Blade"],"picked":"Warcry","floor":7},{"not_picked":["Twin Strike","Flame Barrier"],"picked":"Armaments","floor":12},{"not_picked":["Exhume","Evolve","Pummel"],"picked":"SKIP","floor":13},{"not_picked":["Havoc","Clothesline","Sword Boomerang"],"picked":"SKIP","floor":18},{"not_picked":["True Grit+1","Warcry+1"],"picked":"Battle Trance+1","floor":22},{"not_picked":["Reckless Charge","Limit Break+1","Infernal Blade+1"],"picked":"SKIP","floor":24},{"not_picked":["Havoc+1","Flex+1","Rupture+1"],"picked":"SKIP","floor":27},{"not_picked":["Body Slam","Clothesline","Sever Soul"],"picked":"SKIP","floor":29},{"not_picked":["Feel No Pain+1","Havoc+1"],"picked":"True Grit+1","floor":30},{"not_picked":["Demon Form+1","Clothesline+1","Pummel+1"],"picked":"Singing Bowl","floor":31},{"not_picked":["Immolate","Feed","Bludgeon"],"picked":"Singing Bowl","floor":33},{"not_picked":["Clothesline","Headbutt+1","Flex+1"],"picked":"Singing Bowl","floor":35},{"not_picked":["Cleave","Hemokinesis+1"],"picked":"Battle Trance+1","floor":38},{"not_picked":["Anger","Twin Strike+1","Cleave"],"picked":"Singing Bowl","floor":39},{"not_picked":["Flex+1","Uppercut","Seeing Red+1"],"picked":"Singing Bowl","floor":41},{"not_picked":["Spot Weakness+1","Fire Breathing+1"],"picked":"Dual Wield+1","floor":46},{"not_picked":["Seeing Red+1","Twin Strike+1"],"picked":"Dual Wield+1","floor":47},{"not_picked":["Twin Strike+1","Perfected Strike+1"],"picked":"Impervious+1","floor":48}],"player_experience":536989,"relics_obtained":[{"floor":7,"key":"Sundial"},{"floor":9,"key":"Juzu Bracelet"},{"floor":13,"key":"Paper Frog"},{"floor":21,"key":"Magic Flower"},{"floor":21,"key":"Toxic Egg 2"},{"floor":24,"key":"MawBank"},{"floor":26,"key":"Frozen Egg 2"},{"floor":28,"key":"Ancient Tea Set"},{"floor":30,"key":"Singing Bowl"},{"floor":41,"key":"Lantern"},{"floor":43,"key":"Strawberry"}],"event_choices":[{"damage_healed":0,"gold_gain":0,"player_choice":"Donut","damage_taken":0,"max_hp_gain":5,"max_hp_loss":0,"event_name":"Big Fish","floor":2,"gold_loss":0},{"damage_healed":0,"gold_gain":0,"player_choice":"Leave","damage_taken":0,"max_hp_gain":0,"max_hp_loss":0,"event_name":"The Cleric","floor":3,"gold_loss":0},{"damage_healed":0,"gold_gain":0,"player_choice":"Entered Light","damage_taken":24,"max_hp_gain":0,"max_hp_loss":0,"event_name":"Shining Light","floor":4,"gold_loss":0,"cards_upgraded":["Defend_R","Strike_R"]},{"cards_removed":["Rupture"],"damage_healed":0,"gold_gain":0,"player_choice":"Card Removal","damage_taken":7,"max_hp_gain":0,"max_hp_loss":0,"event_name":"Golden Wing","floor":11,"gold_loss":0},{"damage_healed":0,"gold_gain":0,"player_choice":"Left Gold","damage_taken":0,"max_hp_gain":0,"max_hp_loss":0,"event_name":"World of Goop","floor":14,"gold_loss":66},{"damage_healed":0,"gold_gain":0,"player_choice":"Ignored","damage_taken":0,"max_hp_gain":0,"max_hp_loss":0,"event_name":"Vampires","floor":19,"gold_loss":0},{"cards_removed":["Strike_R"],"damage_healed":0,"gold_gain":0,"player_choice":"Gave Gold","damage_taken":0,"max_hp_gain":0,"max_hp_loss":0,"event_name":"Beggar","floor":20,"gold_loss":75},{"damage_healed":0,"gold_gain":0,"player_choice":"Fight","damage_taken":0,"max_hp_gain":0,"max_hp_loss":0,"event_name":"Colosseum","floor":21,"gold_loss":0},{"damage_healed":0,"gold_gain":0,"player_choice":"Fought Nobs","damage_taken":0,"max_hp_gain":0,"max_hp_loss":0,"event_name":"Colosseum","floor":21,"gold_loss":0},{"damage_healed":0,"gold_gain":0,"player_choice":"Relic","damage_taken":0,"max_hp_gain":0,"max_hp_loss":0,"event_name":"Wheel of Change","floor":28,"gold_loss":0},{"cards_removed":["Bludgeon"],"damage_healed":27,"gold_gain":0,"player_choice":"Offered Rare","damage_taken":0,"max_hp_gain":10,"max_hp_loss":0,"event_name":"Bonfire Elementals","floor":36,"gold_loss":0},{"damage_healed":0,"gold_gain":0,"player_choice":"Embrace Madness","damage_taken":17,"max_hp_gain":0,"max_hp_loss":0,"event_name":"Winding Halls","floor":37,"gold_loss":0,"cards_obtained":["Madness","Madness"]}],"is_beta":false,"boss_relics":[{"not_picked":["Runic Cube","Tiny House"],"picked":"Velvet Choker"},{"not_picked":["Black Star","Philosopher\u0027s Stone"],"picked":"Coffee Dripper"}],"items_purged_floors":[44],"is_endless":false,"potions_floor_spawned":[7,12,13,22,24,30,31,35,41,46,47],"ascension_level":15}