{"gold_per_floor":[114,124,134,148,161,195,150,150],"floor_reached":8,"playtime":911,"items_purged":[],"score":63,"play_id":"16446401-356d-4e46-8ea2-3957cd5b58aa","local_time":"20190203012829","is_ascension_mode":true,"campfire_choices":[],"neow_cost":"NONE","seed_source_timestamp":1323151031731422,"circlet_count":0,"master_deck":["Defend_G","Defend_G","Defend_G","Defend_G","Defend_G","Strike_G","Strike_G","Strike_G","Strike_G","Strike_G","Survivor","Neutralize","Fluid Movement","ReplayTheSpireMod:Shiv Toss","Underhanded Strike","Accuracy","Leg Sweep","Underhanded Strike","Dagger Throw"],"relics":["Ring of the Snake","Ginger"],"potions_floor_usage":[4,6],"damage_taken":[{"damage":0,"enemies":"Cultist","floor":1,"turns":4},{"damage":0,"enemies":"Small Slimes","floor":2,"turns":5},{"damage":0,"enemies":"2 Louse","floor":3,"turns":3},{"damage":9,"enemies":"Large Slime","floor":4,"turns":12},{"damage":11,"enemies":"Blue Slaver","floor":5,"turns":6},{"damage":37,"enemies":"3 Sentries","floor":6,"turns":14},{"damage":0,"enemies":"Looter","floor":7,"turns":5}],"seed_played":"-160956014833002673","potions_obtained":[{"floor":3,"key":"Adrenaline Potion"},{"floor":5,"key":"AttackPotion"}],"is_trial":false,"path_per_floor":["M","M","M","M","M","E","M","$"],"character_chosen":"THE_SILENT","items_purchased":[],"campfire_rested":0,"item_purchase_floors":[],"current_hp_per_floor":[77,77,77,68,57,20,20,20],"gold":150,"neow_bonus":"TEN_PERCENT_HP_BONUS","is_prod":false,"is_daily":false,"chose_seed":false,"campfire_upgraded":0,"win_rate":0,"timestamp":1549153709,"path_taken":["M","M","M","M","?","E","M","$"],"build_version":"2019-01-23","purchased_purges":0,"victory":false,"max_hp_per_floor":[77,77,77,77,77,77,77,77],"card_choices":[{"not_picked":["Acrobatics","Calculated Gamble"],"picked":"Fluid Movement","floor":1},{"not_picked":["Replay:Poison Smokescreen","Footwork"],"picked":"ReplayTheSpireMod:Shiv Toss","floor":2},{"not_picked":["Backflip","Deflect"],"picked":"Underhanded Strike","floor":3},{"not_picked":["Fluid Movement","Endless Agony"],"picked":"Accuracy","floor":4},{"not_picked":["Blur","Replay:Poison Smokescreen"],"picked":"Leg Sweep","floor":5},{"not_picked":["Outmaneuver","Masterful Stab"],"picked":"Underhanded Strike","floor":6},{"not_picked":["Deadly Poison","Crippling Poison"],"picked":"Dagger Throw","floor":7}],"player_experience":112360,"relics_obtained":[{"floor":6,"key":"Ginger"}],"event_choices":[],"is_beta":false,"boss_relics":[],"items_purged_floors":[],"is_endless":false,"potions_floor_spawned":[3,5],"ascension_level":1}