{"gold_per_floor":[112,112,126,126,126,161,161,176,233,268,268,301,314,334,334,436,436,456,456,480,494,47,76,76,76],"floor_reached":25,"playtime":19250,"items_purged":[],"score":289,"play_id":"7e50617d-4fc5-400f-b6ea-fa2feed7f42e","local_time":"20190210004225","is_ascension_mode":false,"campfire_choices":[{"data":"Uppercut","floor":7,"key":"SMITH"},{"floor":11,"key":"REST"},{"data":"Intimidate","floor":15,"key":"SMITH"},{"floor":24,"key":"REST"}],"neow_cost":"NONE","seed_source_timestamp":135623485567731,"circlet_count":0,"master_deck":["Strike_R","Strike_R","Strike_R+1","Strike_R","Strike_R","Defend_R","Defend_R","Defend_R","Defend_R+1","Bash","Headbutt","Uppercut+1","Clothesline","Carnage","Normality","Bludgeon","Blood for Blood","Intimidate+1","Cleave","Berserk","Pommel Strike+1","Normality","Infernal Blade+1","Finesse"],"relics":["Cursed Key","Potion Belt","Centennial Puzzle","Tiny Chest","Pen Nib","Regal Pillow","Runic Cube","Enchiridion","Bag of Preparation","PrismaticShard","Paper Frog","Unceasing Top"],"potions_floor_usage":[],"damage_taken":[{"damage":1,"enemies":"2 Louse","floor":1,"turns":3},{"damage":0,"enemies":"Small Slimes","floor":3,"turns":4},{"damage":11,"enemies":"Lagavulin","floor":6,"turns":6},{"damage":0,"enemies":"Jaw Worm","floor":8,"turns":2},{"damage":12,"enemies":"3 Sentries","floor":10,"turns":6},{"damage":14,"enemies":"Gremlin Nob","floor":12,"turns":3},{"damage":8,"enemies":"Exordium Wildlife","floor":13,"turns":3},{"damage":0,"enemies":"Exordium Thugs","floor":14,"turns":3},{"damage":0,"enemies":"Slime Boss","floor":16,"turns":5},{"damage":2,"enemies":"Chosen","floor":18,"turns":3},{"damage":24,"enemies":"Shell Parasite","floor":21,"turns":4},{"damage":37,"enemies":"Gremlin Leader","floor":23,"turns":6},{"damage":44,"enemies":"Slavers","floor":25,"turns":3}],"seed_played":"-2536880868049242147","potions_obtained":[{"floor":6,"key":"EssenceOfSteel"},{"floor":8,"key":"SteroidPotion"},{"floor":13,"key":"Poison Potion"}],"is_trial":false,"path_per_floor":["M","?","M","?","$","E","R","M","T","E","R","E","M","M","R","B",null,"M","?","T","M","$","E","R","E"],"character_chosen":"IRONCLAD","items_purchased":["PrismaticShard","Paper Frog"],"campfire_rested":2,"item_purchase_floors":[22,22],"current_hp_per_floor":[79,67,67,51,51,40,40,40,40,28,52,38,30,30,30,30,80,78,62,62,38,38,1,40,0],"gold":76,"neow_bonus":"BOSS_RELIC","is_prod":false,"is_daily":false,"chose_seed":false,"campfire_upgraded":2,"win_rate":0.0,"timestamp":1549755745,"path_taken":["M","?","M","?","$","E","R","?","T","E","R","E","M","M","R","BOSS","M","?","?","?","$","E","R","E"],"build_version":"2019-01-23","purchased_purges":0,"victory":false,"max_hp_per_floor":[80,80,80,80,80,80,80,80,80,80,80,80,80,80,80,80,80,80,80,80,80,80,80,80,80],"card_choices":[{"not_picked":["Evolve","Searing Blow"],"picked":"Headbutt","floor":1},{"not_picked":["Sword Boomerang","Cleave"],"picked":"Uppercut","floor":3},{"not_picked":["Cleave","Havoc"],"picked":"Clothesline","floor":6},{"not_picked":["Searing Blow","Hemokinesis"],"picked":"Carnage","floor":8},{"not_picked":["Iron Wave","Spot Weakness"],"picked":"Bludgeon","floor":10},{"not_picked":["Sword Boomerang","Power Through"],"picked":"Blood for Blood","floor":12},{"not_picked":["Sever Soul","Anger"],"picked":"Intimidate","floor":13},{"not_picked":["Combust","Hemokinesis"],"picked":"Cleave","floor":14},{"not_picked":["Reaper","Exhume"],"picked":"Berserk","floor":16},{"not_picked":["Feel No Pain","Thunderclap"],"picked":"Pommel Strike+1","floor":18},{"not_picked":["Perfected Strike","Pommel Strike"],"picked":"Infernal Blade+1","floor":21},{"not_picked":["Dodge and Roll","Rebound"],"picked":"Finesse","floor":23}],"player_experience":92821,"relics_obtained":[{"floor":6,"key":"Centennial Puzzle"},{"floor":9,"key":"Tiny Chest"},{"floor":10,"key":"Pen Nib"},{"floor":12,"key":"Regal Pillow"},{"floor":19,"key":"Enchiridion"},{"floor":20,"key":"Bag of Preparation"},{"floor":23,"key":"Unceasing Top"}],"event_choices":[{"damage_healed":0,"gold_gain":0,"player_choice":"Success","damage_taken":12,"relics_obtained":["Potion Belt"],"max_hp_gain":0,"max_hp_loss":0,"event_name":"Scrap Ooze","floor":2,"gold_loss":0},{"damage_healed":0,"gold_gain":0,"player_choice":"Entered Light","damage_taken":16,"max_hp_gain":0,"max_hp_loss":0,"event_name":"Shining Light","floor":4,"gold_loss":0,"cards_upgraded":["Defend_R","Strike_R"]},{"damage_healed":0,"gold_gain":0,"player_choice":"Obtained Book","damage_taken":16,"max_hp_gain":0,"max_hp_loss":0,"event_name":"Cursed Tome","floor":19,"gold_loss":0}],"is_beta":false,"boss_relics":[{"not_picked":["Busted Crown","Runic Pyramid"],"picked":"Runic Cube"}],"items_purged_floors":[],"is_endless":false,"potions_floor_spawned":[6,8,10,13],"killed_by":"Slavers","ascension_level":0}