{"gold_per_floor":[114,133,208,59,75,108,128,128,128,143,143,161,178,190,190,289,289,307,78,91,15,15,15,114,39,119,119,136,136,136,156,156,156],"floor_reached":33,"playtime":3653,"items_purged":["Strike_G","Defend_G"],"score":374,"play_id":"685e1cb9-614a-4fda-acf5-167b98d370fc","local_time":"20181224171820","is_ascension_mode":true,"campfire_choices":[{"data":"Footwork","floor":15,"key":"SMITH"},{"data":"Adrenaline","floor":23,"key":"SMITH"},{"data":"Leg Sweep","floor":27,"key":"SMITH"},{"data":"Backflip","floor":29,"key":"SMITH"},{"data":"Catalyst","floor":32,"key":"SMITH"}],"neow_cost":"NONE","seed_source_timestamp":410689750930598,"circlet_count":0,"master_deck":["AscendersBane","Defend_G","Defend_G","Survivor","Neutralize","Poisoned Stab","Bouncing Flask","Footwork+1","Cloak And Dagger","Leg Sweep+1","Quick Slash","Skewer","Dodge and Roll","Dodge and Roll","Adrenaline+1","Night Terror+1","Malaise+1","Skewer+1","All Out Attack","Caltrops","Backflip+1","PiercingWail","Bouncing Flask","Noxious Fumes+1","PiercingWail","Catalyst+1","Tactician"],"relics":["Coffee Dripper","Bag of Preparation","Anchor","Astrolabe","Frozen Egg 2","Mummified Hand"],"potions_floor_usage":[6,16,16,33],"damage_taken":[{"damage":0,"enemies":"Cultist","floor":1,"turns":4},{"damage":4,"enemies":"Small Slimes","floor":2,"turns":4},{"damage":0,"enemies":"Jaw Worm","floor":5,"turns":3},{"damage":6,"enemies":"Lagavulin","floor":6,"turns":7},{"damage":0,"enemies":"Blue Slaver","floor":7,"turns":4},{"damage":0,"enemies":"3 Louse","floor":10,"turns":3},{"damage":5,"enemies":"Lots of Slimes","floor":12,"turns":5},{"damage":2,"enemies":"Looter","floor":13,"turns":3},{"damage":0,"enemies":"Blue Slaver","floor":14,"turns":4},{"damage":41,"enemies":"Slime Boss","floor":16,"turns":12},{"damage":4,"enemies":"3 Byrds","floor":18,"turns":7},{"damage":14,"enemies":"Chosen","floor":20,"turns":6},{"damage":0,"enemies":"Centurion and Healer","floor":28,"turns":5},{"damage":0,"enemies":"Snake Plant","floor":31,"turns":3},{"damage":52,"enemies":"Collector","floor":33,"turns":7}],"seed_played":"2001408873577353541","potions_obtained":[{"floor":1,"key":"Dexterity Potion"},{"floor":6,"key":"SteroidPotion"},{"floor":7,"key":"Swift Potion"},{"floor":20,"key":"Explosive Potion"}],"is_trial":false,"path_per_floor":["M","M","?","$","M","E","M","?","T","M","?","M","M","M","R","B",null,"M","$","M","$","?","R","?","$","T","R","M","R","?","M","R","B"],"character_chosen":"THE_SILENT","items_purchased":["Footwork","Caltrops","Backflip","Bouncing Flask","Noxious Fumes+1"],"campfire_rested":0,"item_purchase_floors":[4,19,19,21,25],"current_hp_per_floor":[63,59,48,48,48,42,42,35,35,35,58,53,51,51,51,10,55,51,51,37,37,37,37,37,37,37,37,37,37,37,37,37,0],"gold":156,"neow_bonus":"BOSS_RELIC","is_prod":false,"is_daily":false,"chose_seed":false,"campfire_upgraded":5,"win_rate":0,"timestamp":1545671900,"path_taken":["M","M","?","$","M","E","M","?","T","M","?","M","M","M","R","BOSS","M","$","M","$","?","R","?","$","T","R","M","R","?","M","R","BOSS"],"build_version":"2018-12-20","purchased_purges":2,"victory":false,"max_hp_per_floor":[70,70,70,70,70,70,70,70,70,70,70,70,70,70,70,70,70,70,70,70,70,70,70,70,70,70,70,70,70,70,70,70,70],"card_choices":[{"not_picked":["Endless Agony","Acrobatics"],"picked":"Poisoned Stab","floor":1},{"not_picked":["PiercingWail","Flying Knee"],"picked":"Bouncing Flask","floor":2},{"not_picked":["Dodge and Roll","Dagger Throw"],"picked":"Cloak And Dagger","floor":5},{"not_picked":["Calculated Gamble","Setup"],"picked":"Leg Sweep","floor":6},{"not_picked":["Expertise","Underhanded Strike"],"picked":"Quick Slash","floor":7},{"not_picked":["Outmaneuver","Bane"],"picked":"Skewer","floor":10},{"not_picked":["Backstab","Acrobatics"],"picked":"Dodge and Roll","floor":12},{"not_picked":["Tactician","Prepared","Bane"],"picked":"SKIP","floor":13},{"not_picked":["Acrobatics","Masterful Stab"],"picked":"Dodge and Roll","floor":14},{"not_picked":["Grand Finale","Envenom"],"picked":"Adrenaline","floor":16},{"not_picked":["Terror+1","Outmaneuver+1"],"picked":"All Out Attack","floor":18},{"not_picked":["Well Laid Plans","Quick Slash"],"picked":"PiercingWail","floor":20},{"not_picked":["Bane","Distraction+1"],"picked":"PiercingWail","floor":28},{"not_picked":["Distraction","Dagger Throw","Outmaneuver"],"picked":"SKIP","floor":31}],"player_experience":1079871,"relics_obtained":[{"floor":6,"key":"Bag of Preparation"},{"floor":9,"key":"Anchor"},{"floor":26,"key":"Mummified Hand"}],"event_choices":[{"damage_healed":0,"gold_gain":75,"player_choice":"Gather Gold","damage_taken":11,"max_hp_gain":0,"max_hp_loss":0,"event_name":"World of Goop","floor":3,"gold_loss":0},{"cards_removed":["Strike_G"],"damage_healed":0,"gold_gain":0,"player_choice":"Card Removal","damage_taken":7,"max_hp_gain":0,"max_hp_loss":0,"event_name":"Golden Wing","floor":8,"gold_loss":0},{"damage_healed":23,"gold_gain":0,"player_choice":"Banana","damage_taken":0,"max_hp_gain":0,"max_hp_loss":0,"event_name":"Big Fish","floor":11,"gold_loss":0},{"damage_healed":0,"gold_gain":0,"player_choice":"Opened","damage_taken":0,"relics_obtained":["Frozen Egg 2"],"max_hp_gain":0,"max_hp_loss":0,"event_name":"The Mausoleum","floor":22,"gold_loss":0},{"damage_healed":0,"gold_gain":99,"player_choice":"Stole From Cult","damage_taken":0,"max_hp_gain":0,"max_hp_loss":0,"event_name":"Nest","floor":24,"gold_loss":0},{"damage_healed":0,"gold_gain":0,"cards_transformed":["Defend_G","Defend_G"],"player_choice":"Became Test Subject","damage_taken":0,"max_hp_gain":0,"max_hp_loss":0,"event_name":"Drug Dealer","floor":30,"gold_loss":0,"cards_obtained":["Catalyst","Tactician"]}],"is_beta":false,"boss_relics":[{"not_picked":["HoveringKite","Fusion Hammer"],"picked":"Astrolabe"}],"items_purged_floors":[4,19],"is_endless":false,"potions_floor_spawned":[1,6,7,20],"killed_by":"Collector","ascension_level":10}