{"gold_per_floor":[117,67,87,103,103,103,115,115,142,158,158,191,211,225,225,299,299,315,332,431,19,19,52,52],"floor_reached":24,"playtime":1014,"items_purged":[],"score":371,"play_id":"975874a7-0533-40dc-a50e-ff1150d4a178","local_time":"20190109172134","is_ascension_mode":true,"campfire_choices":[{"floor":6,"key":"REST"},{"data":"Turbo","floor":11,"key":"SMITH"},{"data":"Reinforced Body","floor":15,"key":"SMITH"}],"neow_cost":"NONE","seed_source_timestamp":1466397552076389,"circlet_count":0,"master_deck":["AscendersBane","Zap+1","Dualcast+1","Compile Driver","Turbo+1","Meteor Strike+1","Reinforced Body+1","Beam Cell","Fission","Skim","FTL","FTL","Hyperbeam","Sunder","Barrage","Force Field","Skim","Conserve Battery","Reboot","Beam Cell","Capacitor"],"relics":["Cracked Core","Potion Belt","Whetstone","Omamori","Pandora\u0027s Box","Unceasing Top","Happy Flower"],"potions_floor_usage":[12,16,23,23,24],"damage_taken":[{"damage":1,"enemies":"Cultist","floor":1,"turns":4},{"damage":0,"enemies":"Small Slimes","floor":3,"turns":3},{"damage":1,"enemies":"2 Louse","floor":4,"turns":2},{"damage":5,"enemies":"Red Slaver","floor":7,"turns":4},{"damage":9,"enemies":"Looter","floor":10,"turns":3},{"damage":2,"enemies":"Gremlin Nob","floor":12,"turns":3},{"damage":0,"enemies":"Large Slime","floor":13,"turns":5},{"damage":5,"enemies":"3 Louse","floor":14,"turns":2},{"damage":28,"enemies":"The Guardian","floor":16,"turns":12},{"damage":33,"enemies":"Shell Parasite","floor":18,"turns":4},{"damage":6,"enemies":"3 Byrds","floor":19,"turns":2},{"damage":18,"enemies":"Gremlin Leader","floor":23,"turns":2},{"damage":6,"enemies":"Sentry and Sphere","floor":24,"turns":4}],"seed_played":"3738415612511289302","potions_obtained":[{"floor":1,"key":"GamblersBrew"},{"floor":3,"key":"LiquidBronze"},{"floor":13,"key":"PowerPotion"},{"floor":14,"key":"EntropicBrew"}],"is_trial":false,"path_per_floor":["M","?","M","M","?","R","M","?","T","M","R","E","M","M","R","B",null,"M","M","?","$","?","E","M"],"character_chosen":"DEFECT","items_purchased":["Reboot","Unceasing Top","Beam Cell"],"campfire_rested":1,"item_purchase_floors":[21,21,21],"current_hp_per_floor":[63,63,63,62,48,69,64,64,64,55,55,53,53,48,48,20,58,25,19,19,19,19,1,0],"gold":52,"neow_bonus":"UPGRADE_CARD","is_prod":false,"is_daily":false,"chose_seed":false,"campfire_upgraded":2,"win_rate":0,"timestamp":1547072494,"path_taken":["M","?","M","M","?","R","M","?","T","M","R","E","?","M","R","BOSS","M","M","?","$","?","E","M"],"build_version":"2019-01-03v4","purchased_purges":0,"victory":false,"max_hp_per_floor":[71,71,71,71,71,71,71,71,71,71,71,71,71,71,71,71,71,71,71,71,71,71,71,71],"card_choices":[{"not_picked":["Consume","Steam"],"picked":"Aggregate","floor":1},{"not_picked":["Cold Snap","Stack"],"picked":"Compile Driver","floor":3},{"not_picked":["Leap","Hologram"],"picked":"Turbo","floor":4},{"not_picked":["Go for the Eyes","Chaos"],"picked":"Meteor Strike","floor":7},{"not_picked":["Stack","Compile Driver","Rebound"],"picked":"SKIP","floor":10},{"not_picked":["Streamline","Rebound","Scrape"],"picked":"SKIP","floor":12},{"not_picked":["Gash","Lockon"],"picked":"Reinforced Body","floor":13},{"not_picked":["FTL","Hologram"],"picked":"Beam Cell","floor":14},{"not_picked":["Core Surge","Buffer"],"picked":"Fission","floor":16},{"not_picked":["Barrage","Beam Cell"],"picked":"Skim","floor":18},{"not_picked":["Reinforced Body","Loop"],"picked":"Conserve Battery","floor":19},{"not_picked":["Thunder Strike","Loop"],"picked":"Capacitor","floor":23}],"player_experience":501017,"relics_obtained":[{"floor":9,"key":"Whetstone"},{"floor":12,"key":"Omamori"},{"floor":23,"key":"Happy Flower"}],"event_choices":[{"cards_removed":["Strike_B"],"damage_healed":0,"gold_gain":0,"player_choice":"Card Removal","damage_taken":0,"max_hp_gain":0,"max_hp_loss":0,"event_name":"The Cleric","floor":2,"gold_loss":50},{"damage_healed":0,"gold_gain":0,"player_choice":"Entered Light","damage_taken":14,"max_hp_gain":0,"max_hp_loss":0,"event_name":"Shining Light","floor":5,"gold_loss":0,"cards_upgraded":["Dualcast","Defend_B"]},{"cards_removed":["Aggregate"],"damage_healed":0,"gold_gain":0,"player_choice":"Gave Card","damage_taken":0,"relics_obtained":["Potion Belt"],"max_hp_gain":0,"max_hp_loss":0,"event_name":"WeMeetAgain","floor":8,"gold_loss":0},{"damage_healed":0,"gold_gain":99,"player_choice":"Stole From Cult","damage_taken":0,"max_hp_gain":0,"max_hp_loss":0,"event_name":"Nest","floor":20,"gold_loss":0},{"damage_healed":0,"gold_gain":0,"player_choice":"Ignored","damage_taken":0,"max_hp_gain":0,"max_hp_loss":0,"event_name":"Vampires","floor":22,"gold_loss":0}],"is_beta":false,"boss_relics":[{"not_picked":["Black Star","Runic Dome"],"picked":"Pandora\u0027s Box"}],"items_purged_floors":[],"is_endless":false,"potions_floor_spawned":[1,3,13,14],"killed_by":"Sentry and Sphere","ascension_level":14}