{"gold_per_floor":[144,191,206,216,231,231,266,284,284,296,75,85,55],"floor_reached":13,"playtime":738,"items_purged":["Strike_B"],"score":147,"play_id":"81cfb95c-f911-48a6-9d39-762725161ccb","local_time":"20190118210105","is_ascension_mode":true,"campfire_choices":[{"data":"White Noise","floor":6,"key":"SMITH"}],"neow_cost":"NONE","seed_source_timestamp":814938315237919,"circlet_count":0,"master_deck":["AscendersBane","Strike_B","Strike_B","Strike_B","Defend_B","Defend_B","Defend_B","Defend_B","Zap","Dualcast","White Noise+1","Gash","Go for the Eyes","Steam","Melter","Seek","Compile Driver","FTL","Coolheaded","Ball Lightning","Ball Lightning"],"relics":["Cracked Core","Tiny Chest","PreservedInsect","Kunai","Bottled Lightning"],"potions_floor_usage":[],"damage_taken":[{"damage":6,"enemies":"Cultist","floor":1,"turns":4},{"damage":3,"enemies":"Small Slimes","floor":3,"turns":3},{"damage":3,"enemies":"2 Louse","floor":4,"turns":2},{"damage":11,"enemies":"2 Fungi Beasts","floor":5,"turns":3},{"damage":5,"enemies":"3 Sentries","floor":7,"turns":3},{"damage":27,"enemies":"Lots of Slimes","floor":8,"turns":5},{"damage":4,"enemies":"Exordium Wildlife","floor":10,"turns":3},{"damage":8,"enemies":"Exordium Thugs","floor":12,"turns":5},{"damage":4,"enemies":"Looter","floor":13,"turns":2}],"seed_played":"-4327333282327897497","potions_obtained":[{"floor":1,"key":"Ancient Potion"},{"floor":4,"key":"SpeedPotion"}],"is_trial":false,"path_per_floor":["M","T","M","M","M","R","E","M","T","M","$","M","M"],"character_chosen":"DEFECT","items_purchased":["FTL","Coolheaded","Ball Lightning"],"campfire_rested":0,"item_purchase_floors":[11,11,11],"current_hp_per_floor":[62,62,59,56,45,45,40,13,13,9,9,1,0],"gold":55,"neow_bonus":"RANDOM_COMMON_RELIC","is_prod":false,"is_daily":false,"chose_seed":false,"campfire_upgraded":1,"win_rate":0,"timestamp":1547845265,"path_taken":["M","?","?","M","M","R","E","M","T","M","$","M","M"],"build_version":"2019-01-17v2","purchased_purges":1,"victory":false,"max_hp_per_floor":[75,75,75,75,75,75,75,75,75,75,75,75,75],"card_choices":[{"not_picked":["Doom and Gloom","Storm"],"picked":"White Noise","floor":1},{"not_picked":["Barrage","Steam"],"picked":"Gash","floor":3},{"not_picked":["Auto Shields","Cold Snap"],"picked":"Go for the Eyes","floor":4},{"not_picked":["Redo","Streamline"],"picked":"Steam","floor":5},{"not_picked":["Recycle","Streamline"],"picked":"Melter","floor":7},{"not_picked":["Force Field","Go for the Eyes"],"picked":"Seek","floor":8},{"not_picked":["Leap","Barrage"],"picked":"Compile Driver","floor":10},{"not_picked":["Doom and Gloom","Chaos"],"picked":"Ball Lightning","floor":12}],"player_experience":1208384,"relics_obtained":[{"floor":2,"key":"PreservedInsect"},{"floor":7,"key":"Kunai"},{"floor":9,"key":"Bottled Lightning"}],"event_choices":[],"is_beta":false,"boss_relics":[],"items_purged_floors":[11],"is_endless":false,"potions_floor_spawned":[1,4,12],"killed_by":"Looter","ascension_level":13}