{"gold_per_floor":[115,115,125,125,125,159,159,170,170,19,35,35,35,35,35,140,140,158,158,158,30,46,46,75,75,75,90,90,90],"floor_reached":29,"playtime":969,"items_purged":["Defend_B"],"score":303,"play_id":"6b07688e-9832-428f-b3df-d5ef6e80cc0a","local_time":"20181021082152","is_ascension_mode":true,"campfire_choices":[{"data":"Multi-Cast","floor":7,"key":"SMITH"},{"data":"Fission","floor":13,"key":"SMITH"},{"data":"Zap","floor":15,"key":"SMITH"},{"data":"Dualcast","floor":23,"key":"SMITH"},{"data":"1","floor":28,"key":"LIFT"}],"neow_cost":"NONE","seed_source_timestamp":88932309695637,"circlet_count":0,"master_deck":["Strike_B","Strike_B","Strike_B","Zap+1","Dualcast+1","Ball Lightning","Multi-Cast+1","Leap","Capacitor","Fission+1","Echo Form+1","Conserve Battery","Undo","Leap","Buffer+1"],"relics":["Cracked Core","NeowsBlessing","Meat on the Bone","GremlinMask","Kunai","Frozen Egg 2","Nloth\u0027s Gift","Girya","Unceasing Top"],"potions_floor_usage":[16,24,24,29],"damage_taken":[{"damage":0,"enemies":"Jaw Worm","floor":1,"turns":1},{"damage":0,"enemies":"Cultist","floor":3,"turns":1},{"damage":0,"enemies":"3 Sentries","floor":6,"turns":1},{"damage":0,"enemies":"2 Louse","floor":8,"turns":2},{"damage":6,"enemies":"Exordium Thugs","floor":11,"turns":3},{"damage":40,"enemies":"Slime Boss","floor":16,"turns":12},{"damage":34,"enemies":"2 Thieves","floor":18,"turns":4},{"damage":17,"enemies":"3 Byrds","floor":22,"turns":4},{"damage":0,"enemies":"Book of Stabbing","floor":24,"turns":8},{"damage":6,"enemies":"Snake Plant","floor":27,"turns":3},{"damage":52,"enemies":"Slavers","floor":29,"turns":4}],"seed_played":"7771085443864510774","potions_obtained":[{"floor":1,"key":"SteroidPotion"},{"floor":11,"key":"Dexterity Potion"},{"floor":16,"key":"Swift Potion"},{"floor":18,"key":"Weak Potion"},{"floor":24,"key":"LiquidBronze"}],"is_trial":false,"path_per_floor":["M","?","M","?","?","E","R","M","T","$","M","?","R","$","R","B",null,"M","?","?","$","M","R","E","?","T","M","R"],"character_chosen":"DEFECT","items_purchased":["Fission","Leap"],"campfire_rested":0,"item_purchase_floors":[10,21],"current_hp_per_floor":[75,75,75,75,68,68,68,68,68,68,62,67,67,67,67,39,80,46,46,46,46,41,41,41,41,41,47,47,0],"gold":90,"neow_bonus":"THREE_ENEMY_KILL","is_prod":false,"is_daily":false,"chose_seed":false,"campfire_upgraded":4,"win_rate":0,"timestamp":1540124512,"path_taken":["M","?","M","?","?","E","R","M","T","$","M","?","R","?","R","BOSS","M","?","?","$","?","R","E","?","T","M","R","E"],"build_version":"2018-10-19","purchased_purges":1,"victory":false,"max_hp_per_floor":[75,75,75,75,75,75,75,75,75,75,75,80,80,80,80,80,80,80,80,80,80,80,80,80,80,80,80,80,80],"card_choices":[{"not_picked":["Melter","Steam"],"picked":"Ball Lightning","floor":1},{"not_picked":["Go for the Eyes","Streamline"],"picked":"Multi-Cast","floor":3},{"not_picked":["Darkness","Compile Driver"],"picked":"Leap","floor":6},{"not_picked":["Rebound","Ball Lightning"],"picked":"Capacitor","floor":8},{"not_picked":["Force Field","Compile Driver","Redo"],"picked":"SKIP","floor":11},{"not_picked":["Thunder Strike","Creative AI+1"],"picked":"Echo Form+1","floor":16},{"not_picked":["Leap","Beam Cell"],"picked":"Conserve Battery","floor":18},{"not_picked":["Conserve Battery+1","Hologram"],"picked":"Buffer+1","floor":22},{"not_picked":["Reboot","Streamline+1","Gash+1"],"picked":"SKIP","floor":24},{"not_picked":["Beam Cell+1","BootSequence+1","Steam"],"picked":"SKIP","floor":27}],"player_experience":500393,"relics_obtained":[{"floor":2,"key":"Meat on the Bone"},{"floor":6,"key":"Kunai"},{"floor":9,"key":"Frozen Egg 2"},{"floor":24,"key":"Girya"},{"floor":26,"key":"Unceasing Top"}],"event_choices":[{"damage_healed":0,"gold_gain":0,"player_choice":"Relic","damage_taken":0,"max_hp_gain":0,"max_hp_loss":0,"event_name":"Wheel of Change","floor":2,"gold_loss":0},{"damage_healed":0,"gold_gain":0,"player_choice":"Trade","damage_taken":0,"relics_obtained":["GremlinMask"],"max_hp_gain":0,"max_hp_loss":0,"event_name":"FaceTrader","floor":4,"gold_loss":0},{"cards_removed":["Defend_B"],"damage_healed":0,"gold_gain":0,"player_choice":"Card Removal","damage_taken":7,"max_hp_gain":0,"max_hp_loss":0,"event_name":"Golden Wing","floor":5,"gold_loss":0},{"damage_healed":0,"gold_gain":0,"player_choice":"Donut","damage_taken":0,"max_hp_gain":5,"max_hp_loss":0,"event_name":"Big Fish","floor":12,"gold_loss":0},{"damage_healed":0,"gold_gain":0,"player_choice":"Traded Relic","damage_taken":0,"relics_obtained":["Nloth\u0027s Gift"],"max_hp_gain":0,"max_hp_loss":0,"event_name":"N\u0027loth","floor":19,"relics_lost":["Empty Cage"],"gold_loss":0},{"damage_healed":0,"gold_gain":0,"cards_transformed":["Defend_B"],"player_choice":"Transformed","damage_taken":0,"max_hp_gain":0,"max_hp_loss":0,"event_name":"Transmorgrifier","floor":20,"gold_loss":0,"cards_obtained":["Undo"]},{"damage_healed":0,"gold_gain":0,"player_choice":"Ignored","damage_taken":0,"max_hp_gain":0,"max_hp_loss":0,"event_name":"Vampires","floor":25,"gold_loss":0}],"is_beta":true,"boss_relics":[{"not_picked":["Astrolabe","Inserter"],"picked":"Empty Cage"}],"items_purged_floors":[21],"is_endless":false,"potions_floor_spawned":[1,11,16,18,22,24],"killed_by":"Slavers","ascension_level":1}