{"path_per_floor":["M","?","M","M","M","E","R","M","T","?","E","$","R","E","R","B",null,"M","$","M","M","?","E","R","M","T","M","$","?","M","E","R","B",null,"M","?","$","?","M","E","M","E","T","M","M","M","M","E","R","B"],"character_chosen":"DEFECT","items_purchased":["Lantern","Singing Bowl","Scrape","Defragment"],"gold_per_floor":[117,117,130,148,168,196,196,206,288,288,326,21,21,59,59,184,184,204,129,152,172,172,207,207,228,274,287,105,105,125,163,163,287,287,311,311,114,114,135,166,184,223,223,248,261,276,294,338,338,338],"floor_reached":51,"campfire_rested":1,"playtime":5722,"item_purchase_floors":[12,12,28,37],"current_hp_per_floor":[68,50,50,50,43,32,32,39,39,39,23,23,23,20,42,49,75,75,75,64,71,71,75,75,81,81,92,92,76,79,80,80,94,94,91,91,91,91,98,98,96,102,102,102,104,104,103,91,91,82],"items_purged":["Injury","Strike_B","Static Discharge"],"gold":338,"score":1011,"play_id":"d5dbc24c-50af-4e58-aef2-6fe9ff2d98cb","local_time":"20180614165911","is_prod":false,"is_daily":false,"chose_seed":false,"is_ascension_mode":true,"campfire_upgraded":5,"win_rate":0,"timestamp":1529017151,"campfire_choices":[{"data":"Zap","floor":7,"key":"SMITH"},{"data":"Redo","floor":13,"key":"SMITH"},{"floor":15,"key":"REST"},{"data":"Creative AI","floor":24,"key":"SMITH"},{"data":"Dualcast","floor":32,"key":"SMITH"},{"data":"Defragment","floor":49,"key":"SMITH"}],"path_taken":["M","?","M","M","M","E","R","M","T","?","E","?","R","E","R","BOSS","M","$","?","M","?","E","R","?","T","M","$","?","?","E","R","BOSS","M","?","$","?","M","E","M","E","T","M","M","M","M","E","R","BOSS"],"build_version":"2018-06-07v3","seed_source_timestamp":6801357188048,"purchased_purges":3,"victory":true,"master_deck":["Zap+1","Dualcast+1","FTL","Self Repair","Melter","Redo+1","Electrodynamics","Creative AI+1","Force Field","Echo Form","Self Repair+1","Force Field","Scrape","FTL+1","Machine Learning","Ball Lightning","Scrape","Steam","Conserve Battery","Go for the Eyes","Stack","Defragment+1","Steam+1","Defragment+1","Capacitor"],"max_hp_per_floor":[75,75,75,75,75,75,75,75,75,75,75,75,75,75,75,75,75,75,75,77,79,79,88,88,90,90,92,92,92,92,94,94,94,94,96,96,96,96,98,98,100,102,102,102,104,104,106,108,108,108],"relics":["Cracked Core","Boot","Thread and Needle","Matryoshka","Golden Idol","Dream Catcher","Lantern","Singing Bowl","Ornamental Fan","Nuclear Battery","Strawberry","Orichalcum","Happy Flower","Nilry\u0027s Codex","War Paint","Pandora\u0027s Box","Darkstone Periapt","Mercury Hourglass","Toxic Egg 2","Peace Pipe","Sundial"],"card_choices":[{"not_picked":["Compile Driver","Streamline","Sweeping Beam"],"picked":"SKIP","floor":1},{"not_picked":["Static Discharge","Hologram"],"picked":"FTL","floor":3},{"not_picked":["Stack","Undo"],"picked":"Self Repair","floor":4},{"not_picked":["Steam","Go for the Eyes","Sweeping Beam"],"picked":"SKIP","floor":5},{"not_picked":["Scrape","Electrodynamics"],"picked":"Melter","floor":6},{"not_picked":["Stack","Double Energy"],"picked":"Redo","floor":8},{"not_picked":["Blizzard","Doom and Gloom"],"picked":"Electrodynamics","floor":11},{"not_picked":["Go for the Eyes","Hologram"],"picked":"Creative AI","floor":14},{"not_picked":["Barrage","Redo"],"picked":"Force Field","floor":15},{"not_picked":["Machine Learning","Electrodynamics"],"picked":"Echo Form","floor":16},{"not_picked":["Steam Power","Heatsinks+1"],"picked":"Self Repair+1","floor":18},{"not_picked":["Leap","BootSequence","Heatsinks"],"picked":"Singing Bowl","floor":20},{"not_picked":["White Noise","Melter","Rebound"],"picked":"Singing Bowl","floor":21},{"not_picked":["Cold Snap","Rebound","Compile Driver"],"picked":"Singing Bowl","floor":23},{"not_picked":["Consume","Rip and Tear","Barrage+1"],"picked":"Singing Bowl","floor":25},{"not_picked":["Leap+1","Consume","Steam"],"picked":"Singing Bowl","floor":27},{"not_picked":["Sweeping Beam","Chill"],"picked":"FTL+1","floor":30},{"not_picked":["Buffer","Skim","Leap+1"],"picked":"Singing Bowl","floor":31},{"not_picked":["Meteor Strike","Echo Form"],"picked":"Machine Learning","floor":33},{"not_picked":["Hologram+1","Cold Snap","Fusion"],"picked":"Singing Bowl","floor":35},{"not_picked":["Go for the Eyes+1","Redo","Lockon"],"picked":"Singing Bowl","floor":39},{"not_picked":["Barrage+1","Steam Power+1"],"picked":"Steam+1","floor":40},{"not_picked":["Scrape+1","Ball Lightning","All For One"],"picked":"Singing Bowl","floor":41},{"not_picked":["Beam Cell+1","Steam+1","Barrage"],"picked":"Singing Bowl","floor":42},{"not_picked":["Hologram+1","Steam+1"],"picked":"Defragment+1","floor":44},{"not_picked":["Skim+1","Scrape+1","Tempest+1"],"picked":"Singing Bowl","floor":45},{"not_picked":["Rebound","Coolheaded+1"],"picked":"Capacitor","floor":46},{"not_picked":["Barrage","Beam Cell+1","Chaos+1"],"picked":"Singing Bowl","floor":47},{"not_picked":["Skim+1","Conserve Battery+1","FTL+1"],"picked":"Singing Bowl","floor":48}],"player_experience":154125,"potions_floor_usage":[6,14,16,23,30,41,42,42,50,50],"damage_taken":[{"damage":7,"enemies":"Jaw Worm","floor":1,"turns":3},{"damage":0,"enemies":"2 Louse","floor":3,"turns":2},{"damage":0,"enemies":"Small Slimes","floor":4,"turns":4},{"damage":7,"enemies":"Looter","floor":5,"turns":3},{"damage":30,"enemies":"Lagavulin","floor":6,"turns":7},{"damage":0,"enemies":"Exordium Wildlife","floor":8,"turns":4},{"damage":23,"enemies":"Gremlin Nob","floor":11,"turns":4},{"damage":3,"enemies":"Lagavulin","floor":14,"turns":5},{"damage":0,"enemies":"Slime Boss","floor":16,"turns":6},{"damage":0,"enemies":"Spheric Guardian","floor":18,"turns":3},{"damage":30,"enemies":"2 Thieves","floor":20,"turns":4},{"damage":12,"enemies":"Cultist and Chosen","floor":21,"turns":6},{"damage":22,"enemies":"Book of Stabbing","floor":23,"turns":8},{"damage":23,"enemies":"Snecko","floor":25,"turns":7},{"damage":8,"enemies":"3 Cultists","floor":27,"turns":5},{"damage":14,"enemies":"Centurion and Healer","floor":30,"turns":4},{"damage":28,"enemies":"Gremlin Leader","floor":31,"turns":7},{"damage":0,"enemies":"Automaton","floor":33,"turns":6},{"damage":25,"enemies":"3 Darklings","floor":35,"turns":3},{"damage":0,"enemies":"3 Shapes","floor":39,"turns":5},{"damage":29,"enemies":"Nemesis","floor":40,"turns":7},{"damage":14,"enemies":"3 Darklings","floor":41,"turns":4},{"damage":11,"enemies":"Giant Head","floor":42,"turns":8},{"damage":21,"enemies":"Maw","floor":44,"turns":8},{"damage":0,"enemies":"Sphere and 2 Shapes","floor":45,"turns":3},{"damage":0,"enemies":"4 Shapes","floor":46,"turns":3},{"damage":10,"enemies":"3 Darklings","floor":47,"turns":4},{"damage":31,"enemies":"Nemesis","floor":48,"turns":5},{"damage":26,"enemies":"Time Eater","floor":50,"turns":7}],"relics_obtained":[{"floor":6,"key":"Thread and Needle"},{"floor":9,"key":"Matryoshka"},{"floor":11,"key":"Dream Catcher"},{"floor":14,"key":"Ornamental Fan"},{"floor":23,"key":"Strawberry"},{"floor":26,"key":"Orichalcum"},{"floor":26,"key":"Happy Flower"},{"floor":29,"key":"Nilry\u0027s Codex"},{"floor":31,"key":"War Paint"},{"floor":40,"key":"Darkstone Periapt"},{"floor":42,"key":"Mercury Hourglass"},{"floor":43,"key":"Toxic Egg 2"},{"floor":43,"key":"Peace Pipe"},{"floor":48,"key":"Sundial"}],"event_choices":[{"event_name":"Scrap Ooze","player_choice":"success","floor":2,"damage_taken":18},{"event_name":"Golden Idol","player_choice":"Take Wound","floor":10,"damage_taken":0},{"event_name":"The Library","player_choice":"Read","floor":22,"damage_taken":0},{"event_name":"Cursed Tome","player_choice":"Obtained Book","floor":29,"damage_taken":0},{"event_name":"Duplicator","player_choice":"Ignored","floor":36,"damage_taken":0},{"event_name":"Mysterious Sphere","player_choice":"Ignore","floor":38,"damage_taken":0}],"boss_relics":[{"not_picked":["Philosopher\u0027s Stone","Runic Dome"],"picked":"Nuclear Battery"},{"not_picked":["Sozu","White Beast Statue"],"picked":"Pandora\u0027s Box"}],"items_purged_floors":[19,28,37],"potions_floor_spawned":[4,6,14,18,20,23,33,35,39,41,45],"seed_played":"-1060298567298401859","ascension_level":2,"potions_obtained":[{"floor":4,"key":"Regen Potion"},{"floor":6,"key":"SpeedPotion"},{"floor":14,"key":"Energy Potion"},{"floor":18,"key":"EssenceOfSteel"},{"floor":20,"key":"Dexterity Potion"},{"floor":23,"key":"EssenceOfSteel"},{"floor":33,"key":"Poison Potion"},{"floor":35,"key":"PowerPotion"},{"floor":39,"key":"PowerPotion"},{"floor":41,"key":"Block Potion"},{"floor":45,"key":"Ancient Potion"}],"is_trial":false}