{"gold_per_floor":[109,72,72,72,19,46,46,60,85,103,103,128,144,144],"floor_reached":14,"playtime":371,"items_purged":[],"score":152,"play_id":"de1a8d0b-02e2-477c-a815-74ade4e54670","local_time":"20190130203043","is_ascension_mode":true,"campfire_choices":[{"floor":11,"key":"REST"}],"neow_cost":"NONE","seed_source_timestamp":7703347213039,"circlet_count":0,"master_deck":["AscendersBane","Strike_B","Strike_B","Strike_B","Strike_B","Defend_B","Defend_B","Defend_B","Zap","Dualcast","Steam","Gash","Gash","Parasite","Sunder","Leap"],"relics":["White Beast Statue","Gremlin Horn","Omamori","Prayer Wheel"],"potions_floor_usage":[6,12,12,13,14],"damage_taken":[{"damage":8,"enemies":"Small Slimes","floor":1,"turns":4},{"damage":49,"enemies":"Gremlin Nob","floor":6,"turns":5},{"damage":8,"enemies":"Jaw Worm","floor":8,"turns":5},{"damage":0,"enemies":"2 Louse","floor":10,"turns":2},{"damage":20,"enemies":"3 Sentries","floor":12,"turns":5},{"damage":15,"enemies":"2 Fungi Beasts","floor":13,"turns":5},{"damage":16,"enemies":"Gremlin Nob","floor":14,"turns":2}],"seed_played":"5061365909386763425","potions_obtained":[{"floor":1,"key":"SkillPotion"},{"floor":6,"key":"Fire Potion"},{"floor":8,"key":"Strength Potion"},{"floor":12,"key":"Block Potion"},{"floor":13,"key":"Poison Potion"}],"is_trial":false,"path_per_floor":["M","?","?","?","$","E","?","M","T","M","R","E","M","E"],"character_chosen":"DEFECT","items_purchased":["Gash"],"campfire_rested":1,"item_purchase_floors":[5],"current_hp_per_floor":[60,60,53,58,58,9,29,21,21,21,45,25,10,0],"gold":144,"neow_bonus":"BOSS_RELIC","is_prod":false,"is_daily":false,"chose_seed":false,"campfire_upgraded":0,"win_rate":0,"timestamp":1548901843,"path_taken":["M","?","?","?","?","E","?","?","T","M","R","E","M","E"],"build_version":"2019-01-23","purchased_purges":0,"victory":false,"max_hp_per_floor":[75,75,75,80,80,80,80,80,80,80,80,80,80,80],"card_choices":[{"not_picked":["Hologram","Heatsinks"],"picked":"Steam","floor":1},{"not_picked":["Steam","Thunder Strike"],"picked":"Gash","floor":6},{"not_picked":["Static Discharge","Storm","Redo"],"picked":"SKIP","floor":8},{"not_picked":["Ball Lightning","Sunder","Cold Snap"],"picked":"SKIP","floor":10},{"not_picked":["Ball Lightning","Cold Snap"],"picked":"Sunder","floor":10},{"not_picked":["Double Energy","Consume","Fusion"],"picked":"SKIP","floor":12},{"not_picked":["Conserve Battery","Beam Cell"],"picked":"Leap","floor":13},{"not_picked":["Loop","Capacitor","Turbo"],"picked":"SKIP","floor":13}],"player_experience":232371,"relics_obtained":[{"floor":6,"key":"Gremlin Horn"},{"floor":9,"key":"Omamori"},{"floor":12,"key":"Prayer Wheel"}],"event_choices":[{"damage_healed":0,"gold_gain":0,"player_choice":"Left Gold","damage_taken":0,"max_hp_gain":0,"max_hp_loss":0,"event_name":"World of Goop","floor":2,"gold_loss":37},{"cards_removed":["Defend_B"],"damage_healed":0,"gold_gain":0,"player_choice":"Card Removal","damage_taken":7,"max_hp_gain":0,"max_hp_loss":0,"event_name":"Golden Wing","floor":3,"gold_loss":0},{"damage_healed":0,"gold_gain":0,"player_choice":"Donut","damage_taken":0,"max_hp_gain":5,"max_hp_loss":0,"event_name":"Big Fish","floor":4,"gold_loss":0},{"damage_healed":20,"gold_gain":0,"player_choice":"Healed and dodged fight","damage_taken":0,"max_hp_gain":0,"max_hp_loss":0,"event_name":"Mushrooms","floor":7,"gold_loss":0,"cards_obtained":["Parasite"]}],"is_beta":false,"boss_relics":[],"items_purged_floors":[],"is_endless":false,"potions_floor_spawned":[1,6,8,10,12,13],"killed_by":"Gremlin Nob","ascension_level":11}