{"gold_per_floor":[114,114,114,79,92,119,119,119,144,154,154,229,239,249,249,352,352,371,387,0,0,99,99,132,132,132,158,169,84,99,118,118,222,222,233,1232,1232,1280,537,537,557,609,679,523,523,46,59,78,78,78,78,78,29,60,60],"floor_reached":55,"playtime":3505,"items_purged":["Normality","Normality"],"score":753,"play_id":"1f5978ff-8503-42f5-be46-7178993b1ba5","local_time":"20190106185210","is_ascension_mode":false,"campfire_choices":[{"floor":11,"key":"RECALL"},{"floor":15,"key":"REST"},{"floor":23,"key":"REST"},{"floor":25,"key":"REST"},{"floor":32,"key":"REST"},{"floor":40,"key":"REST"},{"floor":45,"key":"REST"},{"floor":49,"key":"REST"},{"data":"Apotheosis","floor":52,"key":"SMITH"}],"neow_cost":"NONE","seed_source_timestamp":68762343691300,"circlet_count":0,"master_deck":["Defend_G+1","Defend_G+1","Defend_G+1","Defend_G+1","Strike_G+1","Strike_G+1","Strike_G+1","Strike_G+1","Strike_G+1","Survivor","Neutralize","Deadly Poison","PiercingWail","Blade Dance","Leg Sweep","Outmaneuver","Infinite Blades","Dagger Spray","Corpse Explosion","Masterful Stab","Crippling Poison","Accuracy","Backstab","Crippling Poison","Bouncing Flask+1","Storm of Steel","Dagger Spray+1","Crippling Poison+1","Poisoned Stab+1","Corpse Explosion","Leg Sweep","Metamorphosis","Swift Strike","Dramatic Entrance","Apotheosis+1","Well Laid Plans+1","Terror","Caltrops+1","Terror+1","Infinite Blades+1","Catalyst","Infinite Blades+1","Setup","Distraction+1","Poisoned Stab"],"relics":["White Beast Statue","Regal Pillow","Potion Belt","Ancient Tea Set","WristBlade","Blood Vial","PreservedInsect","Sundial","Gremlin Horn","Turnip","Black Star","Bag of Marbles","Frozen Egg 2","Bird Faced Urn","Ninja Scroll","Mummified Hand","Bottled Lightning","Bottled Tornado"],"potions_floor_usage":[6,14,16,16,16,18,19,24,24,24,30,31,33,33,33,33,42,47,47,50,50,50,54,55,55],"damage_taken":[{"damage":0,"enemies":"Small Slimes","floor":1,"turns":5},{"damage":8,"enemies":"Jaw Worm","floor":5,"turns":5},{"damage":33,"enemies":"Gremlin Nob","floor":6,"turns":5},{"damage":1,"enemies":"2 Louse","floor":10,"turns":3},{"damage":3,"enemies":"2 Fungi Beasts","floor":13,"turns":5},{"damage":0,"enemies":"Large Slime","floor":14,"turns":5},{"damage":41,"enemies":"Hexaghost","floor":16,"turns":11},{"damage":24,"enemies":"2 Thieves","floor":18,"turns":3},{"damage":10,"enemies":"3 Byrds","floor":19,"turns":3},{"damage":17,"enemies":"Book of Stabbing","floor":24,"turns":6},{"damage":26,"enemies":"Gremlin Leader","floor":27,"turns":5},{"damage":15,"enemies":"Shelled Parasite and Fungi","floor":28,"turns":7},{"damage":4,"enemies":"3 Cultists","floor":30,"turns":3},{"damage":18,"enemies":"Chosen and Byrds","floor":31,"turns":6},{"damage":66,"enemies":"Automaton","floor":33,"turns":8},{"damage":18,"enemies":"3 Darklings","floor":35,"turns":3},{"damage":13,"enemies":"Orb Walker","floor":41,"turns":4},{"damage":39,"enemies":"2 Orb Walkers","floor":42,"turns":4},{"damage":25,"enemies":"Writhing Mass","floor":47,"turns":4},{"damage":18,"enemies":"Spire Growth","floor":48,"turns":3},{"damage":58,"enemies":"Donu and Deca","floor":50,"turns":5},{"damage":29,"enemies":"Shield and Spear","floor":54,"turns":6},{"damage":64,"enemies":"The Heart","floor":55,"turns":5}],"seed_played":"-4963773939792412727","potions_obtained":[{"floor":1,"key":"FairyPotion"},{"floor":5,"key":"SteroidPotion"},{"floor":6,"key":"SteroidPotion"},{"floor":10,"key":"Swift Potion"},{"floor":13,"key":"AttackPotion"},{"floor":14,"key":"LiquidBronze"},{"floor":16,"key":"LiquidBronze"},{"floor":18,"key":"EntropicBrew"},{"floor":24,"key":"Fruit Juice"},{"floor":27,"key":"SteroidPotion"},{"floor":28,"key":"Explosive Potion"},{"floor":30,"key":"LiquidBronze"},{"floor":31,"key":"AttackPotion"},{"floor":33,"key":"Swift Potion"},{"floor":35,"key":"Poison Potion"},{"floor":41,"key":"Dexterity Potion"},{"floor":42,"key":"Poison Potion"},{"floor":47,"key":"FearPotion"},{"floor":48,"key":"FearPotion"},{"floor":54,"key":"GhostInAJar"}],"is_trial":false,"path_per_floor":["M","?","?","?","M","E","?","T","T","M","R","?","M","M","R","B",null,"M","M","$","?","?","R","E","R","T","E","M","?","M","M","R","B",null,"M","?","?","T","$","R","M","?","T","$","R","$","M","M","R","B",null,"R","$","E","B"],"character_chosen":"THE_SILENT","items_purchased":["Accuracy","Blood Vial","Backstab","Crippling Poison","GhostInAJar","Apotheosis","Frozen Egg 2","Well Laid Plans+1","Terror","Infinite Blades+1","GhostInAJar","Catalyst","Mummified Hand","Infinite Blades+1","Swift Potion"],"campfire_rested":7,"item_purchase_floors":[20,20,20,20,39,39,39,39,39,44,44,46,46,46,53],"current_hp_per_floor":[70,70,58,70,62,29,29,29,29,28,28,17,14,14,50,9,70,46,36,36,36,36,70,58,75,75,49,36,36,34,18,55,5,75,57,57,47,47,47,75,62,25,25,25,62,62,47,39,75,23,75,75,75,54,0],"gold":60,"neow_bonus":"BOSS_RELIC","is_prod":false,"is_daily":false,"chose_seed":false,"campfire_upgraded":1,"win_rate":0,"timestamp":1546800730,"path_taken":["M","?","?","?","M","E","?","?","T","M","R","?","M","M","R","BOSS","M","M","$","?","?","R","E","R","T","E","M","?","M","?","R","BOSS","M","?","?","?","$","R","M","?","T","?","R","$","M","?","R","BOSS","R","$","E","BOSS"],"build_version":"2019-01-03v4","purchased_purges":2,"victory":false,"max_hp_per_floor":[70,70,70,70,70,70,70,70,70,70,70,70,70,70,70,70,70,70,70,70,70,70,70,75,75,75,75,75,75,75,75,75,75,75,75,75,75,75,75,75,75,75,75,75,75,75,75,75,75,75,75,75,75,75,75],"card_choices":[{"not_picked":["Concentrate","Blade Dance"],"picked":"Deadly Poison","floor":1},{"not_picked":["Dagger Throw","Slice"],"picked":"Blade Dance","floor":5},{"not_picked":["Reflex","Flying Knee"],"picked":"Leg Sweep","floor":6},{"not_picked":["Tactician","Prepared"],"picked":"Outmaneuver","floor":10},{"not_picked":["Dagger Throw","Quick Slash"],"picked":"Infinite Blades","floor":13},{"not_picked":["Bane","Dagger Throw"],"picked":"Dagger Spray","floor":14},{"not_picked":["Die Die Die","Unload"],"picked":"Corpse Explosion","floor":16},{"not_picked":["Quick Slash","Bane"],"picked":"Masterful Stab","floor":18},{"not_picked":["Poisoned Stab+1","Dash"],"picked":"Crippling Poison","floor":19},{"not_picked":["Poisoned Stab","Predator"],"picked":"Bouncing Flask+1","floor":24},{"not_picked":["Acrobatics+1","Poisoned Stab"],"picked":"Storm of Steel","floor":27},{"not_picked":["PiercingWail+1","Riddle With Holes"],"picked":"Dagger Spray+1","floor":28},{"not_picked":["Underhanded Strike","Quick Slash"],"picked":"Crippling Poison+1","floor":30},{"not_picked":["Quick Slash","Backflip"],"picked":"Poisoned Stab+1","floor":31},{"not_picked":["Adrenaline","Grand Finale"],"picked":"Corpse Explosion","floor":33},{"not_picked":["Backflip","Cloak And Dagger"],"picked":"Leg Sweep","floor":35},{"not_picked":["Finesse","Bandage Up"],"picked":"Metamorphosis","floor":37},{"not_picked":["Violence","Purity"],"picked":"Swift Strike","floor":37},{"not_picked":["Deep Breath","Discovery"],"picked":"Dramatic Entrance","floor":37},{"not_picked":["Slice","Quick Slash+1"],"picked":"Caltrops+1","floor":41},{"not_picked":["Quick Slash+1","Well Laid Plans+1"],"picked":"Terror+1","floor":42},{"not_picked":["Acrobatics+1","Choke"],"picked":"Setup","floor":47},{"not_picked":["Flying Knee","Expertise"],"picked":"Distraction+1","floor":48},{"not_picked":["Underhanded Strike+1","Well Laid Plans+1"],"picked":"Poisoned Stab","floor":54}],"player_experience":297526,"relics_obtained":[{"floor":6,"key":"Potion Belt"},{"floor":9,"key":"Ancient Tea Set"},{"floor":24,"key":"PreservedInsect"},{"floor":26,"key":"Sundial"},{"floor":27,"key":"Gremlin Horn"},{"floor":38,"key":"Bag of Marbles"},{"floor":42,"key":"Bird Faced Urn"},{"floor":43,"key":"Ninja Scroll"},{"floor":54,"key":"Bottled Lightning"},{"floor":54,"key":"Bottled Tornado"}],"event_choices":[{"damage_healed":0,"gold_gain":0,"cards_transformed":["Defend_G"],"player_choice":"Change","damage_taken":0,"max_hp_gain":0,"max_hp_loss":0,"event_name":"Living Wall","floor":2,"gold_loss":0,"cards_obtained":["PiercingWail"]},{"damage_healed":0,"gold_gain":0,"player_choice":"Success","damage_taken":12,"relics_obtained":["Regal Pillow"],"max_hp_gain":0,"max_hp_loss":0,"event_name":"Scrap Ooze","floor":3,"gold_loss":0},{"damage_healed":17,"gold_gain":0,"player_choice":"Healed","damage_taken":0,"max_hp_gain":0,"max_hp_loss":0,"event_name":"The Cleric","floor":4,"gold_loss":35},{"damage_healed":0,"gold_gain":0,"player_choice":"Ignored","damage_taken":0,"max_hp_gain":0,"max_hp_loss":0,"event_name":"Golden Wing","floor":7,"gold_loss":0},{"damage_healed":0,"gold_gain":75,"player_choice":"Gather Gold","damage_taken":11,"max_hp_gain":0,"max_hp_loss":0,"event_name":"World of Goop","floor":12,"gold_loss":0},{"damage_healed":0,"gold_gain":0,"player_choice":"Simplicity","damage_taken":0,"max_hp_gain":0,"max_hp_loss":0,"event_name":"Back to Basics","floor":21,"gold_loss":0,"cards_upgraded":["Defend_G","Defend_G","Defend_G","Defend_G","Strike_G","Strike_G","Strike_G","Strike_G","Strike_G"]},{"damage_healed":0,"gold_gain":99,"player_choice":"Stole From Cult","damage_taken":0,"max_hp_gain":0,"max_hp_loss":0,"event_name":"Nest","floor":22,"gold_loss":0},{"damage_healed":0,"gold_gain":0,"player_choice":"Obtained Relic","damage_taken":0,"relics_obtained":["Turnip"],"max_hp_gain":0,"max_hp_loss":0,"event_name":"Addict","floor":29,"gold_loss":85},{"damage_healed":0,"gold_gain":999,"player_choice":"Gold","damage_taken":0,"max_hp_gain":0,"max_hp_loss":0,"event_name":"MindBloom","floor":36,"gold_loss":0,"cards_obtained":["Normality","Normality"]},{"damage_healed":0,"gold_gain":0,"player_choice":"Memory 3","damage_taken":10,"max_hp_gain":0,"max_hp_loss":0,"event_name":"SensoryStone","floor":37,"gold_loss":0},{"damage_healed":0,"gold_gain":0,"player_choice":"Fight","damage_taken":0,"max_hp_gain":0,"max_hp_loss":0,"event_name":"Mysterious Sphere","floor":42,"gold_loss":0}],"is_beta":false,"boss_relics":[{"not_picked":["Ectoplasm","Astrolabe"],"picked":"WristBlade"},{"not_picked":["Coffee Dripper","HoveringKite"],"picked":"Black Star"}],"items_purged_floors":[39,46],"is_endless":false,"potions_floor_spawned":[1,5,6,10,13,14,16,18,19,24,27,28,30,31,33,35,41,42,47,48,54],"killed_by":"The Heart","ascension_level":0}