{"gold_per_floor":[20,20,20,35,35,70,70,101,101,114,145,145,145,165,165,285,285,299,299,290,389,157,180,180,95,168,209,545,565,565,608,620,751,763,788,816,828,438,438,438,474,474,474,507,521,521,589,589,589,589],"floor_reached":51,"playtime":2346,"items_purged":["Pain","Bash"],"score":1252,"play_id":"1bcfca00-9dce-4b4a-8f8a-3b0aef248baa","local_time":"20181222170522","is_ascension_mode":true,"campfire_choices":[{"floor":7,"key":"REST"},{"data":"Uppercut","floor":12,"key":"SMITH"},{"data":"Shrug It Off","floor":13,"key":"SMITH"},{"data":"Disarm","floor":15,"key":"SMITH"},{"data":"Feed","floor":24,"key":"SMITH"},{"floor":32,"key":"REST"},{"floor":40,"key":"REST"},{"floor":42,"key":"REST"},{"floor":49,"key":"REST"}],"neow_cost":"NO_GOLD","seed_source_timestamp":0,"circlet_count":0,"master_deck":["AscendersBane","Strike_R","Strike_R","Strike_R","Strike_R","Strike_R","Defend_R","Defend_R","Defend_R","Defend_R","Cleave","Bash","Cleave","Uppercut+1","Disarm+1","Feed+1","True Grit+1","Iron Wave","Warcry+1","Immolate","Whirlwind+1","Thunderclap+1","Discovery","Writhe"],"special_seed":0,"relics":["Burning Blood","WingedGreaves","Golden Idol","Pocketwatch","Singing Bowl","Pantograph","Incense Burner","Velvet Choker","WarpedTongs","Red Skull","StoneCalendar","Kunai","Magic Flower","Old Coin","MawBank","Calipers","Fusion Hammer","Blood Vial","Oddly Smooth Stone","Ancient Tea Set","Dead Branch","Gambling Chip","Du-Vu Doll"],"potions_floor_usage":[16,47,50,50],"damage_taken":[{"damage":6.0,"enemies":"Small Slimes","floor":1.0,"turns":5.0},{"damage":2,"enemies":"Jaw Worm","floor":4,"turns":3},{"damage":56,"enemies":"Gremlin Nob","floor":6,"turns":5},{"damage":24,"enemies":"3 Sentries","floor":8,"turns":5},{"damage":1,"enemies":"Cultist","floor":10,"turns":4},{"damage":27,"enemies":"Lagavulin","floor":11,"turns":6},{"damage":3,"enemies":"Gremlin Gang","floor":14,"turns":2},{"damage":29,"enemies":"The Guardian","floor":16,"turns":12},{"damage":6,"enemies":"Chosen","floor":18,"turns":4},{"damage":19,"enemies":"2 Thieves","floor":20,"turns":4},{"damage":19,"enemies":"3 Cultists","floor":23,"turns":5},{"damage":5,"enemies":"Gremlin Leader","floor":27,"turns":7},{"damage":25,"enemies":"Book of Stabbing","floor":28,"turns":7},{"damage":4,"enemies":"Centurion and Healer","floor":29,"turns":4},{"damage":22,"enemies":"Slavers","floor":31,"turns":7},{"damage":50,"enemies":"Automaton","floor":33,"turns":14},{"damage":38,"enemies":"3 Shapes","floor":35,"turns":6},{"damage":19,"enemies":"Orb Walker","floor":36,"turns":4},{"damage":66,"enemies":"Giant Head","floor":41,"turns":9},{"damage":39,"enemies":"Nemesis","floor":44,"turns":7},{"damage":16,"enemies":"Writhing Mass","floor":45,"turns":7},{"damage":15,"enemies":"2 Orb Walkers","floor":47,"turns":4},{"damage":75,"enemies":"Donu and Deca","floor":50,"turns":8}],"seed_played":"8227394980199997485","potions_obtained":[{"floor":6,"key":"GamblersBrew"},{"floor":10,"key":"Weak Potion"},{"floor":14,"key":"Dexterity Potion"},{"floor":16,"key":"Dexterity Potion"},{"floor":33,"key":"Poison Potion"},{"floor":35,"key":"FearPotion"},{"floor":44,"key":"Block Potion"},{"floor":47,"key":"LiquidBronze"}],"is_trial":false,"path_per_floor":["M","?","$","M","?","E","R","E","T","M","E","R","R","M","R","B",null,"M","?","M","?","$","M","R","?","T","E","E","M","?","E","R","B",null,"M","M","?","$","?","R","E","R","T","E","M","?","?","?","R","B",null],"character_chosen":"IRONCLAD","items_purchased":["Red Skull","Blood Vial","Oddly Smooth Stone"],"campfire_rested":5,"item_purchase_floors":[22,38,38],"current_hp_per_floor":[72,72,72,74,74,24,46,30,30,35,16,16,16,19,19,21,64,67,67,54,54,54,46,46,46,46,51,43,56,56,45,76,63,94,71,67,67,67,67,100,48,82,82,57,55,55,54,84,120,54],"gold":589,"neow_bonus":"ONE_RARE_RELIC","is_prod":false,"is_daily":false,"chose_seed":false,"campfire_upgraded":4,"win_rate":0,"timestamp":1545516322,"path_taken":["M","?","$","M","?","E","R","E","T","M","E","R","R","M","R","BOSS","M","?","?","?","$","M","R","?","T","E","E","M","?","E","R","BOSS","M","M","?","$","?","R","E","R","T","E","M","?","?","?","R","BOSS"],"build_version":"2018-12-20","purchased_purges":2,"victory":true,"max_hp_per_floor":[80,74,74,74,74,74,74,76,76,76,78,78,78,78,78,78,78,81,81,81,81,81,86,86,86,86,90,96,102,102,104,104,104,104,108,112,112,112,112,112,114,114,114,116,118,118,120,120,120,120],"card_choices":[{"not_picked":["Pommel Strike","Ghostly Armor"],"picked":"Cleave","floor":1.0},{"not_picked":["Havoc","Fire Breathing"],"picked":"Shrug It Off","floor":4},{"not_picked":["Clothesline","Sword Boomerang"],"picked":"Cleave","floor":6},{"not_picked":["Pummel","Intimidate","Power Through"],"picked":"Singing Bowl","floor":8},{"not_picked":["Feel No Pain","Evolve"],"picked":"Uppercut","floor":10},{"not_picked":["Combust","Sword Boomerang","Headbutt"],"picked":"Singing Bowl","floor":11},{"not_picked":["Limit Break","Anger"],"picked":"Disarm","floor":14},{"not_picked":["Reaper","Exhume"],"picked":"Feed","floor":16},{"not_picked":["Body Slam","Armaments"],"picked":"True Grit+1","floor":18},{"not_picked":["Inflame","Perfected Strike+1"],"picked":"Iron Wave","floor":20},{"not_picked":["Heavy Blade","Fiend Fire","Blood for Blood"],"picked":"Singing Bowl","floor":23},{"not_picked":["Hemokinesis","Barricade"],"picked":"Warcry+1","floor":27},{"not_picked":["Shrug It Off","Clash","Wild Strike"],"picked":"Singing Bowl","floor":28},{"not_picked":["Heavy Blade","Pommel Strike","Warcry+1"],"picked":"Singing Bowl","floor":29},{"not_picked":["Clash","Body Slam","Inflame"],"picked":"Singing Bowl","floor":31},{"not_picked":["Brutality","Double Tap"],"picked":"Immolate","floor":33},{"not_picked":["Infernal Blade","Iron Wave+1"],"picked":"Whirlwind+1","floor":35},{"not_picked":["Havoc+1","Blood for Blood+1"],"picked":"Thunderclap+1","floor":36},{"not_picked":["Rampage","Dual Wield+1","Reckless Charge"],"picked":"Singing Bowl","floor":41},{"not_picked":["Body Slam+1","Warcry+1","Infernal Blade"],"picked":"Singing Bowl","floor":44},{"not_picked":["Heavy Blade","Cleave","Power Through+1"],"picked":"Singing Bowl","floor":45},{"not_picked":["Good Instincts","Panacea"],"picked":"Discovery","floor":46},{"not_picked":["Wild Strike","Dual Wield","Shrug It Off"],"picked":"Singing Bowl","floor":47}],"player_experience":590873,"relics_obtained":[{"floor":6,"key":"Pocketwatch"},{"floor":8,"key":"Singing Bowl"},{"floor":9,"key":"Pantograph"},{"floor":11,"key":"Incense Burner"},{"floor":26,"key":"Kunai"},{"floor":27,"key":"Magic Flower"},{"floor":28,"key":"Old Coin"},{"floor":31,"key":"Calipers"},{"floor":41,"key":"Ancient Tea Set"},{"floor":43,"key":"Dead Branch"},{"floor":44,"key":"Gambling Chip"},{"floor":47,"key":"Du-Vu Doll"}],"event_choices":[{"damage_healed":0,"gold_gain":0,"player_choice":"Lose Max HP","damage_taken":0,"relics_obtained":["Golden Idol"],"max_hp_gain":0,"max_hp_loss":6,"event_name":"Golden Idol","floor":2,"gold_loss":0},{"damage_healed":0,"gold_gain":0,"player_choice":"1 cards matched","damage_taken":0,"max_hp_gain":0,"max_hp_loss":0,"event_name":"Match and Keep!","floor":5,"gold_loss":0,"cards_obtained":["Bash"]},{"damage_healed":0,"gold_gain":0,"player_choice":"Rummage","damage_taken":0,"relics_obtained":["WarpedTongs"],"max_hp_gain":0,"max_hp_loss":0,"event_name":"Accursed Blacksmith","floor":19,"gold_loss":0,"cards_obtained":["Pain"]},{"damage_healed":0,"gold_gain":99,"player_choice":"Stole From Cult","damage_taken":0,"max_hp_gain":0,"max_hp_loss":0,"event_name":"Nest","floor":21,"gold_loss":0},{"damage_healed":0,"gold_gain":0,"player_choice":"Obtained Relic","damage_taken":0,"relics_obtained":["StoneCalendar"],"max_hp_gain":0,"max_hp_loss":0,"event_name":"Addict","floor":25,"gold_loss":85},{"damage_healed":0,"gold_gain":0,"player_choice":"Gave Potion","damage_taken":0,"relics_obtained":["MawBank"],"max_hp_gain":0,"max_hp_loss":0,"event_name":"WeMeetAgain","floor":30,"gold_loss":0},{"cards_removed":["Shrug It Off"],"damage_healed":0,"gold_gain":0,"player_choice":"Removed Skill","damage_taken":0,"max_hp_gain":0,"max_hp_loss":0,"event_name":"Falling","floor":37,"gold_loss":0},{"damage_healed":0,"gold_gain":0,"player_choice":"Ignored","damage_taken":0,"max_hp_gain":0,"max_hp_loss":0,"event_name":"Tomb of Lord Red Mask","floor":39,"gold_loss":0},{"damage_healed":0,"gold_gain":0,"player_choice":"Memory 1","damage_taken":0,"max_hp_gain":0,"max_hp_loss":0,"event_name":"SensoryStone","floor":46,"gold_loss":0},{"damage_healed":0,"gold_gain":0,"player_choice":"Fight","damage_taken":0,"max_hp_gain":0,"max_hp_loss":0,"event_name":"Mysterious Sphere","floor":47,"gold_loss":0},{"damage_healed":30,"gold_gain":0,"player_choice":"Writhe","damage_taken":0,"max_hp_gain":0,"max_hp_loss":0,"event_name":"Winding Halls","floor":48,"gold_loss":0,"cards_obtained":["Writhe"]}],"is_beta":true,"boss_relics":[{"not_picked":["Astrolabe","Busted Crown"],"picked":"Velvet Choker"},{"not_picked":["Tiny House","Snecko Eye"],"picked":"Fusion Hammer"}],"items_purged_floors":[22,38],"is_endless":false,"potions_floor_spawned":[6,10,14,16,27,28,29,33,35,44,47],"ascension_level":11}