{"gold_per_floor":[209,46,221,221,255,305,338,22,22,59,89,125,125,192,192,289,289,300,300,337,362],"floor_reached":21,"playtime":1642,"items_purged":["Strike_B"],"score":239,"play_id":"c9ca1178-398d-46fc-ba2c-2db98eae293b","local_time":"20190201200124","is_ascension_mode":true,"campfire_choices":[{"data":"HandOfGreed","floor":13,"key":"SMITH"},{"data":"Self Repair","floor":15,"key":"SMITH"}],"neow_cost":"NONE","seed_source_timestamp":537783547861144,"circlet_count":0,"master_deck":["Strike_B","Strike_B","Strike_B","Defend_B","Defend_B","Defend_B","Defend_B","Zap","Dualcast","Cold Snap","HandOfGreed+1","Conserve Battery","Self Repair+1","Beam Cell","Coolheaded","Echo Form","Undo","Writhe"],"relics":["Cracked Core","Singing Bowl","HandDrill","Matryoshka","Regal Pillow","Philosopher\u0027s Stone","Emotion Chip"],"potions_floor_usage":[6,10,16,21],"damage_taken":[{"damage":4,"enemies":"Jaw Worm","floor":1,"turns":3},{"damage":0,"enemies":"Small Slimes","floor":5,"turns":2},{"damage":24,"enemies":"Lagavulin","floor":6,"turns":5},{"damage":0,"enemies":"Cultist","floor":7,"turns":2},{"damage":0,"enemies":"Lots of Slimes","floor":10,"turns":2},{"damage":9,"enemies":"Gremlin Nob","floor":11,"turns":3},{"damage":6,"enemies":"Exordium Wildlife","floor":12,"turns":5},{"damage":9,"enemies":"3 Louse","floor":14,"turns":4},{"damage":41,"enemies":"Hexaghost","floor":16,"turns":14},{"damage":20,"enemies":"Spheric Guardian","floor":18,"turns":4},{"damage":46,"enemies":"2 Thieves","floor":20,"turns":4},{"damage":27,"enemies":"Shelled Parasite and Fungi","floor":21,"turns":2}],"seed_played":"6408638626495580437","potions_obtained":[{"floor":5,"key":"LiquidBronze"},{"floor":10,"key":"GamblersBrew"},{"floor":12,"key":"Explosive Potion"},{"floor":16,"key":"SteroidPotion"}],"is_trial":false,"path_per_floor":["M","$","?","?","M","E","M","$","T","M","E","M","R","M","R","B",null,"M","?","M","M"],"character_chosen":"DEFECT","items_purchased":["HandOfGreed","Explosive Potion","HandDrill"],"campfire_rested":0,"item_purchase_floors":[2,8,8],"current_hp_per_floor":[71,71,71,71,71,49,51,51,51,51,42,45,45,43,43,12,64,54,54,20,0],"gold":362,"neow_bonus":"HUNDRED_GOLD","is_prod":false,"is_daily":false,"chose_seed":false,"campfire_upgraded":2,"win_rate":0,"timestamp":1549072884,"path_taken":["M","$","?","?","?","E","M","?","T","M","E","M","R","M","R","BOSS","M","?","M","M"],"build_version":"2019-01-23","purchased_purges":1,"victory":false,"max_hp_per_floor":[75,75,75,75,75,77,79,79,79,79,79,81,81,81,81,81,81,81,81,83,83],"card_choices":[{"not_picked":["Sweeping Beam","Steam"],"picked":"Cold Snap","floor":1},{"not_picked":["Turbo","Streamline"],"picked":"Conserve Battery","floor":5},{"not_picked":["Hyperbeam","Go for the Eyes","Hologram"],"picked":"Singing Bowl","floor":6},{"not_picked":["Barrage","Compile Driver","Hello World"],"picked":"Singing Bowl","floor":7},{"not_picked":["Hello World","Turbo"],"picked":"Self Repair","floor":10},{"not_picked":["Compile Driver","Thunder Strike"],"picked":"Beam Cell","floor":11},{"not_picked":["Redo","Tempest","Barrage"],"picked":"Singing Bowl","floor":12},{"not_picked":["Chill","Rebound"],"picked":"Coolheaded","floor":14},{"not_picked":["Fission","Core Surge"],"picked":"Echo Form","floor":16},{"not_picked":["Fusion","Hologram"],"picked":"Undo","floor":18},{"not_picked":["Cold Snap","Steam+1","Go for the Eyes+1"],"picked":"Singing Bowl","floor":20}],"player_experience":325779,"relics_obtained":[{"floor":6,"key":"Singing Bowl"},{"floor":9,"key":"Matryoshka"},{"floor":11,"key":"Regal Pillow"}],"event_choices":[{"damage_healed":0,"gold_gain":175,"player_choice":"AGREE","damage_taken":0,"max_hp_gain":0,"max_hp_loss":0,"event_name":"Liars Game","floor":3,"gold_loss":0,"cards_obtained":["Doubt"]},{"cards_removed":["Doubt"],"damage_healed":0,"gold_gain":0,"player_choice":"Purged","damage_taken":0,"max_hp_gain":0,"max_hp_loss":0,"event_name":"Purifier","floor":4,"gold_loss":0},{"damage_healed":0,"gold_gain":0,"player_choice":"Opened","damage_taken":0,"relics_obtained":["Emotion Chip"],"max_hp_gain":0,"max_hp_loss":0,"event_name":"The Mausoleum","floor":19,"gold_loss":0,"cards_obtained":["Writhe"]}],"is_beta":false,"boss_relics":[{"not_picked":["White Beast Statue","Coffee Dripper"],"picked":"Philosopher\u0027s Stone"}],"items_purged_floors":[8],"is_endless":false,"potions_floor_spawned":[5,10,12,16],"killed_by":"Shelled Parasite and Fungi","ascension_level":5}