{"gold_per_floor":[110,285,142,142,162,162,191,205,277,302,302,302,302,321,321,420,420,436,449,22,36,36,36,51,51],"floor_reached":25,"playtime":1884,"items_purged":["Doubt"],"score":309,"play_id":"4948dc61-8eeb-4e33-a4e8-ff21dc47f947","local_time":"20190209231540","is_ascension_mode":true,"campfire_choices":[{"data":"Defragment","floor":6,"key":"SMITH"},{"data":"Defragment","floor":11,"key":"SMITH"},{"data":"Zap","floor":13,"key":"SMITH"},{"floor":15,"key":"REST"},{"floor":23,"key":"REST"}],"neow_cost":"NONE","seed_source_timestamp":1323285155218478,"circlet_count":0,"master_deck":["Strike_B+1","Strike_B","Strike_B","Strike_B","Defend_B","Defend_B","Defend_B","Defend_B","Zap+1","Dualcast","Ball Lightning+1","Defragment+1","Defragment+1","White Noise","FTL","Go for the Eyes","Coolheaded","Creative AI","Cold Snap","Leap","Heatsinks","Master of Strategy","Conserve Battery"],"relics":["Eternal Feather","Whetstone","Shuriken","Pantograph","Cursed Key","Lantern"],"potions_floor_usage":[10,14,14,19,22],"damage_taken":[{"damage":10,"enemies":"Jaw Worm","floor":1,"turns":6},{"damage":0,"enemies":"Small Slimes","floor":5,"turns":2},{"damage":25,"enemies":"Lagavulin","floor":7,"turns":6},{"damage":6,"enemies":"Cultist","floor":8,"turns":4},{"damage":35,"enemies":"3 Sentries","floor":10,"turns":5},{"damage":5,"enemies":"Gremlin Gang","floor":14,"turns":3},{"damage":36,"enemies":"Hexaghost","floor":16,"turns":10},{"damage":7,"enemies":"Chosen","floor":18,"turns":5},{"damage":33,"enemies":"2 Thieves","floor":19,"turns":4},{"damage":19,"enemies":"Sentry and Sphere","floor":21,"turns":5},{"damage":7,"enemies":"Chosen and Byrds","floor":22,"turns":4},{"damage":21,"enemies":"Snake Plant","floor":24,"turns":6},{"damage":20,"enemies":"Book of Stabbing","floor":25,"turns":3}],"seed_played":"7296522613552465952","potions_obtained":[{"floor":7,"key":"AttackPotion"},{"floor":10,"key":"SteroidPotion"},{"floor":12,"key":"SmokeBomb"},{"floor":12,"key":"SkillPotion"},{"floor":12,"key":"AttackPotion"},{"floor":18,"key":"AttackPotion"},{"floor":24,"key":"SteroidPotion"}],"is_trial":false,"path_per_floor":["M","?","$","?","M","R","E","M","T","E","R","?","R","M","R","B",null,"M","M","$","M","M","R","M","E"],"character_chosen":"DEFECT","items_purchased":["Defragment","Heatsinks","Master of Strategy","Lantern"],"campfire_rested":2,"item_purchase_floors":[3,20,20,20],"current_hp_per_floor":[58,58,58,63,63,69,44,38,38,3,12,12,21,16,49,38,70,63,30,30,11,4,40,19,0],"gold":51,"neow_bonus":"BOSS_RELIC","is_prod":false,"is_daily":false,"chose_seed":false,"campfire_upgraded":3,"win_rate":0,"timestamp":1549750540,"path_taken":["M","?","$","?","M","R","E","M","T","E","R","?","R","M","R","BOSS","M","M","$","M","?","R","?","E"],"build_version":"2019-01-23","purchased_purges":1,"victory":false,"max_hp_per_floor":[75,75,75,80,80,80,80,80,80,80,80,80,80,80,80,80,80,80,80,80,80,80,80,80,80],"card_choices":[{"not_picked":["Beam Cell","Cold Snap"],"picked":"Ball Lightning","floor":1},{"not_picked":["Stack","Recycle"],"picked":"Defragment","floor":5},{"not_picked":["Chaos","Barrage"],"picked":"White Noise","floor":7},{"not_picked":["Redo","White Noise"],"picked":"FTL","floor":8},{"not_picked":["Hologram","Hyperbeam"],"picked":"Go for the Eyes","floor":10},{"not_picked":["Conserve Battery","Barrage"],"picked":"Coolheaded","floor":14},{"not_picked":["Buffer","Electrodynamics"],"picked":"Creative AI","floor":16},{"not_picked":["Compile Driver","Rip and Tear+1"],"picked":"Cold Snap","floor":18},{"not_picked":["Streamline","Rebound"],"picked":"Leap","floor":19},{"not_picked":["Barrage","Chaos"],"picked":"Conserve Battery","floor":21},{"not_picked":["Lockon","Hologram","Redo+1"],"picked":"SKIP","floor":24}],"player_experience":349268,"relics_obtained":[{"floor":7,"key":"Whetstone"},{"floor":9,"key":"Shuriken"},{"floor":10,"key":"Pantograph"}],"event_choices":[{"damage_healed":0,"gold_gain":175,"player_choice":"AGREE","damage_taken":0,"max_hp_gain":0,"max_hp_loss":0,"event_name":"Liars Game","floor":2,"gold_loss":0,"cards_obtained":["Doubt"]},{"damage_healed":0,"gold_gain":0,"player_choice":"Donut","damage_taken":0,"max_hp_gain":5,"max_hp_loss":0,"event_name":"Big Fish","floor":4,"gold_loss":0},{"damage_healed":0,"gold_gain":0,"player_choice":"Got Potions","damage_taken":0,"max_hp_gain":0,"max_hp_loss":0,"event_name":"Lab","floor":12,"gold_loss":0}],"is_beta":false,"boss_relics":[{"not_picked":["Busted Crown","Black Star"],"picked":"Cursed Key"}],"items_purged_floors":[3],"is_endless":false,"potions_floor_spawned":[7,10,18,22,24],"killed_by":"Book of Stabbing","ascension_level":9}