{"gold_per_floor":[116,216,91,110,130,130,30,30,79,91,115,139,161,123,135,251,263,285,308,123,123,137,137],"floor_reached":23,"playtime":1652,"items_purged":["Defend_R","Strike_R","Strike_R"],"score":192,"play_id":"b5420fb1-d5e0-464b-9354-2ee4fb070d18","local_time":"20190124153939","is_ascension_mode":true,"campfire_choices":[{"data":"Armaments","floor":6,"key":"SMITH"},{"data":"Shrug It Off","floor":8,"key":"SMITH"},{"data":"Bash","floor":10,"key":"SMITH"},{"data":"Spot Weakness","floor":15,"key":"SMITH"}],"neow_cost":"NONE","seed_source_timestamp":7331923108782,"circlet_count":0,"master_deck":["Defend_R","Bash+1","Armaments+1","Shrug It Off+1","Combust","Spot Weakness+1","Feed","Sentinel+1","True Grit+1","Pummel+1","Impervious","Headbutt"],"relics":["Burning Blood","MawBank","Astrolabe"],"potions_floor_usage":[12,16],"damage_taken":[{"damage":8,"enemies":"Small Slimes","floor":1,"turns":3},{"damage":0,"enemies":"Cultist","floor":4,"turns":3},{"damage":1,"enemies":"2 Louse","floor":5,"turns":4},{"damage":0,"enemies":"Blue Slaver","floor":11,"turns":5},{"damage":26,"enemies":"Gremlin Gang","floor":12,"turns":4},{"damage":0,"enemies":"Looter","floor":13,"turns":3},{"damage":28,"enemies":"Slime Boss","floor":16,"turns":12},{"damage":22,"enemies":"Chosen","floor":18,"turns":5},{"damage":10,"enemies":"3 Byrds","floor":19,"turns":4},{"damage":26,"enemies":"Snake Plant","floor":22,"turns":8},{"damage":56,"enemies":"Book of Stabbing","floor":23,"turns":7}],"seed_played":"4692267477261227349","potions_obtained":[{"floor":1,"key":"PowerPotion"},{"floor":11,"key":"SteroidPotion"},{"floor":12,"key":"SkillPotion"},{"floor":19,"key":"Poison Potion"},{"floor":21,"key":"Dexterity Potion"},{"floor":21,"key":"Strength Potion"}],"is_trial":false,"path_per_floor":["M","?","$","M","M","R","$","R","T","R","M","M","M","?","R","B",null,"M","M","$","?","M","E"],"character_chosen":"IRONCLAD","items_purchased":["Shrug It Off","Impervious"],"campfire_rested":0,"item_purchase_floors":[3,20],"current_hp_per_floor":[78,78,78,80,80,80,80,80,80,80,80,60,66,66,66,44,80,64,64,64,64,48,0],"gold":137,"neow_bonus":"REMOVE_CARD","is_prod":false,"is_daily":false,"chose_seed":false,"campfire_upgraded":4,"win_rate":0,"timestamp":1548311979,"path_taken":["M","?","$","?","M","R","$","R","T","R","M","M","M","?","R","BOSS","M","M","$","?","?","E"],"build_version":"2019-01-23","purchased_purges":3,"victory":false,"max_hp_per_floor":[80,80,80,80,80,80,80,80,80,80,80,80,80,80,80,80,80,80,84,84,84,88,88],"card_choices":[{"not_picked":["Rupture","Dropkick"],"picked":"Armaments","floor":1},{"not_picked":["Rupture","Corruption","Intimidate"],"picked":"SKIP","floor":4},{"not_picked":["Entrench","Dropkick","Flex"],"picked":"SKIP","floor":5},{"not_picked":["Warcry","Armaments"],"picked":"Combust","floor":11},{"not_picked":["Warcry","Twin Strike"],"picked":"Spot Weakness","floor":12},{"not_picked":["Inflame","Thunderclap","Blood for Blood"],"picked":"SKIP","floor":13},{"not_picked":["Double Tap","Limit Break"],"picked":"Feed","floor":16},{"not_picked":["Dual Wield","Body Slam","Iron Wave"],"picked":"SKIP","floor":18},{"not_picked":["Hemokinesis","Armaments+1","Clothesline"],"picked":"SKIP","floor":19},{"not_picked":["Offering","Power Through","Headbutt"],"picked":"SKIP","floor":22},{"not_picked":["Offering","Power Through"],"picked":"Headbutt","floor":22}],"player_experience":82965,"relics_obtained":[{"floor":9,"key":"MawBank"}],"event_choices":[{"damage_healed":0,"gold_gain":100,"player_choice":"Pray","damage_taken":0,"max_hp_gain":0,"max_hp_loss":0,"event_name":"Golden Shrine","floor":2,"gold_loss":0},{"cards_removed":["Strike_R"],"damage_healed":0,"gold_gain":0,"player_choice":"Card Removal","damage_taken":0,"max_hp_gain":0,"max_hp_loss":0,"event_name":"The Cleric","floor":14,"gold_loss":50},{"damage_healed":0,"gold_gain":0,"player_choice":"Got Potions","damage_taken":0,"max_hp_gain":0,"max_hp_loss":0,"event_name":"Lab","floor":21,"gold_loss":0}],"is_beta":false,"boss_relics":[{"not_picked":["Cursed Key","Runic Cube"],"picked":"Astrolabe"}],"items_purged_floors":[3,7,20],"is_endless":false,"potions_floor_spawned":[1,11,12,19,22],"killed_by":"Book of Stabbing","ascension_level":1}