{"path_per_floor":["M","M","M","?","?","R","E","?","T","M","M","R","M","M","R","B",null,"M","$","?","M","?","E","M","?","T","M","?","$","M","M","R"],"character_chosen":"THE_SILENT","items_purchased":["Calculated Gamble","Thinking Ahead","Well Laid Plans"],"gold_per_floor":[116,132,151,151,151,151,184,184,184,198,222,222,246,266,266,396,396,416,57,157,171,121,152,172,172,172,188,188,8,21,36,36],"floor_reached":33,"campfire_rested":3,"playtime":4753,"current_hp_per_floor":[69,69,69,62,62,62,19,19,19,17,17,36,35,35,54,28,65,65,65,65,59,59,32,31,15,15,14,14,14,14,14,33],"items_purged":["Defend_G","Strike_G"],"gold":36,"play_id":"130375ed-b8d5-4f2b-bcf3-09c98e11d83e","is_prod":false,"is_daily":false,"campfire_rituals":0,"campfire_upgraded":1,"is_hardmode":false,"path_taken":["M","M","M","?","?","R","E","?","T","?","M","R","M","?","R","BOSS","M","$","?","?","?","E","M","?","T","M","?","?","?","M","R","BOSS"],"build_version":"2018-01-11-PROD2","purchased_purges":2,"victory":false,"master_deck":["Defend_G","Defend_G","Defend_G","Defend_G","Strike_G","Strike_G","Strike_G","Strike_G","Survivor","Neutralize","Dodge and Roll","Deflect","Heel Hook","Outmaneuver","After Image","Acrobatics","Quick Slash","Bouncing Flask","Adrenaline","Backflip","Calculated Gamble","Thinking Ahead","Distraction","Adrenaline","Dagger Throw","Well Laid Plans","Backflip"],"max_hp_per_floor":[70,70,70,70,70,70,70,65,65,65,65,65,65,65,65,65,65,65,65,65,65,65,65,65,65,65,65,65,65,65,65,65],"relics":["Ring of the Snake","Lantern","Pen Nib","Golden Idol","Sundial","Sozu","Toxic Egg","Nilry\u0027s Codex","Oddly Smooth Stone"],"campfire_meditates":0,"card_choices":[{"not_picked":["Sucker Punch","Masterful Stab"],"picked":"Dodge and Roll"},{"not_picked":["PiercingWail","Distraction"],"picked":"Deflect"},{"not_picked":["Escape Plan","Poisoned Stab"],"picked":"Heel Hook"},{"not_picked":["Distraction","Eviscerate"],"picked":"Outmaneuver"},{"not_picked":["All Out Attack","Outmaneuver"],"picked":"After Image"},{"not_picked":["Dodge and Roll","Outmaneuver"],"picked":"Acrobatics"},{"not_picked":["Leg Sweep","Skewer"],"picked":"Quick Slash"},{"not_picked":["Footwork","Skewer"],"picked":"Bouncing Flask"},{"not_picked":["Phantasmal Killer","After Image"],"picked":"Adrenaline"},{"not_picked":["All Out Attack","Dodge and Roll"],"picked":"Backflip"},{"not_picked":["Slice","PiercingWail"],"picked":"Distraction"},{"not_picked":["Acrobatics","Dagger Spray"],"picked":"Adrenaline"},{"not_picked":["Dagger Spray","Backflip"],"picked":"Dagger Throw"},{"not_picked":["Acrobatics","Malaise"],"picked":"Backflip"}],"player_experience":2872,"potions_floor_usage":[16],"damage_taken":[{"damage":1,"enemies":"Cultist","floor":1,"turns":4},{"damage":0,"enemies":"Small Slimes","floor":2,"turns":4},{"damage":0,"enemies":"2 Louse","floor":3,"turns":3},{"damage":43,"enemies":"Gremlin Nob","floor":7,"turns":6},{"damage":2,"enemies":"Large Slime","floor":10,"turns":9},{"damage":0,"enemies":"2 Fungi Beasts","floor":11,"turns":5},{"damage":1,"enemies":"3 Louse","floor":13,"turns":4},{"damage":0,"enemies":"Exordium Thugs","floor":14,"turns":6},{"damage":26,"enemies":"Hexaghost","floor":16,"turns":10},{"damage":0,"enemies":"Shell Parasite","floor":18,"turns":6},{"damage":6,"enemies":"Spheric Guardian","floor":21,"turns":5},{"damage":27,"enemies":"Book of Stabbing","floor":23,"turns":8},{"damage":1,"enemies":"3 Cultists","floor":24,"turns":5},{"damage":1,"enemies":"Slaver and Parasite","floor":27,"turns":6},{"damage":0,"enemies":"Snake Plant","floor":30,"turns":4},{"damage":0,"enemies":"3 Cultists","floor":31,"turns":6},{"damage":41,"enemies":"Champ","floor":33,"turns":12}],"event_choices":[{"event_name":"Scrap Ooze","player_choice":"success","floor":4,"damage_taken":7},{"event_name":"Living Wall","player_choice":"Grow","floor":5,"damage_taken":0},{"event_name":"Golden Idol","player_choice":"Lose Max HP","floor":8,"damage_taken":0},{"event_name":"Golden Shrine","player_choice":"Pray","floor":20,"damage_taken":0},{"event_name":"The Joust","player_choice":"Bet on Owner","floor":22,"damage_taken":0},{"event_name":"Cursed Tome","player_choice":"Obtained Book","floor":25,"damage_taken":0},{"event_name":"Drug Dealer","player_choice":"Ignored","floor":28,"damage_taken":0}],"boss_relics":[{"not_picked":["Runic Dome","Philosopher\u0027s Stone"],"picked":"Sozu"}],"potions_floor_spawned":[3,10,16,18,23,31],"seed_played":"-6180330720918601599","killed_by":"Champ","is_trial":false}