{"gold_per_floor":[118,134,134,146,169,201,201,216,263,263,280,340,352,363,363,363],"floor_reached":16,"playtime":1088,"items_purged":[],"score":120,"play_id":"82be74fb-7ee9-4570-b888-80c8838c31ea","local_time":"20190210203459","is_ascension_mode":true,"campfire_choices":[{"data":"Infinite Blades","floor":7,"key":"SMITH"},{"floor":15,"key":"REST"}],"neow_cost":"NONE","seed_source_timestamp":1270812435347839,"circlet_count":0,"master_deck":["Defend_G","Defend_G","Defend_G","Defend_G","Defend_G","Strike_G","Strike_G","Strike_G","Strike_G","Strike_G","Survivor","Neutralize+1","Accuracy+1","Infinite Blades+1","Sucker Punch","Deflect","Expertise","Accuracy","Blur","Finisher"],"relics":["Ring of the Snake","Potion Belt","Ancient Tea Set","Regal Pillow","Tiny Chest"],"potions_floor_usage":[11,12,12,13,16],"damage_taken":[{"damage":0,"enemies":"Cultist","floor":1,"turns":3},{"damage":5,"enemies":"Jaw Worm","floor":2,"turns":5},{"damage":0,"enemies":"2 Louse","floor":4,"turns":3},{"damage":45,"enemies":"Gremlin Nob","floor":6,"turns":6},{"damage":1,"enemies":"2 Fungi Beasts","floor":8,"turns":4},{"damage":2,"enemies":"Exordium Thugs","floor":11,"turns":6},{"damage":10,"enemies":"3 Sentries","floor":12,"turns":8},{"damage":7,"enemies":"Looter","floor":13,"turns":4},{"damage":0,"enemies":"Blue Slaver","floor":14,"turns":5},{"damage":42,"enemies":"The Guardian","floor":16,"turns":16}],"seed_played":"-4326135513321245847","potions_obtained":[{"floor":6,"key":"AttackPotion"},{"floor":8,"key":"SteroidPotion"},{"floor":11,"key":"Dexterity Potion"},{"floor":12,"key":"Weak Potion"},{"floor":14,"key":"SteroidPotion"}],"is_trial":false,"path_per_floor":["M","M","?","M","T","E","R","M","T","?","M","E","M","M","R","B"],"character_chosen":"THE_SILENT","items_purchased":[],"campfire_rested":1,"item_purchase_floors":[],"current_hp_per_floor":[70,65,70,70,70,25,25,24,24,24,22,12,5,5,42,0],"gold":363,"neow_bonus":"UPGRADE_CARD","is_prod":false,"is_daily":false,"chose_seed":false,"campfire_upgraded":1,"win_rate":0,"timestamp":1549848899,"path_taken":["M","?","?","M","?","E","R","M","T","?","M","E","M","M","R","BOSS"],"build_version":"2019-01-23","purchased_purges":0,"victory":false,"max_hp_per_floor":[70,70,75,75,75,75,75,75,75,75,75,75,75,75,75,75],"card_choices":[{"not_picked":["PiercingWail","Dagger Throw","Masterful Stab"],"picked":"SKIP","floor":1},{"not_picked":["Masterful Stab","Slice"],"picked":"Accuracy","floor":2},{"not_picked":["Storm of Steel","Backflip"],"picked":"Infinite Blades","floor":4},{"not_picked":["Bane","Concentrate"],"picked":"Sucker Punch","floor":6},{"not_picked":["Slice","Caltrops"],"picked":"Deflect","floor":8},{"not_picked":["Dagger Throw","Sucker Punch"],"picked":"Expertise","floor":11},{"not_picked":["Deflect","Acrobatics"],"picked":"Accuracy","floor":12},{"not_picked":["Caltrops","Blade Dance"],"picked":"Blur","floor":13},{"not_picked":["Acrobatics","Escape Plan"],"picked":"Finisher","floor":14}],"player_experience":91923,"relics_obtained":[{"floor":5,"key":"Potion Belt"},{"floor":6,"key":"Ancient Tea Set"},{"floor":9,"key":"Regal Pillow"},{"floor":12,"key":"Tiny Chest"}],"event_choices":[{"damage_healed":0,"gold_gain":0,"player_choice":"Donut","damage_taken":0,"max_hp_gain":5,"max_hp_loss":0,"event_name":"Big Fish","floor":3,"gold_loss":0},{"damage_healed":0,"gold_gain":0,"player_choice":"Grow","damage_taken":0,"max_hp_gain":0,"max_hp_loss":0,"event_name":"Living Wall","floor":10,"gold_loss":0,"cards_upgraded":["Accuracy"]}],"is_beta":false,"boss_relics":[],"items_purged_floors":[],"is_endless":false,"potions_floor_spawned":[6,8,11,12,14],"killed_by":"The Guardian","ascension_level":1}