{"gold_per_floor":[118,118,13,28,28,62,74,88,88,103,123,88,88,118,118,118],"floor_reached":16,"playtime":623,"items_purged":[],"score":233,"play_id":"eee3a758-0454-4e96-ae91-af4115a78294","local_time":"20181212113648","is_ascension_mode":true,"campfire_choices":[{"floor":13,"key":"REST"},{"floor":15,"key":"REST"}],"neow_cost":"NONE","seed_source_timestamp":725997049894,"circlet_count":0,"master_deck":["AscendersBane","Strike_R","Strike_R","Strike_R","Strike_R","Defend_R","Defend_R","Defend_R","Defend_R","Bash","Twin Strike","Headbutt","Rampage","Berserk","Whirlwind","Twin Strike","Flame Barrier","Metallicize","Anger"],"relics":["Burning Blood","NeowsBlessing","Gremlin Horn","Meat on the Bone"],"potions_floor_usage":[10,11],"damage_taken":[{"damage":0,"enemies":"2 Louse","floor":1,"turns":1},{"damage":0,"enemies":"Small Slimes","floor":4,"turns":1},{"damage":0,"enemies":"Lagavulin","floor":6,"turns":1},{"damage":0,"enemies":"Cultist","floor":7,"turns":2},{"damage":12,"enemies":"2 Fungi Beasts","floor":8,"turns":2},{"damage":31,"enemies":"Exordium Wildlife","floor":10,"turns":3},{"damage":15,"enemies":"3 Louse","floor":11,"turns":3},{"damage":49,"enemies":"Gremlin Nob","floor":14,"turns":6},{"damage":59,"enemies":"Slime Boss","floor":16,"turns":7}],"seed_played":"9146121962688244763","potions_obtained":[{"floor":1,"key":"Weak Potion"},{"floor":6,"key":"LiquidBronze"},{"floor":14,"key":"Ancient Potion"}],"is_trial":false,"path_per_floor":["M","?","$","M","?","E","M","M","T","M","M","?","R","E","R","B"],"character_chosen":"IRONCLAD","items_purchased":["Perfected Strike","Headbutt"],"campfire_rested":2,"item_purchase_floors":[3,3],"current_hp_per_floor":[74,67,67,73,73,75,75,69,69,44,35,53,75,32,54,0],"gold":118,"neow_bonus":"THREE_ENEMY_KILL","is_prod":false,"is_daily":false,"chose_seed":false,"campfire_upgraded":0,"win_rate":0,"timestamp":1544614608,"path_taken":["M","?","$","M","?","E","M","M","T","M","?","?","R","E","R","BOSS"],"build_version":"2018-12-06","purchased_purges":0,"victory":false,"max_hp_per_floor":[75,75,75,75,75,75,75,75,75,75,75,75,75,75,75,75],"card_choices":[{"not_picked":["Clash","Reckless Charge"],"picked":"Twin Strike","floor":1},{"not_picked":["Body Slam","Cleave"],"picked":"Rampage","floor":4},{"not_picked":["Clash","Twin Strike"],"picked":"Whirlwind","floor":6},{"not_picked":["Ghostly Armor","Perfected Strike"],"picked":"Twin Strike","floor":7},{"not_picked":["Twin Strike","Evolve"],"picked":"Flame Barrier","floor":8},{"not_picked":["Shockwave","Dual Wield","Carnage"],"picked":"SKIP","floor":10},{"not_picked":["Bludgeon","Twin Strike"],"picked":"Metallicize","floor":11},{"not_picked":["Sword Boomerang","Entrench"],"picked":"Anger","floor":14}],"player_experience":1029277,"relics_obtained":[{"floor":6,"key":"Gremlin Horn"},{"floor":14,"key":"Meat on the Bone"}],"event_choices":[{"cards_removed":["Strike_R"],"damage_healed":0,"gold_gain":0,"player_choice":"Card Removal","damage_taken":7,"max_hp_gain":0,"max_hp_loss":0,"event_name":"Golden Wing","floor":2,"gold_loss":0},{"damage_healed":0,"gold_gain":0,"cards_transformed":["Perfected Strike"],"player_choice":"Transformed","damage_taken":0,"max_hp_gain":0,"max_hp_loss":0,"event_name":"Transmorgrifier","floor":5,"gold_loss":0,"cards_obtained":["Berserk"]},{"damage_healed":18,"gold_gain":0,"player_choice":"Healed","damage_taken":0,"max_hp_gain":0,"max_hp_loss":0,"event_name":"The Cleric","floor":12,"gold_loss":35}],"is_beta":false,"boss_relics":[],"items_purged_floors":[],"is_endless":false,"potions_floor_spawned":[1,6,8,14],"killed_by":"Slime Boss","ascension_level":14}