{"gold_per_floor":[119,119,129,129,204,235,254,284,310,20,51,51,11,36,36,135,135,153,53,67,85,85,85,110,110,110,209,209,220,220,238,238,335,335,349,449,449,465,465,465,62,81,158,168,187,187,48,61,61,61],"floor_reached":51,"playtime":2892,"items_purged":["Strike_B","Strike_B","Chill"],"score":1174,"play_id":"c7b1a8d9-3a1e-4574-98e1-d2dad1098af2","local_time":"20190116174329","is_ascension_mode":true,"campfire_choices":[{"floor":12,"key":"REST"},{"floor":15,"key":"REST"},{"floor":23,"key":"REST"},{"floor":25,"key":"REST"},{"floor":28,"key":"REST"},{"floor":32,"key":"REST"},{"floor":40,"key":"REST"},{"floor":46,"key":"REST"},{"data":"Glacier","floor":49,"key":"SMITH"}],"neow_cost":"NONE","seed_source_timestamp":628086573566362,"circlet_count":0,"master_deck":["AscendersBane","Zap","Dualcast","Undo","Rebound","Compile Driver","Ball Lightning","Storm","Sunder","Buffer","Storm","Echo Form","Biased Cognition","Streamline","Electrodynamics","Defragment+1","Tempest+1","Glacier+1","Meteor Strike","Creative AI","Thunder Strike","Capacitor","Go for the Eyes","Consume","Reinforced Body","Defragment","Reinforced Body","Core Surge","Defragment","Leap"],"relics":["Cracked Core","NeowsBlessing","Art of War","Blood Vial","Bag of Preparation","Peace Pipe","Pantograph","Snecko Eye","Emotion Chip","Pen Nib","Happy Flower","Pandora\u0027s Box","Du-Vu Doll","Dodecahedron","Chemical X","Mummified Hand"],"potions_floor_usage":[11,11,24,33,50],"damage_taken":[{"damage":0,"enemies":"Small Slimes","floor":1,"turns":1},{"damage":0,"enemies":"Cultist","floor":3,"turns":1},{"damage":0,"enemies":"Gremlin Nob","floor":6,"turns":1},{"damage":9,"enemies":"2 Louse","floor":7,"turns":2},{"damage":25,"enemies":"3 Sentries","floor":8,"turns":7},{"damage":7,"enemies":"Lagavulin","floor":11,"turns":6},{"damage":15,"enemies":"3 Sentries","floor":14,"turns":6},{"damage":0,"enemies":"Slime Boss","floor":16,"turns":6},{"damage":0,"enemies":"Spheric Guardian","floor":18,"turns":3},{"damage":4,"enemies":"Shell Parasite","floor":20,"turns":3},{"damage":5,"enemies":"3 Cultists","floor":21,"turns":4},{"damage":22,"enemies":"Colosseum Slavers","floor":22,"turns":3},{"damage":41,"enemies":"Slavers","floor":24,"turns":3},{"damage":16,"enemies":"Snake Plant","floor":29,"turns":2},{"damage":20,"enemies":"Centurion and Healer","floor":31,"turns":3},{"damage":9,"enemies":"Collector","floor":33,"turns":6},{"damage":41,"enemies":"3 Darklings","floor":35,"turns":3},{"damage":36,"enemies":"Mind Bloom Boss Battle","floor":36,"turns":4},{"damage":22,"enemies":"Orb Walker","floor":38,"turns":3},{"damage":18,"enemies":"Spire Growth","floor":42,"turns":3},{"damage":0,"enemies":"Sphere and 2 Shapes","floor":44,"turns":3},{"damage":0,"enemies":"Jaw Worm Horde","floor":45,"turns":2},{"damage":0,"enemies":"4 Shapes","floor":48,"turns":2},{"damage":24,"enemies":"Donu and Deca","floor":50,"turns":3}],"seed_played":"-3536193477979351010","potions_obtained":[{"floor":1,"key":"PowerPotion"},{"floor":2,"key":"SteroidPotion"},{"floor":11,"key":"Poison Potion"},{"floor":16,"key":"Explosive Potion"},{"floor":24,"key":"PowerPotion"},{"floor":33,"key":"SpeedPotion"},{"floor":42,"key":"FocusPotion"}],"is_trial":false,"path_per_floor":["M","?","M","?","?","E","M","E","T","$","E","R","$","E","R","B",null,"M","$","M","M","?","R","E","R","T","?","R","M","?","M","R","B",null,"M","?","?","M","T","R","$","M","T","M","M","R","$","M","R","B",null],"character_chosen":"DEFECT","items_purchased":["Sunder","Buffer","Storm","Reinforced Body","Chemical X","Core Surge","Defragment"],"campfire_rested":8,"item_purchase_floors":[10,10,13,41,41,47,47],"current_hp_per_floor":[68,68,68,61,50,50,41,16,16,16,11,33,33,20,42,69,74,75,75,71,68,48,70,31,53,53,53,75,59,59,41,63,66,73,34,25,66,44,44,63,63,47,47,49,51,66,66,66,66,42],"gold":61,"neow_bonus":"THREE_ENEMY_KILL","is_prod":false,"is_daily":false,"chose_seed":false,"campfire_upgraded":1,"win_rate":0,"timestamp":1547660609,"path_taken":["M","?","?","?","?","E","M","E","T","?","E","R","$","E","R","BOSS","M","$","M","M","?","R","E","R","T","?","R","M","?","?","R","BOSS","M","?","?","M","?","R","?","M","T","?","M","R","$","M","R","BOSS"],"build_version":"2019-01-10","purchased_purges":3,"victory":true,"max_hp_per_floor":[75,75,75,75,75,75,75,75,75,75,75,75,75,75,75,75,75,75,75,75,75,75,75,75,75,75,75,75,75,75,75,75,75,75,75,75,66,66,66,66,66,66,66,66,66,66,66,66,66,66],"card_choices":[{"not_picked":["Auto Shields","Steam"],"picked":"Undo","floor":1},{"not_picked":["Stack","Reinforced Body"],"picked":"Rebound","floor":3},{"not_picked":["Hello World","Double Energy"],"picked":"Compile Driver","floor":6},{"not_picked":["Conserve Battery","Barrage"],"picked":"Ball Lightning","floor":7},{"not_picked":["Reprogram","Conserve Battery"],"picked":"Storm","floor":8},{"not_picked":["Beam Cell","Rip and Tear","Stack"],"picked":"SKIP","floor":11},{"not_picked":["Aggregate","Sunder"],"picked":"Echo Form","floor":14},{"not_picked":["Multi-Cast","Rainbow"],"picked":"Biased Cognition","floor":16},{"not_picked":["Leap","Scrape+1"],"picked":"Streamline","floor":18},{"not_picked":["Gash","Sweeping Beam","Turbo+1"],"picked":"SKIP","floor":20},{"not_picked":["Conserve Battery","Stack"],"picked":"Electrodynamics","floor":21},{"not_picked":["Go for the Eyes","Stack"],"picked":"Defragment+1","floor":24},{"not_picked":["Storm","Darkness"],"picked":"Tempest+1","floor":29},{"not_picked":["BootSequence","Capacitor"],"picked":"Glacier","floor":31},{"not_picked":["Machine Learning","Rainbow"],"picked":"Meteor Strike","floor":33},{"not_picked":["Sweeping Beam","Doom and Gloom"],"picked":"Consume","floor":35},{"not_picked":["Reinforced Body","Sweeping Beam","Streamline+1"],"picked":"SKIP","floor":38},{"not_picked":["Sweeping Beam+1","Seek","Double Energy+1"],"picked":"SKIP","floor":42},{"not_picked":["Cold Snap+1","Ball Lightning"],"picked":"Defragment","floor":44},{"not_picked":["Genetic Algorithm","Compile Driver"],"picked":"Reinforced Body","floor":45},{"not_picked":["Conserve Battery","Rebound"],"picked":"Leap","floor":48}],"player_experience":1189645,"relics_obtained":[{"floor":6,"key":"Art of War"},{"floor":8,"key":"Blood Vial"},{"floor":9,"key":"Bag of Preparation"},{"floor":11,"key":"Peace Pipe"},{"floor":14,"key":"Pantograph"},{"floor":24,"key":"Emotion Chip"},{"floor":26,"key":"Pen Nib"},{"floor":30,"key":"Happy Flower"},{"floor":36,"key":"Du-Vu Doll"},{"floor":39,"key":"Dodecahedron"},{"floor":43,"key":"Mummified Hand"}],"event_choices":[{"damage_healed":0,"gold_gain":0,"player_choice":"Got Potions","damage_taken":0,"max_hp_gain":0,"max_hp_loss":0,"event_name":"Lab","floor":2,"gold_loss":0},{"cards_removed":["Strike_B"],"damage_healed":0,"gold_gain":0,"player_choice":"Card Removal","damage_taken":7,"max_hp_gain":0,"max_hp_loss":0,"event_name":"Golden Wing","floor":4,"gold_loss":0},{"damage_healed":0,"gold_gain":75,"player_choice":"Gather Gold","damage_taken":11,"max_hp_gain":0,"max_hp_loss":0,"event_name":"World of Goop","floor":5,"gold_loss":0},{"damage_healed":0,"gold_gain":0,"player_choice":"Fight","damage_taken":0,"max_hp_gain":0,"max_hp_loss":0,"event_name":"Colosseum","floor":22,"gold_loss":0},{"damage_healed":0,"gold_gain":0,"player_choice":"Fled From Nobs","damage_taken":0,"max_hp_gain":0,"max_hp_loss":0,"event_name":"Colosseum","floor":22,"gold_loss":0},{"damage_healed":0,"gold_gain":99,"player_choice":"Stole From Cult","damage_taken":0,"max_hp_gain":0,"max_hp_loss":0,"event_name":"Nest","floor":27,"gold_loss":0},{"damage_healed":0,"gold_gain":0,"player_choice":"Relic","damage_taken":0,"max_hp_gain":0,"max_hp_loss":0,"event_name":"Wheel of Change","floor":30,"gold_loss":0},{"damage_healed":0,"gold_gain":0,"player_choice":"Fight","damage_taken":0,"max_hp_gain":0,"max_hp_loss":0,"event_name":"MindBloom","floor":36,"gold_loss":0},{"damage_healed":66,"gold_gain":0,"player_choice":"Heal","damage_taken":0,"max_hp_gain":0,"max_hp_loss":9,"event_name":"The Moai Head","floor":37,"gold_loss":0}],"is_beta":false,"boss_relics":[{"not_picked":["Fusion Hammer","Velvet Choker"],"picked":"Snecko Eye"},{"not_picked":["Lizard Tail","Philosopher\u0027s Stone"],"picked":"Pandora\u0027s Box"}],"items_purged_floors":[10,19,41],"is_endless":false,"potions_floor_spawned":[1,11,16,22,24,33,35,42,45,48],"ascension_level":12}