{"gold_per_floor":[211,225,74,74,249,249,260,288,311,323,323,323,323,342,342,445,445,463,403],"floor_reached":19,"playtime":2388,"items_purged":["Defend_B"],"score":167,"play_id":"4d66c63b-927d-41cb-bc9b-ad60abd812c1","local_time":"20190121194805","is_ascension_mode":false,"campfire_choices":[{"floor":6,"key":"RECALL"},{"floor":11,"key":"REST"},{"data":"Hello World","floor":13,"key":"SMITH"},{"floor":15,"key":"REST"}],"neow_cost":"NONE","seed_source_timestamp":221673775178311,"circlet_count":0,"master_deck":["Strike_B","Strike_B","Strike_B","Strike_B","Defend_B","Defend_B","Defend_B","Zap","Dualcast","Hello World+1","Lockon","Consume","Doubt","Melter","Melter","Undo","Core Surge"],"relics":["Cracked Core","Regal Pillow","Potion Belt","Nuclear Battery"],"potions_floor_usage":[8,16],"damage_taken":[{"damage":0,"enemies":"Small Slimes","floor":1,"turns":3},{"damage":0,"enemies":"2 Louse","floor":2,"turns":2},{"damage":6,"enemies":"Cultist","floor":7,"turns":3},{"damage":18,"enemies":"Gremlin Nob","floor":8,"turns":4},{"damage":26,"enemies":"Lots of Slimes","floor":10,"turns":4},{"damage":44,"enemies":"Gremlin Gang","floor":14,"turns":3},{"damage":59,"enemies":"Slime Boss","floor":16,"turns":13},{"damage":45,"enemies":"3 Byrds","floor":18,"turns":6},{"damage":36,"enemies":"2 Thieves","floor":19,"turns":2}],"seed_played":"-7027759770873102677","potions_obtained":[{"floor":1,"key":"Poison Potion"},{"floor":7,"key":"SpeedPotion"},{"floor":8,"key":"GamblersBrew"},{"floor":10,"key":"AttackPotion"}],"is_trial":false,"path_per_floor":["M","M","$","?","?","R","M","E","T","M","R","?","R","M","R","B",null,"M","M"],"character_chosen":"DEFECT","items_purchased":["Consume"],"campfire_rested":2,"item_purchase_floors":[3],"current_hp_per_floor":[75,75,75,80,80,80,74,56,56,30,69,69,69,25,64,5,80,35,0],"gold":403,"neow_bonus":"HUNDRED_GOLD","is_prod":false,"is_daily":false,"chose_seed":false,"campfire_upgraded":1,"win_rate":0,"timestamp":1548107285,"path_taken":["M","M","$","?","?","R","M","E","T","M","R","?","R","M","R","BOSS","M","?"],"build_version":"2019-01-17v2","purchased_purges":1,"victory":false,"max_hp_per_floor":[75,75,75,80,80,80,80,80,80,80,80,80,80,80,80,80,80,80,80],"card_choices":[{"not_picked":["Stack","Rip and Tear"],"picked":"Hello World","floor":1},{"not_picked":["Compile Driver","Go for the Eyes"],"picked":"Lockon","floor":2},{"not_picked":["Gash","Streamline"],"picked":"Melter","floor":7},{"not_picked":["Gash","Steam"],"picked":"Melter","floor":8},{"not_picked":["Go for the Eyes","Ball Lightning","Fusion"],"picked":"SKIP","floor":10},{"not_picked":["Go for the Eyes","Skim"],"picked":"Undo","floor":14},{"not_picked":["Fission","All For One"],"picked":"Core Surge","floor":16},{"not_picked":["Ball Lightning+1","Go for the Eyes","Turbo"],"picked":"SKIP","floor":18}],"player_experience":312229,"relics_obtained":[{"floor":8,"key":"Regal Pillow"}],"event_choices":[{"damage_healed":0,"gold_gain":0,"player_choice":"Donut","damage_taken":0,"max_hp_gain":5,"max_hp_loss":0,"event_name":"Big Fish","floor":4,"gold_loss":0},{"damage_healed":0,"gold_gain":175,"player_choice":"AGREE","damage_taken":0,"max_hp_gain":0,"max_hp_loss":0,"event_name":"Liars Game","floor":5,"gold_loss":0,"cards_obtained":["Doubt"]},{"damage_healed":0,"gold_gain":0,"player_choice":"Gave Potion","damage_taken":0,"relics_obtained":["Potion Belt"],"max_hp_gain":0,"max_hp_loss":0,"event_name":"WeMeetAgain","floor":12,"gold_loss":0}],"is_beta":false,"boss_relics":[{"not_picked":["Ectoplasm","Runic Dome"],"picked":"Nuclear Battery"}],"items_purged_floors":[3],"is_endless":false,"potions_floor_spawned":[1,7,8,10],"killed_by":"2 Thieves","ascension_level":0}