{"gold_per_floor":[113,113,133,148,148,148,179,179,232,13,44,219,27,67,67,208,208,240,253,178,93,43,88,88,107,107,127,146,11,11,11,11,11],"floor_reached":33,"playtime":1038,"items_purged":["Strike_B","Strike_B","Strike_B"],"score":276,"play_id":"9f7dedb5-5acd-410a-8fb8-15f0c78d658d","local_time":"20190209161456","is_ascension_mode":true,"campfire_choices":[{"data":"Zap","floor":6.0,"key":"SMITH"},{"data":"Dualcast","floor":8.0,"key":"SMITH"},{"data":"Panache","floor":15,"key":"SMITH"},{"floor":24,"key":"REST"},{"floor":30,"key":"REST"},{"floor":32,"key":"REST"}],"neow_cost":"CURSE","seed_source_timestamp":1761684279439407,"circlet_count":0,"master_deck":["Defend_B","Defend_B","Defend_B","Defend_B","Zap+1","Dualcast+1","Rip and Tear","Self Repair","Gash","HandOfGreed","FTL","Panache+1","Auto Shields","Electrodynamics","Steam","Skim","Hologram","Defragment","Flash of Steel","Defend_B"],"special_seed":0,"relics":["Cracked Core","Nunchaku","Art of War","Smiling Mask","Inserter","Dead Branch","Bag of Marbles","Du-Vu Doll"],"potions_floor_usage":[16,23,23,27],"damage_taken":[{"damage":0.0,"enemies":"Small Slimes","floor":1.0,"turns":2.0},{"damage":6.0,"enemies":"2 Louse","floor":3.0,"turns":2.0},{"damage":1.0,"enemies":"Jaw Worm","floor":4.0,"turns":3.0},{"damage":30.0,"enemies":"Gremlin Nob","floor":7.0,"turns":4.0},{"damage":7.0,"enemies":"Blue Slaver","floor":11.0,"turns":2.0},{"damage":6,"enemies":"Exordium Wildlife","floor":14,"turns":5},{"damage":26,"enemies":"Slime Boss","floor":16,"turns":10},{"damage":17,"enemies":"Spheric Guardian","floor":18,"turns":4},{"damage":0,"enemies":"Chosen","floor":19,"turns":4},{"damage":41,"enemies":"Book of Stabbing","floor":23,"turns":6},{"damage":23,"enemies":"Snake Plant","floor":25,"turns":5},{"damage":21,"enemies":"Colosseum Slavers","floor":27,"turns":4},{"damage":15,"enemies":"Centurion and Healer","floor":28,"turns":5},{"damage":74,"enemies":"Champ","floor":33,"turns":8}],"seed_played":"8106980654328073999","potions_obtained":[{"floor":4.0,"key":"Dexterity Potion"},{"floor":7.0,"key":"Strength Potion"},{"floor":14,"key":"FearPotion"},{"floor":19,"key":"Explosive Potion"}],"is_trial":false,"path_per_floor":["M","?","M","M","$","R","E","R","T","$","M","?","$","M","R","B",null,"M","M","?","?","$","E","R","M","T","?","M","$","R","?","R","B"],"character_chosen":"DEFECT","items_purchased":["HandOfGreed","Panache","Flash of Steel"],"campfire_rested":3,"item_purchase_floors":[10,13,29],"current_hp_per_floor":[75,75,69,75,75,75,52,52,52,52,52,52,52,53,53,34,75,65,72,72,72,72,38,60,44,44,23,15,15,37,37,59,0],"gold":11,"neow_bonus":"ONE_RARE_RELIC","is_prod":false,"is_daily":false,"chose_seed":false,"campfire_upgraded":3,"win_rate":0,"timestamp":1549746896,"path_taken":["M","?","M","M","$","R","E","R","T","$","M","?","$","M","R","BOSS","M","M","?","?","?","E","R","M","T","?","M","$","R","?","R","BOSS"],"build_version":"2019-02-06","purchased_purges":3,"victory":false,"max_hp_per_floor":[75,75,75,75,75,75,75,75,75,75,75,75,75,75,75,75,75,75,75,75,75,75,75,75,75,75,75,75,75,75,75,75,75],"card_choices":[{"not_picked":["Stack","Static Discharge"],"picked":"Rip and Tear","floor":1.0},{"not_picked":["Recycle","Rebound"],"picked":"Self Repair","floor":3.0},{"not_picked":["Reprogram","Redo","Recycle"],"picked":"SKIP","floor":4.0},{"not_picked":["Sweeping Beam","Loop"],"picked":"Gash","floor":7.0},{"not_picked":["Compile Driver","Streamline"],"picked":"FTL","floor":11.0},{"not_picked":["Core Surge","Turbo"],"picked":"Auto Shields","floor":14},{"not_picked":["Meteor Strike","Buffer"],"picked":"Electrodynamics","floor":16},{"not_picked":["Redo","Undo"],"picked":"Steam","floor":18},{"not_picked":["Consume","Cold Snap"],"picked":"Skim","floor":19},{"not_picked":["Conserve Battery","Leap+1"],"picked":"Hologram","floor":23},{"not_picked":["Turbo","Sweeping Beam"],"picked":"Defragment","floor":25},{"not_picked":["Redo","Genetic Algorithm+1","Coolheaded+1"],"picked":"SKIP","floor":28}],"player_experience":651511,"relics_obtained":[{"floor":7.0,"key":"Art of War"},{"floor":9.0,"key":"Smiling Mask"},{"floor":23,"key":"Bag of Marbles"},{"floor":26,"key":"Du-Vu Doll"}],"event_choices":[{"cards_removed":["Writhe"],"damage_healed":0.0,"max_hp_gain":0.0,"max_hp_loss":0.0,"gold_gain":0.0,"event_name":"Living Wall","player_choice":"Forget","floor":2.0,"gold_loss":0.0,"damage_taken":0.0},{"damage_healed":0.0,"max_hp_gain":0.0,"max_hp_loss":0.0,"gold_gain":175.0,"event_name":"Liars Game","player_choice":"AGREE","floor":12.0,"gold_loss":0.0,"damage_taken":0.0,"cards_obtained":["Doubt"]},{"cards_removed":["Doubt"],"damage_healed":0,"gold_gain":0,"player_choice":"Gave Gold","damage_taken":0,"max_hp_gain":0,"max_hp_loss":0,"event_name":"Beggar","floor":20,"gold_loss":75},{"damage_healed":0,"gold_gain":0,"player_choice":"Obtained Relic","damage_taken":0,"relics_obtained":["Dead Branch"],"max_hp_gain":0,"max_hp_loss":0,"event_name":"Addict","floor":21,"gold_loss":85},{"damage_healed":0,"gold_gain":0,"player_choice":"Fight","damage_taken":0,"max_hp_gain":0,"max_hp_loss":0,"event_name":"Colosseum","floor":27,"gold_loss":0},{"damage_healed":0,"gold_gain":0,"player_choice":"Fled From Nobs","damage_taken":0,"max_hp_gain":0,"max_hp_loss":0,"event_name":"Colosseum","floor":27,"gold_loss":0},{"cards_removed":["Strike_B"],"damage_healed":0,"gold_gain":0,"player_choice":"Took Card","damage_taken":0,"max_hp_gain":0,"max_hp_loss":0,"event_name":"NoteForYourself","floor":31,"gold_loss":0,"cards_obtained":["Defend_B"]}],"is_beta":true,"boss_relics":[{"not_picked":["Sozu","Snecko Eye"],"picked":"Inserter"}],"items_purged_floors":[10,22,29],"is_endless":false,"potions_floor_spawned":[4,7,14,19,27],"killed_by":"Champ","ascension_level":1}