{"path_per_floor":["M","M","?","M","M","E","M","M","T","?","$","E","R","M","R","B",null,"M","M","$","M","M","R","?","R","T","M","E","M","R","M","R","B",null,"M","$","M","M","?","R"],"character_chosen":"THE_SILENT","items_purchased":["Acrobatics","Predator","Footwork","Poisoned Stab","Escape Plan","Noxious Fumes","Bouncing Flask","Pen Nib"],"gold_per_floor":[117,134,134,154,168,199,180,199,199,199,62,94,94,108,108,203,203,219,236,2,21,34,34,134,134,134,154,188,207,207,218,218,319,319,338,24,38,58,58,58],"floor_reached":41,"campfire_rested":4,"playtime":6483,"current_hp_per_floor":[69,65,58,56,55,40,29,20,20,20,20,8,29,29,29,14,70,70,66,66,66,31,52,52,52,52,51,29,4,25,11,32,9,70,28,28,27,35,35,35],"items_purged":["Defend_G","Defend_G","Strike_G"],"gold":58,"play_id":"c042ff97-9e17-4426-956b-2759cd9e2c41","is_prod":false,"is_daily":false,"campfire_rituals":0,"campfire_upgraded":2,"is_hardmode":false,"path_taken":["M","M","?","M","M","E","M","M","T","?","?","E","R","M","R","BOSS","M","?","$","M","M","R","?","R","T","M","E","M","R","M","R","BOSS","M","$","M","M","?","R","E"],"build_version":"2018-01-18-PROD4","purchased_purges":3,"victory":false,"master_deck":["Defend_G","Defend_G","Defend_G","Strike_G","Survivor","Neutralize","Infinite Blades","Blur","Prepared","Escape Plan","Dodge and Roll","Prepared","Sucker Punch","Acrobatics","Predator","A Thousand Cuts","Envenom","Well Laid Plans","Footwork","Slice","Flying Knee","Eviscerate","Footwork","Poisoned Stab","Escape Plan","Quick Slash","Backstab","Choke","Die Die Die","Distraction","Noxious Fumes","Bouncing Flask","Dagger Throw"],"max_hp_per_floor":[70,70,70,70,70,70,70,70,70,70,70,70,70,70,70,70,70,70,70,70,70,70,70,70,70,70,70,70,70,70,70,70,70,70,70,70,70,70,70,70],"relics":["Ring of the Snake","Gambling Chip","Smiling Mask","Frozen Eye","Mummified Hand","Astrolabe","Sundial","Girya","Lizard Tail","Pen Nib"],"campfire_meditates":0,"card_choices":[{"not_picked":["Flechettes","Backstab"],"picked":"Infinite Blades"},{"not_picked":["Well Laid Plans","Quick Slash"],"picked":"Blur"},{"not_picked":["Backstab","Calculated Gamble"],"picked":"Prepared"},{"not_picked":["PiercingWail","Deadly Poison"],"picked":"Escape Plan"},{"not_picked":["Flechettes","Crippling Poison"],"picked":"Dodge and Roll"},{"not_picked":["Slice","Deflect"],"picked":"Prepared"},{"not_picked":["Blade Dance","Skewer"],"picked":"Sucker Punch"},{"not_picked":["Dagger Throw","Doppelganger"],"picked":"A Thousand Cuts"},{"not_picked":["Tools of the Trade","Die Die Die"],"picked":"Envenom"},{"not_picked":["PiercingWail","Crippling Poison"],"picked":"Flying Knee"},{"not_picked":["Prepared","Masterful Stab"],"picked":"Eviscerate"},{"not_picked":["Blur","Crippling Poison"],"picked":"Quick Slash"},{"not_picked":["Deadly Poison","Sucker Punch"],"picked":"Backstab"},{"not_picked":["Corpse Explosion","Bane"],"picked":"Choke"},{"not_picked":["Envenom","Glass Knife"],"picked":"Die Die Die"},{"not_picked":["Prepared","Acrobatics"],"picked":"Distraction"},{"not_picked":["Outmaneuver","Backstab"],"picked":"Dagger Throw"}],"player_experience":17661,"potions_floor_usage":[6,12,16,18,18,22,27,28],"damage_taken":[{"damage":1,"enemies":"Cultist","floor":1,"turns":5},{"damage":4,"enemies":"Blue Slaver","floor":2,"turns":7},{"damage":2,"enemies":"2 Louse","floor":4,"turns":4},{"damage":1,"enemies":"Exordium Wildlife","floor":5,"turns":6},{"damage":15,"enemies":"Lagavulin","floor":6,"turns":15},{"damage":11,"enemies":"Exordium Thugs","floor":7,"turns":5},{"damage":9,"enemies":"Gremlin Gang","floor":8,"turns":8},{"damage":12,"enemies":"Gremlin Nob","floor":12,"turns":4},{"damage":0,"enemies":"3 Louse","floor":14,"turns":3},{"damage":15,"enemies":"The Guardian","floor":16,"turns":14},{"damage":0,"enemies":"Spheric Guardian","floor":18,"turns":4},{"damage":4,"enemies":"3 Byrds","floor":19,"turns":4},{"damage":0,"enemies":"Sentry and Sphere","floor":21,"turns":5},{"damage":35,"enemies":"Chosen and Byrds","floor":22,"turns":5},{"damage":16,"enemies":"Centurion and Healer","floor":27,"turns":6},{"damage":22,"enemies":"Book of Stabbing","floor":28,"turns":6},{"damage":25,"enemies":"Snake Plant","floor":29,"turns":3},{"damage":14,"enemies":"Sentry and Sphere","floor":31,"turns":8},{"damage":23,"enemies":"Collector","floor":33,"turns":8},{"damage":42,"enemies":"3 Shapes","floor":35,"turns":4},{"damage":1,"enemies":"Orb Walker","floor":37,"turns":3},{"damage":29,"enemies":"Sphere and 2 Shapes","floor":38,"turns":6},{"damage":39,"enemies":"Giant Head","floor":41,"turns":7}],"event_choices":[{"event_name":"Scrap Ooze","player_choice":"success","floor":3,"damage_taken":7},{"event_name":"Living Wall","player_choice":"Grow","floor":10,"damage_taken":0},{"event_name":"Golden Shrine","player_choice":"Pray","floor":24,"damage_taken":0},{"event_name":"Upgrade Shrine","player_choice":"Upgraded","floor":39,"damage_taken":0}],"boss_relics":[{"not_picked":["Runic Pyramid","The Specimen"],"picked":"Astrolabe"},{"not_picked":["Calling Bell","Tiny House"],"picked":"Lizard Tail"}],"potions_floor_spawned":[1,5,12,14,16,19,21,22,33,35],"seed_played":"-1088254377676572236","killed_by":"Giant Head","is_trial":false}