{"gold_per_floor":[111,386,401,413,48,81,101,118,199,227,227,239,239,251,251,355,355,371,371,371,386,9,39,51,97,109,151,174,186,211,241,253,367,379,411,23,23,23,40,40,73,73,73,107,107,142,242,254,254,254],"floor_reached":51,"playtime":1733,"items_purged":["Regret","Hyperbeam+1"],"score":921,"play_id":"5a4373b7-d931-4f6b-9bf6-694b863a9a1d","local_time":"20190121154503","is_ascension_mode":true,"campfire_choices":[{"data":"Fission","floor":11,"key":"SMITH"},{"data":"Defragment","floor":13,"key":"SMITH"},{"data":"Zap","floor":15,"key":"SMITH"},{"floor":29,"key":"REST"},{"floor":32,"key":"REST"},{"data":"Buffer","floor":40,"key":"SMITH"},{"floor":42,"key":"REST"},{"data":"Capacitor","floor":49,"key":"SMITH"}],"neow_cost":"NONE","seed_source_timestamp":117615063383360,"circlet_count":0,"master_deck":["Defend_B","Defend_B","Barrage","Compile Driver","Ball Lightning","Fission+1","Go for the Eyes","Defragment+1","Barrage","Beam Cell","Cold Snap","Echo Form","Defragment","Panache","Ball Lightning","Bite","Bite","Bite","Bite","Bite","BootSequence","Steam+1","Capacitor+1","Barrage+1","Buffer+1","Capacitor+1","Amplify+1","Cold Snap+1","Panache","Finesse","Loop+1","Seek","Glacier+1"],"relics":["Cracked Core","NeowsBlessing","Orichalcum","DataDisk","Shuriken","Emotion Chip","Runic Pyramid","Runic Capacitor","MawBank","Blood Vial","Mummified Hand","Anchor","Astrolabe","DollysMirror","Frozen Egg 2","Singing Bowl","Lantern","Oddly Smooth Stone","Boot","Mango"],"potions_floor_usage":[20,23,25,33,41,50,50,50],"damage_taken":[{"damage":0,"enemies":"Small Slimes","floor":1,"turns":1},{"damage":0,"enemies":"Cultist","floor":3,"turns":1},{"damage":0,"enemies":"Jaw Worm","floor":4,"turns":1},{"damage":2,"enemies":"Gremlin Nob","floor":6,"turns":3},{"damage":8,"enemies":"2 Fungi Beasts","floor":7,"turns":3},{"damage":8,"enemies":"Exordium Thugs","floor":8,"turns":3},{"damage":17,"enemies":"3 Sentries","floor":10,"turns":5},{"damage":1,"enemies":"Blue Slaver","floor":12,"turns":2},{"damage":0,"enemies":"Large Slime","floor":14,"turns":4},{"damage":8,"enemies":"Hexaghost","floor":16,"turns":6},{"damage":2,"enemies":"Chosen","floor":18,"turns":3},{"damage":0,"enemies":"3 Byrds","floor":20,"turns":1},{"damage":6,"enemies":"Centurion and Healer","floor":21,"turns":4},{"damage":12,"enemies":"Gremlin Leader","floor":23,"turns":5},{"damage":18,"enemies":"Book of Stabbing","floor":25,"turns":3},{"damage":31,"enemies":"Slavers","floor":27,"turns":4},{"damage":8,"enemies":"Snake Plant","floor":28,"turns":4},{"damage":17,"enemies":"Sentry and Sphere","floor":30,"turns":4},{"damage":0,"enemies":"Chosen and Byrds","floor":31,"turns":3},{"damage":15,"enemies":"Champ","floor":33,"turns":7},{"damage":0,"enemies":"Orb Walker","floor":35,"turns":4},{"damage":0,"enemies":"3 Shapes","floor":39,"turns":5},{"damage":31,"enemies":"Reptomancer","floor":41,"turns":5},{"damage":0,"enemies":"Nemesis","floor":44,"turns":5},{"damage":3,"enemies":"Giant Head","floor":46,"turns":6},{"damage":10,"enemies":"Mind Bloom Boss Battle","floor":47,"turns":5},{"damage":0,"enemies":"Sphere and 2 Shapes","floor":48,"turns":3},{"damage":34,"enemies":"Donu and Deca","floor":50,"turns":6}],"seed_played":"-3083865198224298585","potions_obtained":[{"floor":1,"key":"SmokeBomb"},{"floor":4,"key":"LiquidBronze"},{"floor":7,"key":"Explosive Potion"},{"floor":14,"key":"FocusPotion"},{"floor":28,"key":"Fire Potion"},{"floor":30,"key":"Swift Potion"},{"floor":33,"key":"FearPotion"},{"floor":41,"key":"FearPotion"},{"floor":47,"key":"FearPotion"}],"is_trial":false,"path_per_floor":["?","M","?","?","?","T","?","?"],"character_chosen":"DEFECT","items_purchased":["Fission","Orichalcum","Runic Capacitor","Panache","DollysMirror","Finesse"],"campfire_rested":3,"item_purchase_floors":[5,5,22,22,36,36],"current_hp_per_floor":[75,75,75,75,75,73,65,57,57,40,40,39,39,39,39,31,75,73,73,73,67,67,55,52,38,38,19,21,36,27,31,46,43,52,52,52,49,49,49,49,32,47,47,53,53,53,63,69,69,43],"gold":254,"neow_bonus":"THREE_ENEMY_KILL","is_prod":false,"is_daily":false,"chose_seed":false,"campfire_upgraded":5,"win_rate":0,"timestamp":1548103503,"path_taken":["M","?","M","M","$","E","M","M","T","E","R","?","R","M","R","BOSS","M","?","M","M","$","E","?","E","T","E","M","R","M","M","R","BOSS","M","$","?","?","M","R","E","R","T","E","?","E","?","M","R","BOSS"],"build_version":"2019-01-20","purchased_purges":2,"victory":true,"max_hp_per_floor":[75,75,75,75,75,75,75,75,75,75,75,75,75,75,75,75,75,75,75,75,75,75,75,52,52,52,52,52,52,52,52,52,52,52,52,52,49,49,49,49,51,51,51,53,53,53,67,69,69,69],"card_choices":[{"not_picked":["Auto Shields","Conserve Battery"],"picked":"Barrage","floor":1},{"not_picked":["Steam Power","Leap"],"picked":"Compile Driver","floor":3},{"not_picked":["Redo","Sunder"],"picked":"Ball Lightning","floor":4},{"not_picked":["Sweeping Beam","All For One"],"picked":"Go for the Eyes","floor":6},{"not_picked":["Steam Power","Lockon","Storm"],"picked":"SKIP","floor":7},{"not_picked":["Darkness","Lockon"],"picked":"Defragment","floor":8},{"not_picked":["Compile Driver","Steam"],"picked":"Barrage","floor":10},{"not_picked":["Compile Driver","Sunder"],"picked":"Beam Cell","floor":12},{"not_picked":["Conserve Battery","Compile Driver"],"picked":"Cold Snap","floor":14},{"not_picked":["Meteor Strike","Hyperbeam"],"picked":"Echo Form","floor":16},{"not_picked":["Sweeping Beam","Go for the Eyes"],"picked":"Defragment","floor":18},{"not_picked":["Coolheaded","Beam Cell","Tempest"],"picked":"SKIP","floor":21},{"not_picked":["Stack","Recycle"],"picked":"Ball Lightning","floor":23},{"not_picked":["Rebound+1","Go for the Eyes"],"picked":"BootSequence","floor":25},{"not_picked":["Redo","Amplify","Skim"],"picked":"SKIP","floor":27},{"not_picked":["Compile Driver","Rebound+1"],"picked":"Steam+1","floor":28},{"not_picked":["Redo","Aggregate+1"],"picked":"Capacitor","floor":30},{"not_picked":["Coolheaded","Go for the Eyes"],"picked":"Barrage+1","floor":31},{"not_picked":["Echo Form","Multi-Cast"],"picked":"Buffer","floor":33},{"not_picked":["Hello World+1","Gash"],"picked":"Cold Snap+1","floor":35},{"not_picked":["Barrage","Streamline+1"],"picked":"Loop+1","floor":39},{"not_picked":["Redo","Gash","Compile Driver+1"],"picked":"Singing Bowl","floor":41},{"not_picked":["Rebound","Conserve Battery","Sweeping Beam+1"],"picked":"Singing Bowl","floor":44},{"not_picked":["Steam+1","Beam Cell"],"picked":"Seek","floor":46},{"not_picked":["Compile Driver","Echo Form+1"],"picked":"Glacier+1","floor":47},{"not_picked":["Beam Cell","Hello World+1","Fusion"],"picked":"Singing Bowl","floor":48}],"player_experience":622184,"relics_obtained":[{"floor":6,"key":"DataDisk"},{"floor":9,"key":"Shuriken"},{"floor":10,"key":"Emotion Chip"},{"floor":23,"key":"MawBank"},{"floor":25,"key":"Blood Vial"},{"floor":26,"key":"Mummified Hand"},{"floor":27,"key":"Anchor"},{"floor":38,"key":"Frozen Egg 2"},{"floor":41,"key":"Singing Bowl"},{"floor":43,"key":"Lantern"},{"floor":44,"key":"Oddly Smooth Stone"},{"floor":46,"key":"Boot"},{"floor":47,"key":"Mango"}],"event_choices":[{"damage_healed":0,"gold_gain":275,"player_choice":"Desecrate","damage_taken":0,"max_hp_gain":0,"max_hp_loss":0,"event_name":"Golden Shrine","floor":2,"gold_loss":0,"cards_obtained":["Regret"]},{"damage_healed":0,"gold_gain":0,"player_choice":"Ignored","damage_taken":0,"max_hp_gain":0,"max_hp_loss":0,"event_name":"Ghosts","floor":19,"gold_loss":0},{"damage_healed":0,"gold_gain":0,"player_choice":"Became a vampire","damage_taken":0,"max_hp_gain":0,"max_hp_loss":23,"event_name":"Vampires","floor":24,"gold_loss":0,"cards_obtained":["Bite","Bite","Bite","Bite","Bite"]},{"damage_healed":0,"gold_gain":0,"player_choice":"Max HP","damage_taken":0,"max_hp_gain":0,"max_hp_loss":3,"event_name":"Winding Halls","floor":37,"gold_loss":0},{"cards_removed":["Zap"],"damage_healed":0,"gold_gain":0,"player_choice":"Removed Skill","damage_taken":0,"max_hp_gain":0,"max_hp_loss":0,"event_name":"Falling","floor":45,"gold_loss":0},{"damage_healed":0,"gold_gain":0,"player_choice":"Fight","damage_taken":0,"max_hp_gain":0,"max_hp_loss":0,"event_name":"MindBloom","floor":47,"gold_loss":0}],"is_beta":true,"boss_relics":[{"not_picked":["Lizard Tail","Eternal Feather"],"picked":"Runic Pyramid"},{"not_picked":["Velvet Choker","Inserter"],"picked":"Astrolabe"}],"items_purged_floors":[5,36],"is_endless":false,"potions_floor_spawned":[1,4,7,14,16,20,28,30,33,41,47,48],"ascension_level":1}