{"gold_per_floor":[111,111,13,113,136,177,193,212,212,137,152,171,202,46,46,170,170,186,211,211,231,251,292,292,308,308,308,331,182,182,56,56,184,184,197,197,256,48,381,381],"floor_reached":40,"playtime":2858,"items_purged":["Injury"],"score":464,"play_id":"04c62949-47de-414c-a06f-1037719c0b49","local_time":"20190203152554","is_ascension_mode":false,"campfire_choices":[{"floor":15.0,"key":"REST"},{"floor":24.0,"key":"REST"},{"floor":27.0,"key":"RECALL"},{"floor":32.0,"key":"REST"}],"neow_cost":"NONE","seed_source_timestamp":0,"circlet_count":0,"master_deck":["Strike_B","Strike_B","Strike_B","Defend_B","Defend_B","Zap","Dualcast","Loop","Turbo","Hello World","Genetic Algorithm","Capacitor","Leap","Glacier","Blizzard","Seek","Conserve Battery+1","Reboot+1","Sunder+1","Melter","Chill","Hello World+1","Capacitor+1","Seek","Glacier","Streamline","Defragment","Apotheosis"],"special_seed":0,"relics":["FrozenCore","NeowsBlessing","Gremlin Horn","Dream Catcher","Bronze Scales","Astrolabe","Omamori","Matryoshka","Mercury Hourglass","Centennial Puzzle","Shovel","DataDisk","Tiny Chest","Incense Burner"],"potions_floor_usage":[],"damage_taken":[{"damage":0.0,"enemies":"2 Louse","floor":1.0,"turns":1.0},{"damage":0.0,"enemies":"Cultist","floor":5.0,"turns":1.0},{"damage":0.0,"enemies":"3 Sentries","floor":6.0,"turns":1.0},{"damage":0.0,"enemies":"Jaw Worm","floor":7.0,"turns":4.0},{"damage":0.0,"enemies":"2 Fungi Beasts","floor":8.0,"turns":3.0},{"damage":10.0,"enemies":"Large Slime","floor":11.0,"turns":7.0},{"damage":8.0,"enemies":"Blue Slaver","floor":12.0,"turns":5.0},{"damage":15.0,"enemies":"Lagavulin","floor":13.0,"turns":9.0},{"damage":28.0,"enemies":"Hexaghost","floor":16.0,"turns":11.0},{"damage":24.0,"enemies":"2 Thieves","floor":18.0,"turns":5.0},{"damage":8.0,"enemies":"3 Byrds","floor":21.0,"turns":5.0},{"damage":0.0,"enemies":"Snecko","floor":22.0,"turns":5.0},{"damage":22.0,"enemies":"Gremlin Leader","floor":23.0,"turns":9.0},{"damage":1.0,"enemies":"Sentry and Sphere","floor":25.0,"turns":4.0},{"damage":18.0,"enemies":"Snake Plant","floor":28.0,"turns":5.0},{"damage":5.0,"enemies":"Collector","floor":33.0,"turns":12.0},{"damage":6,"enemies":"3 Darklings","floor":35,"turns":6},{"damage":36,"enemies":"2 Orb Walkers","floor":37,"turns":7},{"damage":37,"enemies":"Reptomancer","floor":40,"turns":2}],"seed_played":"-646533720114228013","potions_obtained":[{"floor":1.0,"key":"Swift Potion"},{"floor":6.0,"key":"Weak Potion"},{"floor":8.0,"key":"EntropicBrew"},{"floor":13.0,"key":"FearPotion"},{"floor":25.0,"key":"Strength Potion"},{"floor":35,"key":"FearPotion"}],"is_trial":false,"path_per_floor":["M","?","$","?","M","E","M","M","T","$","M","M","E","$","R","B",null,"M","T","?","M","M","E","R","M","T","R","M","$","?","$","R","B",null,"M","?","?","$","?","E"],"character_chosen":"DEFECT","items_purchased":["Turbo","Glacier","Bronze Scales","DataDisk","Tiny Chest","Defragment","Apotheosis"],"campfire_rested":3,"item_purchase_floors":[3,10,14,29,31,38,38],"current_hp_per_floor":[75,75,75,75,75,75,75,75,75,75,65,57,42,42,64,36,75,51,51,51,43,43,21,43,42,42,42,24,24,24,24,46,41,75,69,69,33,33,33,0],"gold":381,"neow_bonus":"THREE_ENEMY_KILL","is_prod":false,"is_daily":false,"chose_seed":false,"campfire_upgraded":0,"win_rate":0,"timestamp":1549214754,"path_taken":["M","?","$","?","M","E","M","?","T","$","?","M","E","?","R","BOSS","M","?","?","M","M","E","R","M","T","R","M","$","?","$","R","BOSS","M","?","?","$","?","E"],"build_version":"2019-01-23","purchased_purges":1,"victory":false,"max_hp_per_floor":[75,75,75,75,75,75,75,75,75,75,75,75,75,75,75,75,75,75,75,75,75,75,75,75,75,75,75,75,75,75,75,75,75,75,75,75,75,75,75,75],"card_choices":[{"not_picked":["Sunder","Reprogram"],"picked":"Loop","floor":1.0},{"not_picked":["Hologram","Steam"],"picked":"Hello World","floor":5.0},{"not_picked":["Barrage","Core Surge"],"picked":"Genetic Algorithm","floor":6.0},{"not_picked":["Sweeping Beam","Ball Lightning"],"picked":"Capacitor","floor":7.0},{"not_picked":["Turbo","Compile Driver"],"picked":"Leap","floor":8.0},{"not_picked":["Go for the Eyes","Barrage","Rebound"],"picked":"SKIP","floor":11.0},{"not_picked":["Rip and Tear","Steam"],"picked":"Blizzard","floor":12.0},{"not_picked":["Sweeping Beam","Barrage","Streamline"],"picked":"SKIP","floor":13.0},{"not_picked":["All For One","Fission"],"picked":"Seek","floor":16.0},{"not_picked":["Go for the Eyes","Turbo"],"picked":"Melter","floor":18.0},{"not_picked":["Streamline","Reinforced Body","Aggregate"],"picked":"SKIP","floor":21.0},{"not_picked":["Hologram","Coolheaded"],"picked":"Chill","floor":22.0},{"not_picked":["Rip and Tear","Beam Cell"],"picked":"Hello World+1","floor":23.0},{"not_picked":["Sunder+1","Rebound"],"picked":"Capacitor+1","floor":24.0},{"not_picked":["Leap","Beam Cell","Sweeping Beam"],"picked":"SKIP","floor":25.0},{"not_picked":["Doom and Gloom","Double Energy","Tempest"],"picked":"SKIP","floor":28.0},{"not_picked":["Echo Form","All For One"],"picked":"Seek","floor":33.0},{"not_picked":["Streamline+1","Skim+1"],"picked":"Glacier","floor":35},{"not_picked":["Gash","Compile Driver+1"],"picked":"Streamline","floor":37}],"player_experience":352902,"relics_obtained":[{"floor":6.0,"key":"Gremlin Horn"},{"floor":13.0,"key":"Dream Catcher"},{"floor":19.0,"key":"Omamori"},{"floor":23.0,"key":"Mercury Hourglass"},{"floor":26.0,"key":"Centennial Puzzle"},{"floor":26.0,"key":"Shovel"},{"floor":37,"key":"Incense Burner"}],"event_choices":[{"damage_healed":0.0,"max_hp_gain":0.0,"max_hp_loss":0.0,"gold_gain":0.0,"event_name":"Golden Idol","player_choice":"Take Wound","floor":2.0,"gold_loss":0.0,"damage_taken":0.0,"relics_obtained":["Golden Idol"],"cards_obtained":["Injury"]},{"damage_healed":0.0,"max_hp_gain":0.0,"max_hp_loss":0.0,"gold_gain":100.0,"event_name":"Golden Shrine","player_choice":"Pray","floor":4.0,"gold_loss":0.0,"damage_taken":0.0},{"damage_healed":0.0,"max_hp_gain":0.0,"max_hp_loss":0.0,"gold_gain":0.0,"event_name":"The Mausoleum","player_choice":"Opened","floor":20.0,"gold_loss":0.0,"damage_taken":0.0,"relics_obtained":["Matryoshka"],"cards_obtained":["Writhe"]},{"damage_healed":0.0,"max_hp_gain":0.0,"max_hp_loss":0.0,"gold_gain":0.0,"event_name":"Ghosts","player_choice":"Ignored","floor":30.0,"gold_loss":0.0,"damage_taken":0.0},{"damage_healed":0,"gold_gain":0,"player_choice":"Ignored","damage_taken":0,"max_hp_gain":0,"max_hp_loss":0,"event_name":"Tomb of Lord Red Mask","floor":36,"gold_loss":0},{"damage_healed":0,"gold_gain":0,"player_choice":"Fight","damage_taken":0,"max_hp_gain":0,"max_hp_loss":0,"event_name":"Mysterious Sphere","floor":37,"gold_loss":0},{"damage_healed":0,"gold_gain":333,"player_choice":"Gave Idol","damage_taken":0,"max_hp_gain":0,"max_hp_loss":0,"event_name":"The Moai Head","floor":39,"relics_lost":["Golden Idol"],"gold_loss":0}],"is_beta":false,"boss_relics":[{"not_picked":["Fusion Hammer","Orrery"],"picked":"Astrolabe"},{"not_picked":["Sozu","Runic Dome"],"picked":"FrozenCore"}],"items_purged_floors":[3],"is_endless":false,"potions_floor_spawned":[1,6,8,12,13,18,25,28,35],"killed_by":"Reptomancer","ascension_level":0}