{"gold_per_floor":[116,132,132,151,169,204,204,233,233,233],"floor_reached":10,"playtime":535,"items_purged":[],"score":117,"play_id":"4e6c369d-0601-49fe-b54a-769757db0a80","local_time":"20190127175234","is_ascension_mode":true,"campfire_choices":[{"floor":7,"key":"REST"}],"neow_cost":"NONE","seed_source_timestamp":59615148738546,"circlet_count":0,"master_deck":["AscendersBane","Strike_B","Strike_B","Strike_B","Defend_B","Defend_B","Defend_B","Zap","Dualcast","Redo","Defragment","Chaos","Loop","Cold Snap","Doom and Gloom"],"relics":["Cracked Core","Shuriken","Matryoshka","Pantograph","StoneCalendar"],"potions_floor_usage":[6,10],"damage_taken":[{"damage":0,"enemies":"Small Slimes","floor":1,"turns":3},{"damage":0,"enemies":"Cultist","floor":2,"turns":2},{"damage":9,"enemies":"Jaw Worm","floor":4,"turns":4},{"damage":6,"enemies":"2 Fungi Beasts","floor":5,"turns":3},{"damage":33,"enemies":"Gremlin Nob","floor":6,"turns":4},{"damage":31,"enemies":"3 Sentries","floor":8,"turns":8},{"damage":21,"enemies":"Gremlin Nob","floor":10,"turns":3}],"seed_played":"-8317423198265015466","potions_obtained":[{"floor":2,"key":"PowerPotion"},{"floor":8,"key":"SpeedPotion"}],"is_trial":false,"path_per_floor":["M","M","?","M","M","E","R","E","T","E"],"character_chosen":"DEFECT","items_purchased":[],"campfire_rested":1,"item_purchase_floors":[],"current_hp_per_floor":[68,68,68,59,53,20,42,11,11,0],"gold":233,"neow_bonus":"REMOVE_CARD","is_prod":false,"is_daily":false,"chose_seed":false,"campfire_upgraded":0,"win_rate":0,"timestamp":1548633154,"path_taken":["M","M","?","M","M","E","R","E","T","E"],"build_version":"2019-01-23","purchased_purges":0,"victory":false,"max_hp_per_floor":[75,75,75,75,75,75,75,75,75,75],"card_choices":[{"not_picked":["Compile Driver","Turbo"],"picked":"Redo","floor":1},{"not_picked":["Turbo","Go for the Eyes"],"picked":"Defragment","floor":2},{"not_picked":["Barrage","Conserve Battery"],"picked":"Chaos","floor":4},{"not_picked":["Redo","Genetic Algorithm"],"picked":"Loop","floor":5},{"not_picked":["Rip and Tear","Glacier"],"picked":"Cold Snap","floor":6},{"not_picked":["Lockon","Sweeping Beam"],"picked":"Doom and Gloom","floor":8}],"player_experience":225295,"relics_obtained":[{"floor":6,"key":"Shuriken"},{"floor":8,"key":"Matryoshka"},{"floor":9,"key":"Pantograph"},{"floor":9,"key":"StoneCalendar"}],"event_choices":[{"cards_removed":["Strike_B"],"damage_healed":0,"gold_gain":0,"player_choice":"Offered Basic","damage_taken":0,"max_hp_gain":0,"max_hp_loss":0,"event_name":"Bonfire Elementals","floor":3,"gold_loss":0}],"is_beta":false,"boss_relics":[],"items_purged_floors":[],"is_endless":false,"potions_floor_spawned":[2,8],"killed_by":"Gremlin Nob","ascension_level":10}