{"gold_per_floor":[116,41,41,56,72,72,82,96,121,153,164,193,143,143,143,242,242,255,269,47,60,76,108,108,133,133,161,161,178,210,210,210,314,314,332,23,23,0,0,33,33,59,111,131,81,115,115,131,131,131],"floor_reached":51,"playtime":2338,"items_purged":["Defend_G","Strike_G","Crippling Poison","Strike_G"],"score":1065,"play_id":"99c48ba9-d089-4bf9-9e46-c1b848ce27be","local_time":"20180909132357","is_ascension_mode":true,"campfire_choices":[{"data":"Cloak And Dagger","floor":6.0,"key":"SMITH"},{"data":"A Thousand Cuts","floor":15,"key":"SMITH"},{"data":"Accuracy","floor":24,"key":"SMITH"},{"data":"Adrenaline","floor":32,"key":"SMITH"},{"data":"After Image","floor":41,"key":"SMITH"},{"data":"Deflect","floor":49,"key":"SMITH"}],"neow_cost":"NONE","seed_source_timestamp":2127786715567468,"circlet_count":0,"master_deck":["Defend_G","Defend_G","Defend_G","Strike_G","Survivor","Neutralize+1","Backstab","Cloak And Dagger+1","A Thousand Cuts+1","Backstab","Blade Dance","After Image+1","Cloak And Dagger+1","Deflect+1","Accuracy+1","Trip","Adrenaline+1","Infinite Blades","Blade Dance","Distraction+1","Adrenaline+1","Blade Dance+1","After Image+1","Decay"],"special_seed":0,"relics":["Ring of the Snake","Bag of Marbles","Anchor","Smiling Mask","White Beast Statue","Potion Belt","Pen Nib","Ninja Scroll","Paper Crane","Frozen Egg 2","WristBlade","Shuriken","Red Mask","Blood Vial","Incense Burner","PreservedInsect","Strawberry"],"potions_floor_usage":[19,21,22,22,23,27,33,33,33,33,40,46,46,50,50,50,50,50],"damage_taken":[{"damage":0.0,"enemies":"2 Louse","floor":1.0,"turns":3.0},{"damage":4.0,"enemies":"Small Slimes","floor":4.0,"turns":4.0},{"damage":0.0,"enemies":"Jaw Worm","floor":5.0,"turns":3.0},{"damage":1.0,"enemies":"2 Fungi Beasts","floor":7.0,"turns":3.0},{"damage":4.0,"enemies":"Blue Slaver","floor":8.0,"turns":3.0},{"damage":20.0,"enemies":"3 Sentries","floor":10.0,"turns":8.0},{"damage":0.0,"enemies":"3 Louse","floor":11.0,"turns":2.0},{"damage":0.0,"enemies":"Gremlin Nob","floor":12.0,"turns":2.0},{"damage":20,"enemies":"The Guardian","floor":16,"turns":12},{"damage":2,"enemies":"3 Byrds","floor":18,"turns":4},{"damage":0,"enemies":"Spheric Guardian","floor":19,"turns":3},{"damage":5,"enemies":"Centurion and Healer","floor":21,"turns":5},{"damage":0,"enemies":"Snecko","floor":22,"turns":1},{"damage":0,"enemies":"Slavers","floor":23,"turns":3},{"damage":3,"enemies":"Gremlin Leader","floor":25,"turns":5},{"damage":1,"enemies":"Book of Stabbing","floor":27,"turns":5},{"damage":0,"enemies":"Snake Plant","floor":29,"turns":1},{"damage":0,"enemies":"Gremlin Leader","floor":30,"turns":1},{"damage":19,"enemies":"Automaton","floor":33,"turns":7},{"damage":0,"enemies":"Orb Walker","floor":35,"turns":2},{"damage":0,"enemies":"Nemesis","floor":40,"turns":3},{"damage":0,"enemies":"Giant Head","floor":42,"turns":3},{"damage":0,"enemies":"3 Darklings","floor":44,"turns":2},{"damage":0,"enemies":"Nemesis","floor":46,"turns":1},{"damage":0,"enemies":"Spire Growth","floor":48,"turns":3},{"damage":25,"enemies":"Time Eater","floor":50,"turns":7}],"seed_played":"-1640920282786671795","potions_obtained":[{"floor":7.0,"key":"Strength Potion"},{"floor":10.0,"key":"Energy Potion"},{"floor":11.0,"key":"Fire Potion"},{"floor":16,"key":"SteroidPotion"},{"floor":18,"key":"Strength Potion"},{"floor":19,"key":"Energy Potion"},{"floor":21,"key":"SkillPotion"},{"floor":22,"key":"Dexterity Potion"},{"floor":23,"key":"SkillPotion"},{"floor":25,"key":"SkillPotion"},{"floor":27,"key":"Block Potion"},{"floor":29,"key":"LiquidBronze"},{"floor":30,"key":"SkillPotion"},{"floor":33,"key":"AttackPotion"},{"floor":35,"key":"LiquidBronze"},{"floor":40,"key":"SteroidPotion"},{"floor":42,"key":"PowerPotion"},{"floor":44,"key":"PowerPotion"},{"floor":46,"key":"Fire Potion"}],"is_trial":false,"path_per_floor":["M","$","?","M","M","R","M","M","T","E","M","E","?","?","R","B",null,"M","M","$","M","M","E","R","E","T","E","?","M","E","?","R","B",null,"M","$","?","?","?","E","R","E","T","M","$","E","?","M","R","B"],"character_chosen":"THE_SILENT","items_purchased":["Accuracy","Trip","Shuriken"],"campfire_rested":0,"item_purchase_floors":[20,20,36],"current_hp_per_floor":[70,70,70,66,66,66,65,61,61,41,41,41,41,34,34,14,70,68,68,68,63,63,63,63,60,60,59,59,59,59,59,59,40,70,70,70,70,70,70,70,70,70,70,70,70,77,77,77,77,66],"gold":131,"neow_bonus":"UPGRADE_CARD","is_prod":false,"is_daily":false,"chose_seed":false,"campfire_upgraded":6,"win_rate":0,"timestamp":1536513837,"path_taken":["M","$","?","M","M","R","M","M","T","E","M","E","?","?","R","BOSS","M","M","$","M","M","E","R","E","T","E","?","M","E","?","R","BOSS","M","$","?","?","?","E","R","E","T","M","$","E","?","?","R","BOSS"],"build_version":"2018-09-06","purchased_purges":4,"victory":true,"max_hp_per_floor":[70,70,70,70,70,70,70,70,70,70,70,70,70,70,70,70,70,70,70,70,70,70,70,70,70,70,70,70,70,70,70,70,70,70,70,70,70,70,70,70,70,70,70,70,70,77,77,77,77,77],"card_choices":[{"not_picked":["Acrobatics","Deflect"],"picked":"Well Laid Plans","floor":1.0},{"not_picked":["Dodge and Roll","PiercingWail"],"picked":"Backstab","floor":4.0},{"not_picked":["Accuracy","Bane"],"picked":"Cloak And Dagger","floor":5.0},{"not_picked":["Acrobatics","Concentrate"],"picked":"Crippling Poison","floor":7.0},{"not_picked":["Tactician","Leg Sweep","Concentrate"],"picked":"SKIP","floor":8.0},{"not_picked":["Slice","Tactician"],"picked":"A Thousand Cuts","floor":10.0},{"not_picked":["Acrobatics","Dodge and Roll"],"picked":"Backstab","floor":11.0},{"not_picked":["Concentrate","Masterful Stab"],"picked":"Blade Dance","floor":12},{"not_picked":["Venomology","Night Terror"],"picked":"After Image","floor":16},{"not_picked":["Blade Dance","Choke"],"picked":"Cloak And Dagger+1","floor":18},{"not_picked":["Expertise","Poisoned Stab"],"picked":"Deflect","floor":19},{"not_picked":["Flying Knee+1","PiercingWail+1"],"picked":"Adrenaline","floor":21},{"not_picked":["Dagger Spray","Deadly Poison+1"],"picked":"Infinite Blades","floor":22},{"not_picked":["Underhanded Strike+1","Glass Knife"],"picked":"Blade Dance","floor":23},{"not_picked":["Bane","Bouncing Flask+1"],"picked":"Distraction+1","floor":25},{"not_picked":["Blur","Underhanded Strike"],"picked":"Adrenaline","floor":27},{"not_picked":["PiercingWail+1","Dash"],"picked":"Blade Dance+1","floor":29},{"not_picked":["Acrobatics+1","Flying Knee+1","Cloak And Dagger"],"picked":"SKIP","floor":30},{"not_picked":["Doppelganger","Malaise"],"picked":"After Image+1","floor":33},{"not_picked":["Bane","PiercingWail+1","Deadly Poison+1"],"picked":"SKIP","floor":35},{"not_picked":["Slice","Dodge and Roll+1","Crippling Poison+1"],"picked":"SKIP","floor":40},{"not_picked":["Acrobatics","Dagger Spray","Masterful Stab"],"picked":"SKIP","floor":42},{"not_picked":["Backflip","Prepared","Deadly Poison"],"picked":"SKIP","floor":44},{"not_picked":["Riddle With Holes+1","Acrobatics","Bane"],"picked":"SKIP","floor":46},{"not_picked":["Backflip+1","Bane","Dagger Spray"],"picked":"SKIP","floor":48}],"player_experience":332030,"relics_obtained":[{"floor":9.0,"key":"Bag of Marbles"},{"floor":10.0,"key":"Anchor"},{"floor":12,"key":"Smiling Mask"},{"floor":23,"key":"Potion Belt"},{"floor":25,"key":"Pen Nib"},{"floor":26,"key":"Ninja Scroll"},{"floor":27,"key":"Paper Crane"},{"floor":30,"key":"Frozen Egg 2"},{"floor":40,"key":"Blood Vial"},{"floor":42,"key":"Incense Burner"},{"floor":43,"key":"PreservedInsect"},{"floor":46,"key":"Strawberry"}],"event_choices":[{"event_name":"Liars Game","player_choice":"disagreed","floor":3.0,"damage_taken":0.0},{"event_name":"The Cleric","player_choice":"Card Removal","floor":13,"damage_taken":0},{"event_name":"Golden Wing","player_choice":"Card Removal","floor":14,"damage_taken":0},{"event_name":"Cursed Tome","player_choice":"Ignored","floor":28,"damage_taken":0},{"event_name":"Purifier","player_choice":"One Purge","floor":31,"damage_taken":0},{"event_name":"Upgrade Shrine","player_choice":"Upgraded","floor":37,"damage_taken":0},{"event_name":"Tomb of Lord Red Mask","player_choice":"Paid","floor":38,"damage_taken":0},{"event_name":"Falling","player_choice":"Removed Power","floor":39,"damage_taken":0},{"event_name":"Wheel of Change","player_choice":"Curse","floor":47,"damage_taken":0}],"is_beta":true,"boss_relics":[{"not_picked":["Ectoplasm","Lizard Tail"],"picked":"White Beast Statue"},{"not_picked":["Velvet Choker","Orrery"],"picked":"WristBlade"}],"items_purged_floors":[2,20,36,45],"is_endless":false,"potions_floor_spawned":[7,10,11,16,18,19,21,22,23,25,27,29,30,33,35,40,42,44,46,48],"ascension_level":2}