{"gold_per_floor":[117,135,150,168,168,195,206,239,289,305,305,305,322,337,337,438,438,438],"floor_reached":18,"playtime":1926,"items_purged":[],"score":185,"play_id":"a339c06c-46b5-4cb4-94db-0ee1fd830854","local_time":"20190206021204","is_ascension_mode":true,"campfire_choices":[{"floor":11.0,"key":"REST"},{"floor":15.0,"key":"RECALL"}],"neow_cost":"NONE","seed_source_timestamp":188866192370058,"circlet_count":0,"master_deck":["Strike_R","Strike_R","Strike_R","Strike_R","Strike_R","Defend_R","Defend_R","Defend_R","Bash","Clothesline","Headbutt","Immolate","Headbutt","True Grit","Intimidate","Evolve","Immolate","Flame Barrier","Spot Weakness","Bludgeon"],"special_seed":0,"relics":["Burning Blood","Matryoshka","Incense Burner","Omamori","Runic Pyramid"],"potions_floor_usage":[16,16,16,18],"damage_taken":[{"damage":1.0,"enemies":"Cultist","floor":1.0,"turns":3.0},{"damage":0.0,"enemies":"2 Louse","floor":2.0,"turns":4.0},{"damage":6.0,"enemies":"Jaw Worm","floor":3.0,"turns":3.0},{"damage":11.0,"enemies":"2 Fungi Beasts","floor":4.0,"turns":3.0},{"damage":52.0,"enemies":"Lagavulin","floor":6.0,"turns":7.0},{"damage":12.0,"enemies":"Large Slime","floor":7.0,"turns":5.0},{"damage":9.0,"enemies":"3 Sentries","floor":8.0,"turns":2.0},{"damage":18.0,"enemies":"Exordium Thugs","floor":10.0,"turns":6.0},{"damage":12.0,"enemies":"Blue Slaver","floor":13.0,"turns":3.0},{"damage":0.0,"enemies":"Gremlin Gang","floor":14.0,"turns":2.0},{"damage":35,"enemies":"The Guardian","floor":16,"turns":7},{"damage":0,"enemies":"Chosen","floor":18,"turns":4}],"seed_played":"262322249958879957","potions_obtained":[{"floor":2.0,"key":"Strength Potion"},{"floor":7.0,"key":"Energy Potion"},{"floor":8.0,"key":"AttackPotion"},{"floor":13.0,"key":"Explosive Potion"},{"floor":14.0,"key":"LiquidBronze"},{"floor":16,"key":"Block Potion"}],"is_trial":false,"path_per_floor":["M","M","M","M","?","E","M","E","T","M","R","?","M","M","R","B",null,"M"],"character_chosen":"IRONCLAD","items_purchased":[],"campfire_rested":1,"item_purchase_floors":[],"current_hp_per_floor":[88,88,88,83,83,37,31,28,28,16,42,42,36,42,42,13,88,88],"gold":438,"neow_bonus":"TEN_PERCENT_HP_BONUS","is_prod":false,"is_daily":false,"chose_seed":false,"campfire_upgraded":0,"win_rate":0,"timestamp":1549415524,"path_taken":["M","?","M","M","?","E","M","E","T","M","R","?","M","M","R","BOSS","M"],"build_version":"2019-01-23","purchased_purges":0,"victory":false,"max_hp_per_floor":[88,88,88,88,88,88,88,88,88,88,88,88,88,88,88,88,88,88],"card_choices":[{"not_picked":["Flex","Havoc"],"picked":"Clothesline","floor":1.0},{"not_picked":["Flex","Warcry"],"picked":"Headbutt","floor":2.0},{"not_picked":["Armaments","Sword Boomerang"],"picked":"Immolate","floor":3.0},{"not_picked":["Metallicize","Twin Strike"],"picked":"Headbutt","floor":4.0},{"not_picked":["Armaments","Flex"],"picked":"True Grit","floor":6.0},{"not_picked":["Battle Trance","Searing Blow"],"picked":"Intimidate","floor":7.0},{"not_picked":["Shrug It Off","Clash"],"picked":"Evolve","floor":8.0},{"not_picked":["Pummel","Bloodletting"],"picked":"Immolate","floor":10.0},{"not_picked":["Clothesline","Armaments"],"picked":"Flame Barrier","floor":13.0},{"not_picked":["Fire Breathing","Heavy Blade"],"picked":"Spot Weakness","floor":14.0},{"not_picked":["Exhume","Brutality"],"picked":"Bludgeon","floor":16}],"player_experience":166918,"relics_obtained":[{"floor":6.0,"key":"Matryoshka"},{"floor":8.0,"key":"Incense Burner"},{"floor":9.0,"key":"Omamori"}],"event_choices":[{"cards_removed":["Defend_R"],"damage_healed":0.0,"max_hp_gain":0.0,"max_hp_loss":0.0,"gold_gain":0.0,"event_name":"Living Wall","player_choice":"Forget","floor":5.0,"gold_loss":0.0,"damage_taken":0.0},{"damage_healed":0.0,"max_hp_gain":0.0,"max_hp_loss":0.0,"gold_gain":0.0,"event_name":"Shining Light","player_choice":"Ignored","floor":12.0,"gold_loss":0.0,"damage_taken":0.0}],"is_beta":false,"boss_relics":[{"not_picked":["Runic Cube","Astrolabe"],"picked":"Runic Pyramid"}],"items_purged_floors":[],"is_endless":false,"potions_floor_spawned":[2,7,8,13,14,16],"killed_by":"Chosen","ascension_level":1}