{"gold_per_floor":[117,192,210,225,243,243,243,243,269,285,3,36,36,36,36,137,137,155,165,177,21,21,21,21,21,21,21,32,58,58,73,73,73],"floor_reached":33,"playtime":2738,"items_purged":[],"score":265,"play_id":"ee88f952-5290-477a-9808-4a95c8fb225c","local_time":"20190123023420","is_ascension_mode":false,"campfire_choices":[{"floor":6,"key":"REST"},{"data":"Metallicize","floor":8,"key":"SMITH"},{"data":"Whirlwind","floor":13,"key":"SMITH"},{"data":"Feel No Pain","floor":15,"key":"SMITH"},{"floor":23,"key":"REST"},{"floor":25,"key":"REST"},{"data":"Barricade","floor":27,"key":"SMITH"},{"floor":32,"key":"REST"}],"neow_cost":"PERCENT_DAMAGE","seed_source_timestamp":16454447239300,"circlet_count":0,"master_deck":["Strike_R","Strike_R","Strike_R","Strike_R","Defend_R","Defend_R","Defend_R","Defend_R","Bash","Metallicize+1","Pommel Strike","Corruption","Feel No Pain+1","Shockwave","Whirlwind+1","Carnage","Barricade+1","Heavy Blade","Ghostly Armor+1","Disarm+1","Armaments","Flex","Clothesline"],"relics":["Burning Blood","Gambling Chip","Oddly Smooth Stone","Kunai","Ancient Tea Set","Philosopher\u0027s Stone","Lantern","Boot","Bag of Preparation"],"potions_floor_usage":[10,12,16,20,28,28,29],"damage_taken":[{"damage":15,"enemies":"2 Louse","floor":1,"turns":3},{"damage":4,"enemies":"Jaw Worm","floor":3,"turns":6},{"damage":2,"enemies":"Small Slimes","floor":4,"turns":4},{"damage":4,"enemies":"Looter","floor":5,"turns":4},{"damage":15,"enemies":"Exordium Thugs","floor":10,"turns":6},{"damage":8,"enemies":"Lagavulin","floor":12,"turns":10},{"damage":19,"enemies":"Slime Boss","floor":16,"turns":9},{"damage":21,"enemies":"Shell Parasite","floor":18,"turns":6},{"damage":29,"enemies":"2 Thieves","floor":19,"turns":4},{"damage":44,"enemies":"Centurion and Healer","floor":20,"turns":6},{"damage":27,"enemies":"Sentry and Sphere","floor":28,"turns":5},{"damage":27,"enemies":"Slavers","floor":29,"turns":10},{"damage":13,"enemies":"Shelled Parasite and Fungi","floor":31,"turns":6},{"damage":53,"enemies":"Automaton","floor":33,"turns":12}],"seed_played":"-5033320911666139789","potions_obtained":[{"floor":4,"key":"SteroidPotion"},{"floor":10,"key":"Weak Potion"},{"floor":12,"key":"SteroidPotion"},{"floor":18,"key":"Regen Potion"},{"floor":20,"key":"Swift Potion"},{"floor":22,"key":"Strength Potion"},{"floor":22,"key":"Energy Potion"}],"is_trial":false,"path_per_floor":["M","?","M","M","M","R","?","R","T","M","$","E","R","?","R","B",null,"M","M","M","$","?","R","$","R","T","R","M","E","?","M","R","B"],"character_chosen":"IRONCLAD","items_purchased":["Kunai","Whirlwind","Lantern"],"campfire_rested":4,"item_purchase_floors":[11,11,21],"current_hp_per_floor":[47,36,38,42,44,68,68,68,68,59,59,57,57,57,57,44,80,65,42,19,19,19,43,43,67,67,67,46,25,25,18,42,0],"gold":73,"neow_bonus":"ONE_RARE_RELIC","is_prod":false,"is_daily":false,"chose_seed":false,"campfire_upgraded":4,"win_rate":0.0,"timestamp":1548239660,"path_taken":["M","?","M","M","M","R","?","R","T","M","$","E","R","?","R","BOSS","M","M","M","$","?","R","?","R","T","R","M","E","?","M","R","BOSS"],"build_version":"2019-01-17v2","purchased_purges":0,"victory":false,"max_hp_per_floor":[80,80,80,80,80,80,80,80,80,80,80,80,80,80,80,80,80,80,80,80,80,80,80,80,80,80,80,80,80,80,80,80,80],"card_choices":[{"not_picked":["Wild Strike","Body Slam"],"picked":"Metallicize","floor":1},{"not_picked":["Sword Boomerang","Evolve"],"picked":"Pommel Strike","floor":3},{"not_picked":["Body Slam","Havoc"],"picked":"Corruption","floor":4},{"not_picked":["Sever Soul","Evolve"],"picked":"Feel No Pain","floor":5},{"not_picked":["Inflame","Cleave"],"picked":"Shockwave","floor":10},{"not_picked":["Bludgeon","Wild Strike"],"picked":"Carnage","floor":12},{"not_picked":["Juggernaut","Offering"],"picked":"Barricade","floor":16},{"not_picked":["Twin Strike","Perfected Strike"],"picked":"Heavy Blade","floor":18},{"not_picked":["True Grit","Double Tap"],"picked":"Ghostly Armor+1","floor":19},{"not_picked":["Sword Boomerang","Armaments"],"picked":"Disarm+1","floor":20},{"not_picked":["Bloodletting","Barricade"],"picked":"Armaments","floor":28},{"not_picked":["Cleave+1","Berserk"],"picked":"Flex","floor":29},{"not_picked":["Anger","Headbutt"],"picked":"Clothesline","floor":31}],"player_experience":50142,"relics_obtained":[{"floor":9,"key":"Oddly Smooth Stone"},{"floor":12,"key":"Ancient Tea Set"},{"floor":26,"key":"Boot"},{"floor":29,"key":"Bag of Preparation"}],"event_choices":[{"damage_healed":0,"gold_gain":75,"player_choice":"Gather Gold","damage_taken":11,"max_hp_gain":0,"max_hp_loss":0,"event_name":"World of Goop","floor":2,"gold_loss":0},{"damage_healed":0,"gold_gain":0,"player_choice":"Ignored","damage_taken":0,"max_hp_gain":0,"max_hp_loss":0,"event_name":"Liars Game","floor":7,"gold_loss":0},{"damage_healed":0,"gold_gain":0,"player_choice":"Ignored","damage_taken":0,"max_hp_gain":0,"max_hp_loss":0,"event_name":"Shining Light","floor":14,"gold_loss":0},{"damage_healed":0,"gold_gain":0,"player_choice":"Got Potions","damage_taken":0,"max_hp_gain":0,"max_hp_loss":0,"event_name":"Lab","floor":22,"gold_loss":0},{"cards_removed":["Strike_R"],"damage_healed":0,"gold_gain":0,"player_choice":"Elegance","damage_taken":0,"max_hp_gain":0,"max_hp_loss":0,"event_name":"Back to Basics","floor":30,"gold_loss":0}],"is_beta":false,"boss_relics":[{"not_picked":["Orrery","Busted Crown"],"picked":"Philosopher\u0027s Stone"}],"items_purged_floors":[],"is_endless":false,"potions_floor_spawned":[4,10,12,18,20],"killed_by":"Automaton","ascension_level":0}