{"gold_per_floor":[117,117,117,136,147,178,143,172,172,183,183,195,195,211,211,286,286,306,323,323],"floor_reached":20,"playtime":605,"items_purged":[],"score":369,"play_id":"19f7eec3-6545-47d9-b8e3-d4fa0b023d3d","local_time":"20190207020043","is_ascension_mode":true,"campfire_choices":[{"floor":11,"key":"REST"},{"data":"Heavy Blade","floor":13,"key":"SMITH"},{"data":"Infernal Blade","floor":15,"key":"SMITH"}],"neow_cost":"NONE","seed_source_timestamp":2275622380143623,"circlet_count":0,"master_deck":["AscendersBane","Strike_R","Strike_R","Strike_R","Strike_R","Defend_R","Defend_R","Defend_R","Defend_R","Bash","Cleave","Decay","Spot Weakness","Infernal Blade+1","Shrug It Off","Heavy Blade+1","Clothesline","Demon Form+1","Offering","Shrug It Off"],"relics":["Burning Blood","NeowsBlessing","Regal Pillow","Frozen Egg 2","Mercury Hourglass","Cursed Key"],"potions_floor_usage":[16,20],"damage_taken":[{"damage":0,"enemies":"Small Slimes","floor":1,"turns":1},{"damage":0,"enemies":"Cultist","floor":4,"turns":1},{"damage":0,"enemies":"Jaw Worm","floor":5,"turns":1},{"damage":46,"enemies":"Gremlin Nob","floor":6,"turns":5},{"damage":44,"enemies":"3 Sentries","floor":8,"turns":9},{"damage":8,"enemies":"Looter","floor":10,"turns":3},{"damage":8,"enemies":"Blue Slaver","floor":12,"turns":2},{"damage":9,"enemies":"3 Louse","floor":14,"turns":2},{"damage":19,"enemies":"The Guardian","floor":16,"turns":6},{"damage":20,"enemies":"3 Byrds","floor":18,"turns":4},{"damage":19,"enemies":"Shell Parasite","floor":19,"turns":4},{"damage":38,"enemies":"Masked Bandits","floor":20,"turns":3}],"seed_played":"7373212714997986060","potions_obtained":[{"floor":4,"key":"Ancient Potion"},{"floor":10,"key":"Strength Potion"},{"floor":12,"key":"Dexterity Potion"},{"floor":18,"key":"EssenceOfSteel"}],"is_trial":false,"path_per_floor":["M","?","?","M","M","E","?","E","T","M","R","M","R","M","R","B",null,"M","M","?"],"character_chosen":"IRONCLAD","items_purchased":[],"campfire_rested":1,"item_purchase_floors":[],"current_hp_per_floor":[74,67,67,73,75,35,53,15,15,13,50,48,48,45,45,32,64,50,37,0],"gold":323,"neow_bonus":"THREE_ENEMY_KILL","is_prod":false,"is_daily":false,"chose_seed":false,"campfire_upgraded":2,"win_rate":0,"timestamp":1549522843,"path_taken":["M","?","?","M","?","E","?","E","T","M","R","M","R","M","R","BOSS","M","M","?"],"build_version":"2019-01-23","purchased_purges":0,"victory":false,"max_hp_per_floor":[75,75,75,75,75,75,75,75,75,75,75,75,75,75,75,75,75,75,75,75],"card_choices":[{"not_picked":["Pommel Strike","Heavy Blade"],"picked":"Cleave","floor":1},{"not_picked":["Flex","Pommel Strike"],"picked":"Spot Weakness","floor":4},{"not_picked":["Burning Pact","Sever Soul","Fire Breathing"],"picked":"SKIP","floor":5},{"not_picked":["Searing Blow","Evolve"],"picked":"Infernal Blade","floor":6},{"not_picked":["Metallicize","Perfected Strike"],"picked":"Shrug It Off","floor":8},{"not_picked":["Clash","Anger"],"picked":"Heavy Blade","floor":10},{"not_picked":["Carnage","Blood for Blood"],"picked":"Clothesline","floor":12},{"not_picked":["Corruption+1","Pummel"],"picked":"Demon Form+1","floor":14},{"not_picked":["Exhume","Barricade+1"],"picked":"Offering","floor":16},{"not_picked":["Rupture+1","Body Slam+1"],"picked":"Shrug It Off","floor":18},{"not_picked":["Clash","Clothesline","Twin Strike"],"picked":"SKIP","floor":19}],"player_experience":534032,"relics_obtained":[{"floor":6,"key":"Regal Pillow"},{"floor":8,"key":"Frozen Egg 2"},{"floor":9,"key":"Mercury Hourglass"}],"event_choices":[{"cards_removed":["Strike_R"],"damage_healed":0,"gold_gain":0,"player_choice":"Card Removal","damage_taken":7,"max_hp_gain":0,"max_hp_loss":0,"event_name":"Golden Wing","floor":2,"gold_loss":0},{"damage_healed":0,"gold_gain":0,"player_choice":"Cursed","damage_taken":0,"max_hp_gain":0,"max_hp_loss":0,"event_name":"Wheel of Change","floor":3,"gold_loss":0,"cards_obtained":["Decay"]},{"damage_healed":18,"gold_gain":0,"player_choice":"Healed","damage_taken":0,"max_hp_gain":0,"max_hp_loss":0,"event_name":"The Cleric","floor":7,"gold_loss":35},{"damage_healed":0,"gold_gain":0,"player_choice":"Fought Bandits","damage_taken":0,"max_hp_gain":0,"max_hp_loss":0,"event_name":"Masked Bandits","floor":20,"gold_loss":0}],"is_beta":false,"boss_relics":[{"not_picked":["Astrolabe","Eternal Feather"],"picked":"Cursed Key"}],"items_purged_floors":[],"is_endless":false,"potions_floor_spawned":[4,10,12,18],"killed_by":"Masked Bandits","ascension_level":15}