{"gold_per_floor":[115,115,40,50,61,91,91,123,123,158,23,23,42,42,42,141,141,154,253,281,281,191,191,27,27,81,101,101,114,15,31,31,136,186,205,205,171,184,112,112,129,147,173,173,173,191,191,203,203,203],"floor_reached":51,"playtime":4883,"items_purged":["Parasite","Strike_B","Strike_B"],"score":907,"play_id":"91aa5848-a235-47fc-bc73-2ef98607c1eb","local_time":"20181128203959","is_ascension_mode":true,"campfire_choices":[{"floor":7,"key":"REST"},{"floor":12,"key":"REST"},{"data":"Defragment","floor":15,"key":"SMITH"},{"data":"Fission","floor":23,"key":"SMITH"},{"data":"Glacier","floor":28,"key":"SMITH"},{"data":"Self Repair","floor":32,"key":"SMITH"},{"data":"Thunder Strike","floor":40,"key":"SMITH"},{"data":"Glacier","floor":44,"key":"SMITH"},{"data":"Capacitor","floor":49,"key":"SMITH"}],"neow_cost":"CURSE","seed_source_timestamp":418759483167466,"circlet_count":0,"master_deck":["Defend_B+1","Defend_B+1","Defend_B+1","Defend_B+1","Zap","Dualcast","Gash","Coolheaded","Sweeping Beam","Compile Driver","Defragment+1","Core Surge","Glacier+1","Capacitor+1","Fission+1","Melter+1","Ghostly+1","Ghostly","Ghostly","Ghostly","Ghostly","Cold Snap","FTL+1","Gash","Go for the Eyes","Self Repair+1","Steam+1","Thunder Strike+1","Beam Cell+1","Go for the Eyes+1","Melter","Cold Snap+1","Sunder","Glacier+1","Self Repair","Cold Snap","Consume+1"],"relics":["Cracked Core","Ice Cream","Bronze Scales","StoneCalendar","Pantograph","Calipers","Emotion Chip","Empty Cage","Red Mask","Whetstone","Tiny House","Blood Vial","Spirit Poop"],"potions_floor_usage":[6,10,20,20,33,33,35,41,41,50,50],"damage_taken":[{"damage":1,"enemies":"Cultist","floor":1,"turns":4},{"damage":0,"enemies":"Small Slimes","floor":4,"turns":2},{"damage":5,"enemies":"Jaw Worm","floor":5,"turns":3},{"damage":26,"enemies":"3 Sentries","floor":6,"turns":4},{"damage":38,"enemies":"Lagavulin","floor":8,"turns":6},{"damage":15,"enemies":"3 Sentries","floor":10,"turns":7},{"damage":2,"enemies":"Blue Slaver","floor":13,"turns":3},{"damage":26,"enemies":"Slime Boss","floor":16,"turns":8},{"damage":8,"enemies":"Spheric Guardian","floor":18,"turns":6},{"damage":14,"enemies":"Masked Bandits","floor":20,"turns":3},{"damage":2,"enemies":"2 Thieves","floor":22,"turns":5},{"damage":0,"enemies":"Shelled Parasite and Fungi","floor":27,"turns":5},{"damage":0,"enemies":"Centurion and Healer","floor":29,"turns":7},{"damage":6,"enemies":"Cultist and Chosen","floor":31,"turns":7},{"damage":7,"enemies":"Collector","floor":33,"turns":9},{"damage":0,"enemies":"Orb Walker","floor":35,"turns":3},{"damage":20,"enemies":"3 Darklings","floor":38,"turns":7},{"damage":9,"enemies":"Writhing Mass","floor":41,"turns":7},{"damage":16,"enemies":"Sphere and 2 Shapes","floor":42,"turns":6},{"damage":5,"enemies":"Spire Growth","floor":46,"turns":7},{"damage":0,"enemies":"Maw","floor":48,"turns":10},{"damage":8,"enemies":"Awakened One","floor":50,"turns":20}],"seed_played":"3714690288495757267","potions_obtained":[{"floor":1,"key":"Explosive Potion"},{"floor":5,"key":"EssenceOfSteel"},{"floor":6,"key":"Poison Potion"},{"floor":16,"key":"Explosive Potion"},{"floor":18,"key":"SteroidPotion"},{"floor":29,"key":"Poison Potion"},{"floor":34,"key":"EntropicBrew"},{"floor":41,"key":"Dexterity Potion"},{"floor":45,"key":"Explosive Potion"},{"floor":45,"key":"Explosive Potion"},{"floor":45,"key":"SpeedPotion"}],"is_trial":false,"path_per_floor":["M","T","$","M","M","E","R","E","T","E","$","R","M","?","R","B",null,"M","?","?","?","M","R","$","?","T","M","R","M","$","M","R","B",null,"M","?","$","M","$","R","M","M","T","R","?","M","?","M","R","B",null],"character_chosen":"DEFECT","items_purchased":["Glacier","FTL","Go for the Eyes","Self Repair","Melter","Sunder"],"campfire_rested":2,"item_purchase_floors":[11,24,30,30,37,39],"current_hp_per_floor":[67,67,67,67,62,36,57,19,19,4,4,25,23,47,47,46,66,58,58,44,36,34,34,34,34,34,34,34,34,34,35,35,36,41,41,41,41,31,31,31,41,35,35,35,35,41,38,38,38,38],"gold":203,"neow_bonus":"ONE_RARE_RELIC","is_prod":false,"is_daily":false,"chose_seed":false,"campfire_upgraded":7,"win_rate":0,"timestamp":1543437599,"path_taken":["M","?","$","M","M","E","R","E","T","E","$","R","M","?","R","BOSS","M","?","?","?","M","R","$","?","T","M","R","?","$","M","R","BOSS","M","?","$","M","$","R","M","M","T","R","?","?","?","M","R","BOSS"],"build_version":"2018-11-15","purchased_purges":3,"victory":true,"max_hp_per_floor":[75,75,72,72,72,72,72,72,72,72,72,72,72,72,72,72,72,72,72,72,36,36,36,36,36,36,36,36,36,36,36,36,36,41,41,41,41,41,41,41,41,41,41,41,41,41,38,38,38,38],"card_choices":[{"not_picked":["Compile Driver","Sweeping Beam"],"picked":"Gash","floor":1},{"not_picked":["Hello World","Chaos"],"picked":"Coolheaded","floor":4},{"not_picked":["BootSequence","Reinforced Body"],"picked":"Sweeping Beam","floor":5},{"not_picked":["Fusion","Force Field"],"picked":"Compile Driver","floor":6},{"not_picked":["Loop","Hologram"],"picked":"Defragment","floor":8},{"not_picked":["Hologram","Loop"],"picked":"Core Surge","floor":10},{"not_picked":["Darkness","Sweeping Beam"],"picked":"Capacitor","floor":13},{"not_picked":["Reboot","Machine Learning"],"picked":"Fission","floor":16},{"not_picked":["Compile Driver","Redo+1"],"picked":"Melter","floor":18},{"not_picked":["Reprogram","Sweeping Beam"],"picked":"Cold Snap","floor":22},{"not_picked":["Fusion+1","Coolheaded","Undo"],"picked":"SKIP","floor":27},{"not_picked":["Streamline+1","Blizzard"],"picked":"Gash","floor":29},{"not_picked":["Static Discharge","Capacitor"],"picked":"Steam+1","floor":31},{"not_picked":["Hyperbeam","Rainbow"],"picked":"Thunder Strike","floor":33},{"not_picked":["Double Energy+1","Hello World"],"picked":"Beam Cell+1","floor":34},{"not_picked":["Undo","Heatsinks"],"picked":"Go for the Eyes+1","floor":35},{"not_picked":["Ball Lightning+1","Go for the Eyes"],"picked":"Cold Snap+1","floor":38},{"not_picked":["Rebound","Steam"],"picked":"Glacier","floor":41},{"not_picked":["Leap","Doom and Gloom"],"picked":"Self Repair","floor":42},{"not_picked":["Capacitor+1","Electrodynamics"],"picked":"Cold Snap","floor":46},{"not_picked":["Storm+1","Redo"],"picked":"Consume+1","floor":48}],"player_experience":905520,"relics_obtained":[{"floor":2,"key":"Bronze Scales"},{"floor":6,"key":"StoneCalendar"},{"floor":8,"key":"Pantograph"},{"floor":9,"key":"Calipers"},{"floor":10,"key":"Emotion Chip"},{"floor":20,"key":"Red Mask"},{"floor":26,"key":"Whetstone"},{"floor":43,"key":"Blood Vial"}],"event_choices":[{"damage_healed":24,"gold_gain":0,"player_choice":"Banana","damage_taken":0,"max_hp_gain":0,"max_hp_loss":0,"event_name":"Big Fish","floor":14,"gold_loss":0},{"damage_healed":0,"gold_gain":99,"player_choice":"Stole From Cult","damage_taken":0,"max_hp_gain":0,"max_hp_loss":0,"event_name":"Nest","floor":19,"gold_loss":0},{"damage_healed":0,"gold_gain":0,"player_choice":"Fought Bandits","damage_taken":0,"max_hp_gain":0,"max_hp_loss":0,"event_name":"Masked Bandits","floor":20,"gold_loss":0},{"damage_healed":0,"gold_gain":0,"player_choice":"Became a Ghost","damage_taken":0,"max_hp_gain":0,"max_hp_loss":36,"event_name":"Ghosts","floor":21,"gold_loss":0,"cards_obtained":["Ghostly","Ghostly","Ghostly","Ghostly","Ghostly"]},{"damage_healed":0,"gold_gain":0,"player_choice":"Simplicity","damage_taken":0,"max_hp_gain":0,"max_hp_loss":0,"event_name":"Back to Basics","floor":25,"gold_loss":0,"cards_upgraded":["Defend_B","Defend_B","Defend_B","Defend_B"]},{"damage_healed":0,"gold_gain":0,"player_choice":"Memory 1","damage_taken":0,"max_hp_gain":0,"max_hp_loss":0,"event_name":"SensoryStone","floor":36,"gold_loss":0},{"damage_healed":0,"gold_gain":0,"player_choice":"Got Potions","damage_taken":0,"max_hp_gain":0,"max_hp_loss":0,"event_name":"Lab","floor":45,"gold_loss":0},{"cards_removed":["Parasite"],"damage_healed":0,"gold_gain":0,"player_choice":"Offered Curse","damage_taken":0,"relics_obtained":["Spirit Poop"],"max_hp_gain":0,"max_hp_loss":0,"event_name":"Bonfire Elementals","floor":47,"gold_loss":0}],"is_beta":false,"boss_relics":[{"not_picked":["Runic Dome","Nuclear Battery"],"picked":"Empty Cage"},{"not_picked":["Runic Pyramid","Astrolabe"],"picked":"Tiny House"}],"items_purged_floors":[3,11,24],"is_endless":false,"potions_floor_spawned":[1,5,6,16,18,29,41,46],"ascension_level":8}