{"gold_per_floor":[13,13,13,23,23,23,58,58,58,76,93,93,16,35,35,156,219,204,204,228,228,73,117,117,133,157,169,181,193,230,52,52,182,182,198,198,198,216,231,231,39,39,88,88,113,113,153,173,173,173],"floor_reached":50,"playtime":2102,"items_purged":["Strike_G+1","Strike_G+1","Strike_G+1"],"score":513,"play_id":"fd7f240a-171d-40bc-a2c6-e62452cfd94e","local_time":"20180827071204","is_ascension_mode":false,"campfire_choices":[{"data":"Cloak And Dagger","floor":6,"key":"SMITH"},{"data":"Neutralize","floor":8,"key":"SMITH"},{"data":"Footwork","floor":15,"key":"SMITH"},{"data":"Blade Dance","floor":24,"key":"SMITH"},{"data":"Terror","floor":27,"key":"SMITH"},{"data":"Escape Plan","floor":29,"key":"SMITH"},{"data":"Accuracy","floor":32,"key":"SMITH"},{"data":"Blade Dance","floor":40,"key":"SMITH"},{"data":"Phantasmal Killer","floor":49,"key":"SMITH"}],"neow_cost":"NO_GOLD","seed_source_timestamp":982495615658734,"circlet_count":0,"master_deck":["Defend_G+1","Defend_G+1","Defend_G+1","Defend_G+1","Strike_G+1","Strike_G+1","Survivor","Cloak And Dagger+1","Accuracy+1","Dagger Spray","Blade Dance+1","Footwork+1","Storm of Steel","Escape Plan+1","Caltrops+1","Terror+1","Bandage Up","Adrenaline","Blade Dance+1","Flash of Steel","Masterful Stab+1","Infinite Blades+1","Masterful Stab+1","Phantasmal Killer+1","Distraction"],"relics":["Ring of the Serpent","Incense Burner","Centennial Puzzle","Boot","Turnip","Golden Idol","Tiny House","Vajra","MawBank","MutagenicStrength","Bag of Marbles","Peace Pipe","Strawberry","Snake Skull"],"potions_floor_usage":[16,16,23,33,33,39,44,50],"damage_taken":[{"damage":7,"enemies":"Small Slimes","floor":1,"turns":3},{"damage":1,"enemies":"2 Louse","floor":4,"turns":3},{"damage":27,"enemies":"Lagavulin","floor":7,"turns":6},{"damage":0,"enemies":"Jaw Worm","floor":10,"turns":3},{"damage":4,"enemies":"Exordium Wildlife","floor":11,"turns":3},{"damage":0,"enemies":"2 Fungi Beasts","floor":14,"turns":3},{"damage":14,"enemies":"The Guardian","floor":16,"turns":17},{"damage":7,"enemies":"2 Thieves","floor":18,"turns":4},{"damage":1,"enemies":"Spheric Guardian","floor":20,"turns":4},{"damage":8,"enemies":"Book of Stabbing","floor":23,"turns":6},{"damage":10,"enemies":"Cultist and Chosen","floor":25,"turns":4},{"damage":15,"enemies":"Centurion and Healer","floor":30,"turns":4},{"damage":19,"enemies":"Champ","floor":33,"turns":16},{"damage":0,"enemies":"Flame Bruiser 1 Orb","floor":35,"turns":4},{"damage":32,"enemies":"3 Darklings","floor":38,"turns":4},{"damage":0,"enemies":"Jaw Worm Horde","floor":39,"turns":5},{"damage":2,"enemies":"Mind Bloom Boss Battle","floor":44,"turns":4},{"damage":0,"enemies":"Transient","floor":45,"turns":5},{"damage":16,"enemies":"2 Orb Walkers","floor":47,"turns":3},{"damage":3,"enemies":"3 Darklings","floor":48,"turns":3},{"damage":54,"enemies":"Time Eater","floor":50,"turns":3}],"seed_played":"-8755019000392552331","potions_obtained":[{"floor":10,"key":"Block Potion"},{"floor":11,"key":"EssenceOfSteel"},{"floor":17,"key":"Ancient Potion"},{"floor":18,"key":"Energy Potion"},{"floor":23,"key":"FearPotion"},{"floor":25,"key":"GhostInAJar"},{"floor":33,"key":"Block Potion"},{"floor":38,"key":"Weak Potion"},{"floor":47,"key":"EssenceOfSteel"},{"floor":48,"key":"Energy Potion"}],"is_trial":false,"path_per_floor":["M","?","?","M","$","R","E","R","T","M","M","?","$","M","R","B",null,"M","?","M","?","$","E","R","M","T","R","?","R","M","$","R","B",null,"M","?","?","M","M","R","$","?","T","?","M","?","E","M","R"],"character_chosen":"THE_SILENT","items_purchased":["Footwork","Terror","Bandage Up","Infinite Blades"],"campfire_rested":0,"item_purchase_floors":[13,22,31,41],"current_hp_per_floor":[63,60,53,52,52,52,25,25,25,25,21,21,21,21,21,7,70,63,63,62,62,62,54,54,44,44,44,44,44,29,29,29,14,70,70,70,70,42,46,46,46,46,46,48,52,59,47,44,44,0],"gold":173,"neow_bonus":"ONE_RARE_RELIC","is_prod":false,"is_daily":false,"chose_seed":false,"campfire_upgraded":9,"win_rate":0,"timestamp":1535368324,"path_taken":["M","?","?","M","$","R","E","R","T","?","M","?","?","M","R","BOSS","M","?","M","?","$","E","R","M","T","R","?","R","?","$","R","BOSS","M","?","?","M","M","R","$","?","T","?","?","?","E","M","R","BOSS"],"build_version":"2018-08-23v2","purchased_purges":3,"victory":false,"max_hp_per_floor":[70,70,70,70,70,70,70,70,70,70,70,65,65,65,65,65,70,70,70,70,70,70,70,70,70,70,70,70,70,70,70,70,70,70,70,70,70,70,70,70,70,70,70,70,70,77,77,77,77,77],"card_choices":[{"not_picked":["Prepared","Heel Hook"],"picked":"Cloak And Dagger","floor":1},{"not_picked":["Eviscerate","Sucker Punch"],"picked":"Accuracy","floor":4},{"not_picked":["Bouncing Flask","Flechettes","Tactician"],"picked":"SKIP","floor":7},{"not_picked":["Dash","Tactician"],"picked":"Dagger Spray","floor":10},{"not_picked":["Outmaneuver","Deflect"],"picked":"Blade Dance","floor":11},{"not_picked":["Catalyst","Flying Knee","Choke"],"picked":"SKIP","floor":14},{"not_picked":["Phantasmal Killer","Die Die Die"],"picked":"Storm of Steel","floor":16},{"not_picked":["Acrobatics","PiercingWail"],"picked":"Escape Plan","floor":17},{"not_picked":["Acrobatics+1","Deadly Poison"],"picked":"Caltrops+1","floor":18},{"not_picked":["Quick Slash+1","Deflect","Catalyst"],"picked":"SKIP","floor":20},{"not_picked":["Expertise","Deadly Poison","Dagger Throw"],"picked":"SKIP","floor":23},{"not_picked":["Slice","Flechettes","Setup"],"picked":"SKIP","floor":25},{"not_picked":["Heel Hook","Outmaneuver","Acrobatics"],"picked":"SKIP","floor":30},{"not_picked":["Wraith Form v2","Envenom"],"picked":"Adrenaline","floor":33},{"not_picked":["Infinite Blades","Reflex"],"picked":"Blade Dance","floor":35},{"not_picked":["Dark Shackles","Mayhem"],"picked":"Flash of Steel","floor":37},{"not_picked":["Backflip+1","Deflect"],"picked":"Masterful Stab+1","floor":38},{"not_picked":["Dagger Throw","Quick Slash","Sucker Punch+1"],"picked":"SKIP","floor":39},{"not_picked":["Crippling Poison","Flechettes"],"picked":"Masterful Stab+1","floor":44},{"not_picked":["Cloak And Dagger","Underhanded Strike+1","Dagger Throw"],"picked":"SKIP","floor":45},{"not_picked":["Blur","Glass Knife"],"picked":"Phantasmal Killer","floor":47},{"not_picked":["Eviscerate","Blade Dance+1"],"picked":"Distraction","floor":48}],"player_experience":289075,"relics_obtained":[{"floor":7,"key":"Boot"},{"floor":9,"key":"Turnip"},{"floor":23,"key":"Vajra"},{"floor":26,"key":"MawBank"},{"floor":43,"key":"Bag of Marbles"},{"floor":44,"key":"Peace Pipe"},{"floor":46,"key":"Strawberry"},{"floor":47,"key":"Snake Skull"}],"event_choices":[{"event_name":"Scrap Ooze","player_choice":"success","floor":2,"damage_taken":3},{"event_name":"Golden Wing","player_choice":"Card Removal","floor":3,"damage_taken":0},{"event_name":"Golden Idol","player_choice":"Lose Max HP","floor":12,"damage_taken":0},{"event_name":"Back to Basics","player_choice":"Simplicity","floor":19,"damage_taken":0},{"event_name":"Ghosts","player_choice":"Ignored","floor":21,"damage_taken":0},{"event_name":"Drug Dealer","player_choice":"Inject Mutagens","floor":28,"damage_taken":0},{"event_name":"Falling","player_choice":"Removed Attack","floor":36,"damage_taken":0},{"event_name":"SensoryStone","player_choice":"Memory 1","floor":37,"damage_taken":0},{"event_name":"Upgrade Shrine","player_choice":"Upgraded","floor":42,"damage_taken":0},{"event_name":"MindBloom","player_choice":"Fight","floor":44,"damage_taken":0},{"event_name":"Wheel of Change","player_choice":"Relic","floor":46,"damage_taken":0}],"is_beta":true,"boss_relics":[{"not_picked":["Philosopher\u0027s Stone","White Beast Statue"],"picked":"Tiny House"},{"not_picked":["Sozu","Runic Dome"],"picked":"Ring of the Serpent"}],"items_purged_floors":[22,31,41],"is_endless":false,"potions_floor_spawned":[10,11,18,23,25,33,38,47,48],"killed_by":"Time Eater","ascension_level":0}