{"gold_per_floor":[113,113,131,131,150,150,181,38,38,69,69,84,99,132,132,230,230,242,252,252,272,78,78,98,123,123,140,140,66,81,81,81,184,184,194,194,194,72,88,88,113,131,131,131,161,173,198,223,235,247,259,271,2,31,31],"floor_reached":55,"playtime":5628,"items_purged":[],"score":822,"play_id":"e1da7ed0-8824-4d82-9497-1e0f3798e87b","local_time":"20190102150627","is_ascension_mode":false,"campfire_choices":[{"floor":6.0,"key":"RECALL"},{"floor":11.0,"key":"REST"},{"floor":15.0,"key":"REST"},{"floor":23.0,"key":"REST"},{"floor":28.0,"key":"REST"},{"floor":32.0,"key":"REST"},{"floor":40,"key":"REST"},{"floor":44,"key":"REST"},{"floor":46,"key":"REST"},{"floor":49,"key":"REST"},{"data":"Echo Form","floor":52,"key":"SMITH"}],"neow_cost":"NONE","seed_source_timestamp":0,"circlet_count":0,"master_deck":["Strike_B+1","Strike_B","Defend_B","Defend_B","Defend_B","Zap","Dualcast","Hologram","Sweeping Beam+1","Glacier","Double Energy","Defragment","Turbo","Leap","Chill","Streamline","Capacitor","Creative AI","Amplify","Chaos+1","Consume+1","Turbo+1","Conserve Battery+1","Melter","Electrodynamics","Heatsinks","Blizzard","Redo","Loop+1","Doom and Gloom","Go for the Eyes","Rainbow","Scrape+1","Master of Strategy","Good Instincts","Apotheosis","Hologram+1","Skim+1","Double Energy+1","Echo Form+1","Chaos+1","Rebound+1","Capacitor","Buffer"],"special_seed":0,"relics":["Cracked Core","Mango","Bird Faced Urn","Strawberry","Whetstone","Astrolabe","Nloth\u0027s Gift","Darkstone Periapt","Symbiotic Virus","Black Star","Tiny Chest","Blue Candle","Anchor","Bottled Flame","MawBank","ClockworkSouvenir","Dodecahedron","Pocketwatch"],"potions_floor_usage":[42,50,50,50,55],"damage_taken":[{"damage":0.0,"enemies":"Small Slimes","floor":1.0,"turns":1.0},{"damage":0.0,"enemies":"2 Louse","floor":3.0,"turns":1.0},{"damage":0.0,"enemies":"Jaw Worm","floor":5.0,"turns":1.0},{"damage":19.0,"enemies":"Lagavulin","floor":7.0,"turns":11.0},{"damage":45.0,"enemies":"Gremlin Nob","floor":10.0,"turns":6.0},{"damage":0.0,"enemies":"Large Slime","floor":12.0,"turns":5.0},{"damage":12.0,"enemies":"Gremlin Gang","floor":13.0,"turns":4.0},{"damage":4.0,"enemies":"3 Sentries","floor":14.0,"turns":9.0},{"damage":44.0,"enemies":"Hexaghost","floor":16.0,"turns":10.0},{"damage":26.0,"enemies":"Chosen","floor":18.0,"turns":8.0},{"damage":15.0,"enemies":"3 Byrds","floor":19.0,"turns":7.0},{"damage":27.0,"enemies":"Snecko","floor":21.0,"turns":7.0},{"damage":45.0,"enemies":"Snake Plant","floor":24.0,"turns":6.0},{"damage":44.0,"enemies":"Slavers","floor":25.0,"turns":5.0},{"damage":0.0,"enemies":"Sentry and Sphere","floor":27.0,"turns":3.0},{"damage":23.0,"enemies":"3 Cultists","floor":30.0,"turns":5.0},{"damage":66.0,"enemies":"Automaton","floor":33.0,"turns":10.0},{"damage":10,"enemies":"Orb Walker","floor":35,"turns":4},{"damage":27,"enemies":"3 Darklings","floor":39,"turns":3},{"damage":1,"enemies":"Giant Head","floor":41,"turns":6},{"damage":30,"enemies":"Jaw Worm Horde","floor":42,"turns":6},{"damage":54,"enemies":"Reptomancer","floor":45,"turns":6},{"damage":40,"enemies":"Writhing Mass","floor":47,"turns":6},{"damage":32,"enemies":"Spire Growth","floor":48,"turns":6},{"damage":82,"enemies":"Donu and Deca","floor":50,"turns":7},{"damage":74,"enemies":"Shield and Spear","floor":54,"turns":7},{"damage":81,"enemies":"The Heart","floor":55,"turns":11}],"seed_played":"213209502839617391","potions_obtained":[{"floor":7.0,"key":"PowerPotion"},{"floor":12.0,"key":"SkillPotion"},{"floor":13.0,"key":"Fire Potion"},{"floor":21.0,"key":"FocusPotion"},{"floor":24.0,"key":"FearPotion"},{"floor":25.0,"key":"SkillPotion"},{"floor":33.0,"key":"LiquidBronze"},{"floor":39,"key":"FearPotion"},{"floor":41,"key":"SkillPotion"},{"floor":47,"key":"FocusPotion"},{"floor":48,"key":"SpeedPotion"},{"floor":54,"key":"FocusPotion"}],"is_trial":false,"path_per_floor":["M","?","M","?","M","R","E","$","T","E","R","M","M","E","R","B",null,"M","M","?","M","$","R","M","E","T","M","R","$","M","?","R","B",null,"M","?","?","$","M","R","E","M","T","R","E","R","M","M","R","B",null,"R","$","E","B"],"character_chosen":"DEFECT","items_purchased":["Defragment","Turbo","Leap","Block Potion","Heatsinks","Blizzard","Doom and Gloom","Tiny Chest","ClockworkSouvenir","Capacitor"],"campfire_rested":9,"item_purchase_floors":[8,8,8,22,22,22,29,38,53,53],"current_hp_per_floor":[75,80,80,80,80,80,75,75,75,41,71,73,63,63,93,69,101,81,78,78,59,59,89,56,16,16,20,50,50,35,35,65,25,101,95,95,85,85,64,94,101,91,91,101,64,94,66,52,82,18,101,101,101,35,0],"gold":31,"neow_bonus":"THREE_ENEMY_KILL","is_prod":false,"is_daily":false,"chose_seed":false,"campfire_upgraded":1,"win_rate":0,"timestamp":1546441587,"path_taken":["M","?","M","?","M","R","E","?","T","E","R","M","M","E","R","BOSS","M","M","?","M","$","R","M","E","T","M","R","$","?","?","R","BOSS","M","?","?","$","M","R","E","M","T","R","E","R","M","M","R","BOSS","R","$","E","BOSS"],"build_version":"2018-12-20","purchased_purges":0,"victory":false,"max_hp_per_floor":[75,80,80,80,80,80,94,94,94,101,101,101,101,101,101,101,101,101,101,101,101,101,101,101,101,101,101,101,101,101,101,101,101,101,101,101,101,101,101,101,101,101,101,101,101,101,101,101,101,101,101,101,101,101,101],"card_choices":[{"not_picked":["Barrage","Compile Driver"],"picked":"Hologram","floor":1.0},{"not_picked":["Cold Snap","Rebound"],"picked":"Sweeping Beam","floor":3.0},{"not_picked":["Rebound","Barrage"],"picked":"Glacier","floor":5.0},{"not_picked":["Leap","Ball Lightning"],"picked":"Double Energy","floor":7.0},{"not_picked":["Gash","Conserve Battery"],"picked":"Chill","floor":10.0},{"not_picked":["Tempest","Compile Driver"],"picked":"Streamline","floor":12.0},{"not_picked":["Beam Cell","Stack"],"picked":"Capacitor","floor":13.0},{"not_picked":["Force Field","Chaos"],"picked":"Creative AI","floor":14.0},{"not_picked":["Thunder Strike","Hyperbeam"],"picked":"Amplify","floor":16.0},{"not_picked":["Sweeping Beam","Compile Driver"],"picked":"Conserve Battery+1","floor":18.0},{"not_picked":["Reinforced Body","Conserve Battery"],"picked":"Melter","floor":19.0},{"not_picked":["Rebound","Redo"],"picked":"Electrodynamics","floor":21.0},{"not_picked":["Leap+1","Reprogram"],"picked":"Ball Lightning+1","floor":24.0},{"not_picked":["Ball Lightning+1","Conserve Battery"],"picked":"Redo","floor":25.0},{"not_picked":["Go for the Eyes","Static Discharge"],"picked":"Loop+1","floor":27.0},{"not_picked":["Redo","Leap"],"picked":"Go for the Eyes","floor":30.0},{"not_picked":["Thunder Strike","Meteor Strike"],"picked":"Rainbow","floor":33.0},{"not_picked":["Rebound","Cold Snap+1"],"picked":"Scrape+1","floor":35},{"not_picked":["Dramatic Entrance","Good Instincts"],"picked":"Master of Strategy","floor":37},{"not_picked":["Forethought","Swift Strike"],"picked":"Good Instincts","floor":37},{"not_picked":["Mind Blast","HandOfGreed"],"picked":"Apotheosis","floor":37},{"not_picked":["Redo","Rebound"],"picked":"Hologram+1","floor":39},{"not_picked":["Thunder Strike","Steam Power"],"picked":"Skim+1","floor":41},{"not_picked":["Streamline","Ball Lightning+1"],"picked":"Double Energy+1","floor":42},{"not_picked":["Steam+1","Turbo"],"picked":"Echo Form","floor":45},{"not_picked":["Tempest+1","Compile Driver+1"],"picked":"Chaos+1","floor":47},{"not_picked":["Beam Cell","Hologram"],"picked":"Rebound+1","floor":48},{"not_picked":["Steam Power","Compile Driver"],"picked":"Buffer","floor":54}],"player_experience":280125,"relics_obtained":[{"floor":7.0,"key":"Mango"},{"floor":9.0,"key":"Bird Faced Urn"},{"floor":10.0,"key":"Strawberry"},{"floor":14.0,"key":"Whetstone"},{"floor":25.0,"key":"Darkstone Periapt"},{"floor":26.0,"key":"Symbiotic Virus"},{"floor":41,"key":"Blue Candle"},{"floor":41,"key":"Anchor"},{"floor":45,"key":"Bottled Flame"},{"floor":45,"key":"MawBank"},{"floor":54,"key":"Dodecahedron"},{"floor":54,"key":"Pocketwatch"}],"event_choices":[{"damage_healed":0.0,"max_hp_gain":5.0,"max_hp_loss":0.0,"gold_gain":0.0,"event_name":"Big Fish","player_choice":"Donut","floor":2.0,"gold_loss":0.0,"damage_taken":0.0},{"damage_healed":0.0,"max_hp_gain":0.0,"max_hp_loss":0.0,"gold_gain":0.0,"event_name":"The Cleric","player_choice":"Leave","floor":4.0,"gold_loss":0.0,"damage_taken":0.0},{"damage_healed":0.0,"max_hp_gain":0.0,"max_hp_loss":0.0,"gold_gain":0.0,"event_name":"N\u0027loth","player_choice":"Traded Relic","floor":20.0,"relics_lost":["NeowsBlessing"],"gold_loss":0.0,"damage_taken":0.0,"relics_obtained":["Nloth\u0027s Gift"]},{"cards_removed":["Ball Lightning"],"damage_healed":0,"gold_gain":0,"player_choice":"Removed Attack","damage_taken":0,"max_hp_gain":0,"max_hp_loss":0,"event_name":"Falling","floor":36,"gold_loss":0},{"damage_healed":0,"gold_gain":0,"player_choice":"Memory 3","damage_taken":10,"max_hp_gain":0,"max_hp_loss":0,"event_name":"SensoryStone","floor":37,"gold_loss":0}],"is_beta":false,"boss_relics":[{"not_picked":["Eternal Feather","Velvet Choker"],"picked":"Astrolabe"},{"not_picked":["FrozenCore","Calling Bell"],"picked":"Black Star"}],"items_purged_floors":[],"is_endless":false,"potions_floor_spawned":[7,12,13,21,24,25,33,39,41,47,48,54],"killed_by":"The Heart","ascension_level":0}