{"gold_per_floor":[118,118,131,29,48,48,79,79,79,93,93,93,108,173,173,276,276,286,286,30,30,30,30],"floor_reached":23,"playtime":740,"items_purged":["Regret","Decay"],"score":236,"play_id":"0fd4cf40-7160-4ba2-84f7-eaa8dee11148","local_time":"20181229221523","is_ascension_mode":true,"campfire_choices":[{"data":"Accuracy","floor":6,"key":"SMITH"},{"floor":8,"key":"RECALL"},{"floor":12,"key":"REST"},{"floor":15,"key":"REST"}],"neow_cost":"TEN_PERCENT_HP_LOSS","seed_source_timestamp":183946513052300,"circlet_count":0,"master_deck":["Defend_G","Defend_G","Defend_G","Defend_G","Defend_G","Strike_G","Strike_G","Strike_G+1","Strike_G","Strike_G","Survivor","Neutralize","Accuracy+1","Caltrops","Cloak And Dagger","Infinite Blades+1","Terror","Noxious Fumes","Phantasmal Killer","Deadly Poison+1","Necronomicurse"],"relics":["Ring of the Snake","Bird Faced Urn","Sundial","Snake Skull","Tiny Chest","White Beast Statue","Pen Nib","Necronomicon"],"potions_floor_usage":[7,14],"damage_taken":[{"damage":0,"enemies":"2 Louse","floor":1,"turns":3},{"damage":13,"enemies":"Small Slimes","floor":3,"turns":6},{"damage":1,"enemies":"Jaw Worm","floor":5,"turns":5},{"damage":38,"enemies":"Lagavulin","floor":7,"turns":8},{"damage":0,"enemies":"2 Fungi Beasts","floor":10,"turns":4},{"damage":14,"enemies":"Looter","floor":13,"turns":3},{"damage":8,"enemies":"Gremlin Nob","floor":14,"turns":3},{"damage":21,"enemies":"Hexaghost","floor":16,"turns":8},{"damage":46,"enemies":"2 Thieves","floor":18,"turns":4},{"damage":16,"enemies":"Book of Stabbing","floor":23,"turns":1}],"seed_played":"5147794271229869141","potions_obtained":[{"floor":1,"key":"Poison Potion"},{"floor":3,"key":"Ancient Potion"},{"floor":7,"key":"LiquidBronze"},{"floor":13,"key":"PowerPotion"},{"floor":18,"key":"SpeedPotion"}],"is_trial":false,"path_per_floor":["M","?","M","$","M","R","E","R","T","M","?","R","M","E","R","B",null,"M","?","$","?","?","E"],"character_chosen":"THE_SILENT","items_purchased":["Cloak And Dagger","Pen Nib"],"campfire_rested":2,"item_purchase_floors":[4,20],"current_hp_per_floor":[63,63,50,50,53,53,21,21,21,27,14,32,24,24,42,29,63,19,19,19,19,3,0],"gold":30,"neow_bonus":"ONE_RARE_RELIC","is_prod":false,"is_daily":false,"chose_seed":false,"campfire_upgraded":1,"win_rate":0,"timestamp":1546118123,"path_taken":["M","?","M","$","M","R","E","R","T","M","?","R","M","E","R","BOSS","M","?","$","?","?","E"],"build_version":"2018-12-20","purchased_purges":2,"victory":false,"max_hp_per_floor":[63,63,63,63,63,63,63,63,63,63,63,63,63,63,63,63,63,63,63,63,63,63,63],"card_choices":[{"not_picked":["Finisher","PiercingWail"],"picked":"Accuracy","floor":1},{"not_picked":["Expertise","Sucker Punch"],"picked":"Caltrops","floor":3},{"not_picked":["Well Laid Plans","Backstab"],"picked":"Infinite Blades","floor":5},{"not_picked":["Dagger Throw","Terror","Bane"],"picked":"SKIP","floor":7},{"not_picked":["Distraction","Predator"],"picked":"Terror","floor":10},{"not_picked":["Dagger Spray","Prepared","Bane"],"picked":"SKIP","floor":13},{"not_picked":["Eviscerate","Flechettes"],"picked":"Noxious Fumes","floor":14},{"not_picked":["Unload","Bullet Time"],"picked":"Phantasmal Killer","floor":16},{"not_picked":["Expertise","Flechettes"],"picked":"Deadly Poison+1","floor":18}],"player_experience":821888,"relics_obtained":[{"floor":7,"key":"Snake Skull"},{"floor":14,"key":"Tiny Chest"},{"floor":22,"key":"Necronomicon"}],"event_choices":[{"damage_healed":0,"gold_gain":0,"player_choice":"Box","damage_taken":0,"relics_obtained":["Sundial"],"max_hp_gain":0,"max_hp_loss":0,"event_name":"Big Fish","floor":2,"gold_loss":0,"cards_obtained":["Regret"]},{"damage_healed":0,"gold_gain":0,"player_choice":"Entered Light","damage_taken":13,"max_hp_gain":0,"max_hp_loss":0,"event_name":"Shining Light","floor":11,"gold_loss":0,"cards_upgraded":["Infinite Blades","Strike_G"]},{"damage_healed":0,"gold_gain":0,"player_choice":"Smashed Altar","damage_taken":0,"max_hp_gain":0,"max_hp_loss":0,"event_name":"Forgotten Altar","floor":19,"gold_loss":0,"cards_obtained":["Decay"]},{"damage_healed":0,"gold_gain":0,"player_choice":"Ignored","damage_taken":0,"max_hp_gain":0,"max_hp_loss":0,"event_name":"Ghosts","floor":21,"gold_loss":0},{"damage_healed":0,"gold_gain":0,"player_choice":"Obtained Book","damage_taken":16,"max_hp_gain":0,"max_hp_loss":0,"event_name":"Cursed Tome","floor":22,"gold_loss":0}],"is_beta":false,"boss_relics":[{"not_picked":["Busted Crown","Empty Cage"],"picked":"White Beast Statue"}],"items_purged_floors":[4,20],"is_endless":false,"potions_floor_spawned":[1,3,7,13,18],"killed_by":"Book of Stabbing","ascension_level":4}