{"gold_per_floor":[109,109,34,34,51,51,51,394,444,444,463,476,507,530,530,651,651,667,667,942,357,377,90,90,115,139,154,178,28,69,69,69,69],"floor_reached":33,"playtime":1256,"items_purged":["Strike_G","Regret","Strike_G","Strike_G"],"score":325,"play_id":"47442370-7193-469f-8854-49081441f0b4","local_time":"20180826213243","is_ascension_mode":false,"campfire_choices":[{"data":"Blade Dance","floor":7,"key":"SMITH"},{"data":"Blade Dance","floor":10,"key":"SMITH"},{"floor":15,"key":"REST"},{"data":"Infinite Blades","floor":24,"key":"SMITH"},{"floor":32,"key":"REST"}],"neow_cost":"NONE","seed_source_timestamp":948581225823109,"circlet_count":0,"master_deck":["Defend_G+1","Defend_G+1","Defend_G","Defend_G","Defend_G","Strike_G+1","Strike_G","Survivor","Neutralize+1","Blade Dance+1","Blade Dance+1","Dagger Spray","Cloak And Dagger","Dodge and Roll","Blade Dance","Tools of the Trade","Well Laid Plans","Blade Dance+1","Infinite Blades+1","Terror+1","Shame"],"relics":["Ring of the Snake","Golden Idol","Old Coin","Bag of Preparation","Mercury Hourglass","Busted Crown","Nilry\u0027s Codex","Sling","Toxic Egg 2","Bronze Scales","War Paint","Gremlin Horn"],"potions_floor_usage":[8,16,18,22],"damage_taken":[{"damage":1,"enemies":"Jaw Worm","floor":1,"turns":4},{"damage":0,"enemies":"2 Louse","floor":5,"turns":2},{"damage":23,"enemies":"Lagavulin","floor":8,"turns":7},{"damage":0,"enemies":"Small Slimes","floor":11,"turns":2},{"damage":0,"enemies":"Looter","floor":12,"turns":3},{"damage":8,"enemies":"3 Sentries","floor":13,"turns":8},{"damage":0,"enemies":"2 Fungi Beasts","floor":14,"turns":2},{"damage":13,"enemies":"Hexaghost","floor":16,"turns":15},{"damage":2,"enemies":"Chosen","floor":18,"turns":6},{"damage":11,"enemies":"2 Thieves","floor":22,"turns":4},{"damage":0,"enemies":"Snecko","floor":25,"turns":3},{"damage":0,"enemies":"Chosen and Byrds","floor":27,"turns":3},{"damage":14,"enemies":"Sentry and Sphere","floor":28,"turns":4},{"damage":19,"enemies":"Slavers","floor":30,"turns":3},{"damage":39,"enemies":"Automaton","floor":33,"turns":6}],"seed_played":"-3956350423756563414","potions_obtained":[{"floor":5,"key":"SkillPotion"},{"floor":8,"key":"GamblersBrew"},{"floor":14,"key":"SkillPotion"},{"floor":18,"key":"GamblersBrew"}],"is_trial":false,"path_per_floor":["M","?","$","?","M","?","R","E","T","R","M","M","E","M","R","B",null,"M","?","?","$","M","$","R","M","T","M","M","$","E","?","R"],"character_chosen":"THE_SILENT","items_purchased":["Sling","Well Laid Plans","Toxic Egg 2","Infinite Blades","Terror+1"],"campfire_rested":2,"item_purchase_floors":[21,21,21,23,23],"current_hp_per_floor":[69,55,55,55,55,38,38,15,15,15,15,15,7,7,28,15,70,68,52,52,52,41,41,41,41,41,41,27,27,8,8,29,0],"gold":69,"neow_bonus":"THREE_CARDS","is_prod":false,"is_daily":false,"chose_seed":false,"campfire_upgraded":3,"win_rate":0,"timestamp":1535333563,"path_taken":["M","?","$","?","M","?","R","E","T","R","M","?","E","M","R","BOSS","M","?","?","$","M","$","R","?","T","M","?","$","E","?","R","BOSS"],"build_version":"2018-08-23v2","purchased_purges":4,"victory":false,"max_hp_per_floor":[70,70,70,70,70,70,70,70,70,70,70,70,70,70,70,70,70,70,70,70,70,70,70,70,70,70,70,70,70,70,70,70,70],"card_choices":[{"not_picked":["Cloak And Dagger","Finisher"],"picked":"Blade Dance","floor":0},{"not_picked":["Quick Slash","Dodge and Roll","Distraction"],"picked":"SKIP","floor":1},{"not_picked":["Outmaneuver","Backflip"],"picked":"Blade Dance","floor":5},{"not_picked":["Backflip","Leg Sweep"],"picked":"Dagger Spray","floor":8},{"not_picked":["Bane","Poisoned Stab"],"picked":"Cloak And Dagger","floor":11},{"not_picked":["Quick Slash","Underhanded Strike","Flying Knee"],"picked":"SKIP","floor":12},{"not_picked":["Bane","Flying Knee"],"picked":"Dodge and Roll","floor":13},{"not_picked":["Dodge and Roll","Deadly Poison"],"picked":"Blade Dance","floor":14},{"not_picked":["Grand Finale","Die Die Die"],"picked":"Tools of the Trade","floor":16},{"not_picked":["Outmaneuver"],"picked":"SKIP","floor":18},{"not_picked":[],"picked":"Blade Dance+1","floor":22},{"not_picked":["Flying Knee"],"picked":"SKIP","floor":25},{"not_picked":["Sucker Punch"],"picked":"SKIP","floor":27},{"not_picked":["Slice"],"picked":"SKIP","floor":28},{"not_picked":["Slice+1"],"picked":"SKIP","floor":30}],"player_experience":287819,"relics_obtained":[{"floor":8,"key":"Old Coin"},{"floor":9,"key":"Bag of Preparation"},{"floor":13,"key":"Mercury Hourglass"},{"floor":19,"key":"Nilry\u0027s Codex"},{"floor":26,"key":"Bronze Scales"},{"floor":30,"key":"War Paint"}],"event_choices":[{"event_name":"Shining Light","player_choice":"Entered Light","floor":2,"damage_taken":0},{"event_name":"Liars Game","player_choice":"disagreed","floor":4,"damage_taken":0},{"event_name":"Golden Idol","player_choice":"Take Damage","floor":6,"damage_taken":0},{"event_name":"Cursed Tome","player_choice":"Obtained Book","floor":19,"damage_taken":0},{"event_name":"Golden Shrine","player_choice":"Desecrate","floor":20,"damage_taken":0},{"event_name":"Addict","player_choice":"Stole Relic","floor":31,"damage_taken":0}],"is_beta":true,"boss_relics":[{"not_picked":["Philosopher\u0027s Stone","Black Star"],"picked":"Busted Crown"}],"items_purged_floors":[3,21,23,29],"is_endless":false,"potions_floor_spawned":[5,8,14,18],"killed_by":"Automaton","ascension_level":0}