{"gold_per_floor":[16,36,48,48,62,62,62,62,86,86,117,117,164,176,188,302,314,338,350,118,150,187,187,212,212,237,237,43,75,111,210,210,210],"floor_reached":33,"playtime":1223,"items_purged":["Pain"],"score":506,"play_id":"63151bf2-41e9-409c-93a6-ae2a8f3c530e","local_time":"20181222182315","is_ascension_mode":true,"campfire_choices":[{"data":"Blind","floor":6,"key":"SMITH"},{"data":"Enlightenment","floor":8,"key":"SMITH"},{"data":"Hemokinesis","floor":10,"key":"SMITH"},{"floor":15,"key":"REST"},{"floor":23,"key":"REST"},{"floor":25,"key":"REST"},{"floor":27,"key":"REST"},{"floor":32,"key":"REST"}],"neow_cost":"NO_GOLD","seed_source_timestamp":258841136867280,"circlet_count":0,"master_deck":["AscendersBane","Strike_R","Strike_R","Strike_R","Strike_R","Strike_R","Bash","Enlightenment+1","Blind+1","Hemokinesis+1","Clash","Shockwave","Pommel Strike","True Grit","Double Tap","Fire Breathing+1","Rupture+1","Clash+1","Clash+1","HandOfGreed","Rupture","Pummel","Rage+1","Infernal Blade","Shrug It Off"],"relics":["Burning Blood","Centennial Puzzle","Pen Nib","Strawberry","MawBank","Dodecahedron","Oddly Smooth Stone","Astrolabe","WarpedTongs","Dream Catcher","Red Skull","Sling","Bottled Tornado"],"potions_floor_usage":[11,22],"damage_taken":[{"damage":7,"enemies":"Jaw Worm","floor":1,"turns":4},{"damage":3,"enemies":"Cultist","floor":2,"turns":4},{"damage":3,"enemies":"Small Slimes","floor":3,"turns":3},{"damage":6,"enemies":"Looter","floor":5,"turns":3},{"damage":7,"enemies":"Lagavulin","floor":11,"turns":5},{"damage":2,"enemies":"Gremlin Nob","floor":13,"turns":2},{"damage":49,"enemies":"The Guardian","floor":16,"turns":9},{"damage":12,"enemies":"3 Byrds","floor":18,"turns":4},{"damage":18,"enemies":"Shell Parasite","floor":21,"turns":3},{"damage":33,"enemies":"Cultist and Chosen","floor":22,"turns":5},{"damage":55,"enemies":"Book of Stabbing","floor":24,"turns":5},{"damage":53,"enemies":"Gremlin Leader","floor":29,"turns":6},{"damage":0,"enemies":"Snake Plant","floor":30,"turns":2},{"damage":57,"enemies":"Collector","floor":33,"turns":6}],"seed_played":"-6603694775160704422","potions_obtained":[{"floor":2,"key":"Explosive Potion"},{"floor":5,"key":"AttackPotion"},{"floor":11,"key":"FearPotion"},{"floor":24,"key":"SpeedPotion"}],"is_trial":false,"path_per_floor":["M","M","M","?","M","R","?","R","T","R","E","?","E","T","R","B",null,"M","?","$","M","M","R","E","R","T","R","$","E","M","?","R","B"],"character_chosen":"IRONCLAD","items_purchased":["HandOfGreed","Sling"],"campfire_rested":5,"item_purchase_floors":[20,28],"current_hp_per_floor":[71,74,77,77,77,77,59,59,59,59,65,65,69,69,87,44,76,70,70,70,58,31,57,8,34,34,60,60,13,19,19,45,0],"gold":210,"neow_bonus":"RANDOM_COLORLESS_2","is_prod":false,"is_daily":false,"chose_seed":false,"campfire_upgraded":3,"win_rate":0,"timestamp":1545520995,"path_taken":["M","M","M","?","?","R","?","R","T","R","E","?","E","?","R","BOSS","M","?","?","M","M","R","E","R","T","R","$","E","M","?","R","BOSS"],"build_version":"2018-12-20","purchased_purges":1,"victory":false,"max_hp_per_floor":[80,80,80,80,80,80,80,80,80,80,87,87,87,87,87,87,87,87,87,87,87,87,87,87,87,87,87,87,87,87,87,87,87],"card_choices":[{"not_picked":["Evolve","Havoc"],"picked":"Hemokinesis","floor":1},{"not_picked":["Heavy Blade","Reckless Charge","Iron Wave"],"picked":"SKIP","floor":2},{"not_picked":["Havoc","Dual Wield"],"picked":"Clash","floor":3},{"not_picked":["Perfected Strike","Disarm"],"picked":"Pommel Strike","floor":5},{"not_picked":["Wild Strike","Anger"],"picked":"True Grit","floor":11},{"not_picked":["True Grit","Body Slam","Metallicize"],"picked":"SKIP","floor":13},{"not_picked":["Berserk","Brutality"],"picked":"Double Tap","floor":16},{"not_picked":["Sword Boomerang","True Grit+1"],"picked":"Clash+1","floor":18},{"not_picked":["Shrug It Off","Power Through+1"],"picked":"Rupture","floor":21},{"not_picked":["Reckless Charge","Feel No Pain"],"picked":"Pummel","floor":22},{"not_picked":["Body Slam","Inflame","Pummel"],"picked":"SKIP","floor":24},{"not_picked":["Twin Strike+1","Havoc"],"picked":"Rage+1","floor":25},{"not_picked":["Twin Strike","Pummel"],"picked":"Infernal Blade","floor":27},{"not_picked":["Cleave","Bludgeon","Reckless Charge"],"picked":"SKIP","floor":29},{"not_picked":["Hemokinesis","Dual Wield"],"picked":"Shrug It Off","floor":30}],"player_experience":596485,"relics_obtained":[{"floor":9,"key":"Pen Nib"},{"floor":11,"key":"Strawberry"},{"floor":13,"key":"Dodecahedron"},{"floor":14,"key":"Oddly Smooth Stone"},{"floor":24,"key":"Dream Catcher"},{"floor":26,"key":"Red Skull"},{"floor":29,"key":"Bottled Tornado"}],"event_choices":[{"damage_healed":0,"gold_gain":0,"cards_transformed":["Defend_R"],"player_choice":"Transformed","damage_taken":0,"max_hp_gain":0,"max_hp_loss":0,"event_name":"Transmorgrifier","floor":4,"gold_loss":0,"cards_obtained":["Shockwave"]},{"damage_healed":0,"gold_gain":0,"player_choice":"Success","damage_taken":18,"relics_obtained":["Centennial Puzzle"],"max_hp_gain":0,"max_hp_loss":0,"event_name":"Scrap Ooze","floor":7,"gold_loss":0},{"damage_healed":0,"gold_gain":0,"player_choice":"Searched \u00272\u0027 times","damage_taken":0,"relics_obtained":["MawBank"],"max_hp_gain":0,"max_hp_loss":0,"event_name":"Dead Adventurer","floor":12,"gold_loss":0},{"damage_healed":0,"gold_gain":0,"player_choice":"Rummage","damage_taken":0,"relics_obtained":["WarpedTongs"],"max_hp_gain":0,"max_hp_loss":0,"event_name":"Accursed Blacksmith","floor":19,"gold_loss":0,"cards_obtained":["Pain"]},{"damage_healed":0,"gold_gain":99,"player_choice":"Stole From Cult","damage_taken":0,"max_hp_gain":0,"max_hp_loss":0,"event_name":"Nest","floor":31,"gold_loss":0}],"is_beta":true,"boss_relics":[{"not_picked":["Black Blood","Ectoplasm"],"picked":"Astrolabe"}],"items_purged_floors":[20],"is_endless":false,"potions_floor_spawned":[2,5,11,16,18,24],"killed_by":"Collector","ascension_level":12}