{"gold_per_floor":[117,133,133,148,160,194,194,212,284,311,330,360,64,74,74,170,170,188,188,202,202,218,245,245,270,270,288,314,314,347,447,447,447],"floor_reached":33,"playtime":1327,"items_purged":[],"score":389,"play_id":"2a01f0dd-f9c7-4418-b951-cae66e4c8441","local_time":"20190107171903","is_ascension_mode":true,"campfire_choices":[{"data":"Perfected Strike","floor":7,"key":"SMITH"},{"floor":15,"key":"RECALL"},{"data":"Perfected Strike","floor":24,"key":"SMITH"},{"floor":29,"key":"REST"},{"data":"Perfected Strike","floor":32,"key":"SMITH"}],"neow_cost":"NONE","seed_source_timestamp":1293129229223435,"circlet_count":0,"master_deck":["Strike_R+1","Strike_R+1","Strike_R+1","Strike_R+1","Strike_R+1","Defend_R+1","Defend_R+1","Defend_R+1","Bash","Perfected Strike+1","Perfected Strike+1","Perfected Strike+1","Anger","Battle Trance","Reckless Charge","Hemokinesis","Metallicize","Metallicize","Warcry","Iron Wave","Shrug It Off","Fiend Fire","Cleave+1","Shrug It Off+1","Twin Strike","Thunderclap","Sever Soul","Sentinel","Armaments","Double Tap","Warcry","Headbutt"],"relics":["Burning Blood","Sundial","Dodecahedron","Charon\u0027s Ashes","Boot","Bottled Flame","Eternal Feather","Lantern","Pantograph","Gremlin Horn","Dream Catcher","Darkstone Periapt","Incense Burner","Blue Candle"],"potions_floor_usage":[11,16,17,23,31,33],"damage_taken":[{"damage":6,"enemies":"Cultist","floor":1,"turns":3},{"damage":2,"enemies":"2 Louse","floor":2,"turns":2},{"damage":5,"enemies":"Small Slimes","floor":4,"turns":3},{"damage":9,"enemies":"Blue Slaver","floor":5,"turns":3},{"damage":17,"enemies":"Gremlin Nob","floor":6,"turns":4},{"damage":5,"enemies":"Looter","floor":8,"turns":2},{"damage":41,"enemies":"Lagavulin","floor":10,"turns":5},{"damage":10,"enemies":"Large Slime","floor":11,"turns":5},{"damage":8,"enemies":"3 Sentries","floor":12,"turns":5},{"damage":0,"enemies":"Exordium Wildlife","floor":14,"turns":2},{"damage":23,"enemies":"The Guardian","floor":16,"turns":10},{"damage":0,"enemies":"Spheric Guardian","floor":18,"turns":3},{"damage":23,"enemies":"2 Thieves","floor":20,"turns":4},{"damage":5,"enemies":"Chosen and Byrds","floor":22,"turns":4},{"damage":46,"enemies":"Book of Stabbing","floor":23,"turns":5},{"damage":16,"enemies":"Slavers","floor":25,"turns":4},{"damage":4,"enemies":"Centurion and Healer","floor":27,"turns":5},{"damage":21,"enemies":"Gremlin Leader","floor":28,"turns":5},{"damage":13,"enemies":"Slavers","floor":30,"turns":4},{"damage":0,"enemies":"Colosseum Slavers","floor":31,"turns":2},{"damage":32,"enemies":"Colosseum Nobs","floor":31,"turns":5},{"damage":82,"enemies":"Champ","floor":33,"turns":10}],"seed_played":"1033296118516912974","potions_obtained":[{"floor":2,"key":"LiquidBronze"},{"floor":4,"key":"SpeedPotion"},{"floor":6,"key":"Block Potion"},{"floor":10,"key":"Fruit Juice"},{"floor":12,"key":"SteroidPotion"},{"floor":16,"key":"Fruit Juice"},{"floor":18,"key":"Dexterity Potion"},{"floor":28,"key":"Energy Potion"}],"is_trial":false,"path_per_floor":["M","M","?","M","M","E","R","M","T","E","M","E","$","M","R","B",null,"M","?","M","?","M","E","R","E","T","M","E","R","E","?","R","B"],"character_chosen":"IRONCLAD","items_purchased":["Bottled Flame","Iron Wave"],"campfire_rested":1,"item_purchase_floors":[13,13],"current_hp_per_floor":[80,80,80,80,77,66,66,67,67,32,33,31,31,37,37,20,90,90,72,55,55,56,16,31,21,21,23,8,51,44,24,42,0],"gold":447,"neow_bonus":"THREE_CARDS","is_prod":false,"is_daily":false,"chose_seed":false,"campfire_upgraded":3,"win_rate":0,"timestamp":1546899543,"path_taken":["M","?","?","M","M","E","R","M","T","E","?","E","$","?","R","BOSS","M","?","M","?","M","E","R","E","T","M","E","R","E","?","R","BOSS"],"build_version":"2019-01-03v4","purchased_purges":0,"victory":false,"max_hp_per_floor":[80,80,80,80,80,80,80,80,80,80,85,85,85,85,85,85,90,90,95,95,95,95,95,95,95,95,95,95,95,95,95,95,95],"card_choices":[{"not_picked":["Clothesline","Burning Pact"],"picked":"Perfected Strike","floor":0},{"not_picked":["Iron Wave","Thunderclap"],"picked":"Perfected Strike","floor":1},{"not_picked":["Twin Strike","Hemokinesis"],"picked":"Perfected Strike","floor":2},{"not_picked":["Flex","Infernal Blade"],"picked":"Battle Trance","floor":4},{"not_picked":["Fire Breathing","Power Through"],"picked":"Reckless Charge","floor":5},{"not_picked":["Headbutt","Uppercut"],"picked":"Hemokinesis","floor":6},{"not_picked":["Impervious","Body Slam","Sword Boomerang"],"picked":"SKIP","floor":8},{"not_picked":["Anger","Combust"],"picked":"Metallicize","floor":10},{"not_picked":["Iron Wave","True Grit"],"picked":"Metallicize","floor":11},{"not_picked":["Sword Boomerang","Entrench"],"picked":"Warcry","floor":12},{"not_picked":["Heavy Blade","Pummel"],"picked":"Shrug It Off","floor":14},{"not_picked":["Limit Break","Demon Form"],"picked":"Fiend Fire","floor":16},{"not_picked":["Twin Strike","Heavy Blade+1"],"picked":"Cleave+1","floor":18},{"not_picked":["Armaments","Havoc"],"picked":"Shrug It Off+1","floor":20},{"not_picked":["Body Slam+1","Clash"],"picked":"Twin Strike","floor":22},{"not_picked":["Seeing Red","Perfected Strike"],"picked":"Thunderclap","floor":23},{"not_picked":["Heavy Blade","Inflame+1"],"picked":"Sever Soul","floor":25},{"not_picked":["Flex","Body Slam"],"picked":"Sentinel","floor":27},{"not_picked":["Flex","Searing Blow"],"picked":"Armaments","floor":28},{"not_picked":["Entrench+1","Flex+1"],"picked":"Double Tap","floor":29},{"not_picked":["Havoc","Sword Boomerang"],"picked":"Warcry","floor":30},{"not_picked":["Body Slam","Dual Wield"],"picked":"Headbutt","floor":31}],"player_experience":480941,"relics_obtained":[{"floor":6,"key":"Sundial"},{"floor":9,"key":"Dodecahedron"},{"floor":10,"key":"Charon\u0027s Ashes"},{"floor":12,"key":"Boot"},{"floor":23,"key":"Lantern"},{"floor":25,"key":"Pantograph"},{"floor":26,"key":"Gremlin Horn"},{"floor":28,"key":"Dream Catcher"},{"floor":30,"key":"Darkstone Periapt"},{"floor":31,"key":"Incense Burner"},{"floor":31,"key":"Blue Candle"}],"event_choices":[{"damage_healed":0,"gold_gain":0,"cards_transformed":["Defend_R"],"player_choice":"Transformed","damage_taken":0,"max_hp_gain":0,"max_hp_loss":0,"event_name":"Transmorgrifier","floor":3,"gold_loss":0,"cards_obtained":["Anger"]},{"damage_healed":0,"gold_gain":0,"player_choice":"Shed Blood","damage_taken":23,"max_hp_gain":5,"max_hp_loss":0,"event_name":"Forgotten Altar","floor":19,"gold_loss":0},{"damage_healed":0,"gold_gain":0,"player_choice":"Simplicity","damage_taken":0,"max_hp_gain":0,"max_hp_loss":0,"event_name":"Back to Basics","floor":21,"gold_loss":0,"cards_upgraded":["Strike_R","Strike_R","Strike_R","Strike_R","Strike_R","Defend_R","Defend_R","Defend_R"]},{"damage_healed":0,"gold_gain":0,"player_choice":"Fight","damage_taken":0,"max_hp_gain":0,"max_hp_loss":0,"event_name":"Colosseum","floor":31,"gold_loss":0},{"damage_healed":0,"gold_gain":0,"player_choice":"Fought Nobs","damage_taken":0,"max_hp_gain":0,"max_hp_loss":0,"event_name":"Colosseum","floor":31,"gold_loss":0}],"is_beta":false,"boss_relics":[{"not_picked":["Sozu","Ectoplasm"],"picked":"Eternal Feather"}],"items_purged_floors":[],"is_endless":false,"potions_floor_spawned":[2,4,6,10,12,16,18,22,28,30],"killed_by":"Champ","ascension_level":1}