{"gold_per_floor":[109,126,142,192,204,204,216,22,22,22,39,50,73,92,92,196,196,210,210,32,32,132,132,160,160],"floor_reached":25,"playtime":879,"items_purged":["Strike_B","Shame"],"score":288,"play_id":"ea5b420a-a24b-4349-b154-6a5bef9d6bf0","local_time":"20181203215323","is_ascension_mode":true,"campfire_choices":[{"data":"Zap","floor":6,"key":"SMITH"},{"data":"Defragment","floor":10,"key":"SMITH"},{"floor":15,"key":"REST"},{"data":"Seek","floor":23,"key":"SMITH"}],"neow_cost":"NONE","seed_source_timestamp":895723826111281,"circlet_count":0,"master_deck":["Strike_B","Strike_B","Strike_B","Defend_B","Defend_B","Defend_B","Defend_B","Zap+1","Dualcast","Leap","Melter","Defragment+1","Undo","Biased Cognition","Go for the Eyes","Capacitor","Rip and Tear","Amplify","Seek+1","Glacier","Chaos","Leap","Decay","Glacier"],"relics":["Cracked Core","NeowsBlessing","Smiling Mask","DataDisk","Letter Opener","Odd Mushroom","Inserter","Juzu Bracelet","Pear"],"potions_floor_usage":[12,16,24,25],"damage_taken":[{"damage":0,"enemies":"Cultist","floor":1,"turns":1},{"damage":0,"enemies":"Small Slimes","floor":2,"turns":1},{"damage":0,"enemies":"Jaw Worm","floor":3,"turns":1},{"damage":8,"enemies":"Blue Slaver","floor":5,"turns":4},{"damage":3,"enemies":"Red Slaver","floor":7,"turns":4},{"damage":9,"enemies":"Lots of Slimes","floor":11,"turns":3},{"damage":15,"enemies":"Gremlin Gang","floor":12,"turns":5},{"damage":15,"enemies":"The Mushroom Lair","floor":13,"turns":4},{"damage":1,"enemies":"Looter","floor":14,"turns":3},{"damage":15,"enemies":"Slime Boss","floor":16,"turns":8},{"damage":19,"enemies":"Chosen","floor":18,"turns":5},{"damage":33,"enemies":"Slavers","floor":24,"turns":6},{"damage":26,"enemies":"3 Byrds","floor":25,"turns":3}],"seed_played":"4142903330484500466","potions_obtained":[{"floor":3,"key":"FocusPotion"},{"floor":5,"key":"SpeedPotion"},{"floor":7,"key":"Weak Potion"},{"floor":12,"key":"Energy Potion"},{"floor":24,"key":"GamblersBrew"}],"is_trial":false,"path_per_floor":["M","M","M","T","M","R","M","$","T","R","M","M","?","M","R","B",null,"M","?","$","?","?","R","E","M"],"character_chosen":"DEFECT","items_purchased":["DataDisk","Chaos","Leap"],"campfire_rested":1,"item_purchase_floors":[8,20,20],"current_hp_per_floor":[68,68,68,68,60,60,57,57,57,57,48,33,18,17,39,24,62,43,43,43,43,43,43,20,0],"gold":160,"neow_bonus":"THREE_ENEMY_KILL","is_prod":false,"is_daily":false,"chose_seed":false,"campfire_upgraded":3,"win_rate":0,"timestamp":1543892003,"path_taken":["M","M","M","?","M","R","M","?","T","R","M","?","?","M","R","BOSS","M","?","$","?","?","R","E","M"],"build_version":"2018-11-15","purchased_purges":2,"victory":false,"max_hp_per_floor":[75,75,75,75,75,75,75,75,75,75,75,75,75,75,75,75,75,75,75,75,75,75,75,85,85],"card_choices":[{"not_picked":["Turbo","Aggregate"],"picked":"Leap","floor":1},{"not_picked":["Conserve Battery","Steam"],"picked":"Melter","floor":2},{"not_picked":["Static Discharge","Skim"],"picked":"Defragment","floor":3},{"not_picked":["Gash","Doom and Gloom"],"picked":"Undo","floor":5},{"not_picked":["Gash","Steam"],"picked":"Biased Cognition","floor":7},{"not_picked":["Redo","Coolheaded"],"picked":"Go for the Eyes","floor":11},{"not_picked":["Rebound","FTL"],"picked":"Capacitor","floor":12},{"not_picked":["Darkness","Genetic Algorithm"],"picked":"Rip and Tear","floor":13},{"not_picked":["Rebound","Compile Driver"],"picked":"Amplify","floor":14},{"not_picked":["Fission","Reboot"],"picked":"Seek","floor":16},{"not_picked":["Self Repair","Steam"],"picked":"Glacier","floor":18},{"not_picked":["Melter","Tempest"],"picked":"Glacier","floor":24}],"player_experience":347301,"relics_obtained":[{"floor":4,"key":"Smiling Mask"},{"floor":9,"key":"Letter Opener"},{"floor":13,"key":"Odd Mushroom"},{"floor":24,"key":"Pear"}],"event_choices":[{"damage_healed":0,"gold_gain":0,"player_choice":"Fought Mushrooms","damage_taken":0,"max_hp_gain":0,"max_hp_loss":0,"event_name":"Mushrooms","floor":13,"gold_loss":0},{"damage_healed":0,"gold_gain":0,"player_choice":"Stole Relic","damage_taken":0,"relics_obtained":["Juzu Bracelet"],"max_hp_gain":0,"max_hp_loss":0,"event_name":"Addict","floor":19,"gold_loss":0,"cards_obtained":["Shame"]},{"damage_healed":0,"gold_gain":0,"player_choice":"Cursed","damage_taken":0,"max_hp_gain":0,"max_hp_loss":0,"event_name":"Wheel of Change","floor":21,"gold_loss":0,"cards_obtained":["Decay"]},{"damage_healed":0,"gold_gain":100,"player_choice":"Pray","damage_taken":0,"max_hp_gain":0,"max_hp_loss":0,"event_name":"Golden Shrine","floor":22,"gold_loss":0}],"is_beta":false,"boss_relics":[{"not_picked":["Runic Pyramid","Ectoplasm"],"picked":"Inserter"}],"items_purged_floors":[8,20],"is_endless":false,"potions_floor_spawned":[3,5,7,12,14,24],"killed_by":"3 Byrds","ascension_level":7}