{"gold_per_floor":[111,136,151,101,119,149,149,18,67,67,67,81,40,40,40,140,140,105,105,204,144,144,144,176,176,227,242,78,378,378,397,397,397],"floor_reached":33,"playtime":2069,"items_purged":["Strike_B","Strike_B"],"score":363,"play_id":"e1ee6d7c-584e-4bc3-bf4e-7fbee3c839ee","local_time":"20181126214414","is_ascension_mode":true,"campfire_choices":[{"floor":7,"key":"REST"},{"floor":15,"key":"REST"},{"data":"Glacier","floor":23,"key":"SMITH"},{"floor":25,"key":"REST"},{"floor":30,"key":"REST"},{"floor":32,"key":"REST"}],"neow_cost":"NONE","seed_source_timestamp":252629543116375,"circlet_count":0,"master_deck":["Defend_B","Defend_B","Defend_B","Defend_B","Zap","Dualcast","Lockon","Beam Cell","Loop","Sweeping Beam","Glacier+1","Coolheaded","Creative AI","Cold Snap","Cold Snap","Amplify","Ball Lightning","Conserve Battery","Cold Snap","Conserve Battery","Sweeping Beam","Compile Driver+1","Rebound+1","Defragment","Self Repair","Consume+1"],"relics":["Cracked Core","Bag of Preparation","Sundial","Centennial Puzzle","The Courier","Orrery","Lantern","Juzu Bracelet","Old Coin"],"potions_floor_usage":[16,24,27,27,33],"damage_taken":[{"damage":6,"enemies":"Cultist","floor":1,"turns":4},{"damage":8,"enemies":"2 Louse","floor":3,"turns":2},{"damage":0,"enemies":"Small Slimes","floor":5,"turns":3},{"damage":40,"enemies":"3 Sentries","floor":6,"turns":8},{"damage":0,"enemies":"Looter","floor":12,"turns":4},{"damage":22,"enemies":"The Guardian","floor":16,"turns":15},{"damage":22,"enemies":"2 Thieves","floor":18,"turns":5},{"damage":49,"enemies":"Slavers","floor":24,"turns":8},{"damage":10,"enemies":"Shell Parasite","floor":27,"turns":7},{"damage":35,"enemies":"Cultist and Chosen","floor":31,"turns":8},{"damage":74,"enemies":"Collector","floor":33,"turns":5}],"seed_played":"-5453564648670510566","potions_obtained":[{"floor":1,"key":"FearPotion"},{"floor":3,"key":"Ancient Potion"},{"floor":6,"key":"EssenceOfSteel"},{"floor":24,"key":"Regen Potion"},{"floor":31,"key":"Weak Potion"}],"is_trial":false,"path_per_floor":["M","T","M","?","M","E","R","$","T","?","T","M","$","?","R","B",null,"M","?","?","$","?","R","E","R","T","M","$","T","R","M","R","B"],"character_chosen":"DEFECT","items_purchased":["Glacier","Coolheaded","Cold Snap","Defragment","Self Repair"],"campfire_rested":5,"item_purchase_floors":[8,8,13,28,28],"current_hp_per_floor":[69,69,61,61,61,21,45,45,45,45,45,45,45,45,69,47,73,51,78,78,78,62,62,13,39,39,43,43,43,69,48,74,0],"gold":397,"neow_bonus":"TEN_PERCENT_HP_BONUS","is_prod":false,"is_daily":false,"chose_seed":false,"campfire_upgraded":1,"win_rate":0,"timestamp":1543268654,"path_taken":["M","?","M","?","M","E","R","$","T","?","?","?","$","?","R","BOSS","M","?","?","$","?","R","E","R","T","M","$","?","R","M","R","BOSS"],"build_version":"2018-11-15","purchased_purges":2,"victory":false,"max_hp_per_floor":[82,82,82,82,82,82,82,82,82,82,82,82,82,82,82,82,82,82,82,82,82,87,87,87,87,87,87,87,87,87,87,87,87],"card_choices":[{"not_picked":["BootSequence","Turbo"],"picked":"Lockon","floor":1},{"not_picked":["Streamline","Compile Driver"],"picked":"Beam Cell","floor":3},{"not_picked":["Compile Driver","Beam Cell"],"picked":"Loop","floor":5},{"not_picked":["Barrage","Leap"],"picked":"Sweeping Beam","floor":6},{"not_picked":["Conserve Battery","Fission"],"picked":"Cold Snap","floor":12},{"not_picked":["Echo Form","Buffer"],"picked":"Amplify","floor":16},{"not_picked":["Heatsinks","Streamline"],"picked":"Ball Lightning","floor":17},{"not_picked":["Beam Cell","Skim"],"picked":"Conserve Battery","floor":17},{"not_picked":["Coolheaded","Sunder"],"picked":"Cold Snap","floor":17},{"not_picked":["Rebound","Sunder"],"picked":"Conserve Battery","floor":17},{"not_picked":["Sunder","Hologram"],"picked":"Sweeping Beam","floor":18},{"not_picked":["Barrage","Turbo"],"picked":"Compile Driver+1","floor":24},{"not_picked":["Coolheaded","Streamline"],"picked":"Rebound+1","floor":27},{"not_picked":["Gash","Turbo+1"],"picked":"Consume+1","floor":31}],"player_experience":900390,"relics_obtained":[{"floor":2,"key":"Bag of Preparation"},{"floor":6,"key":"Sundial"},{"floor":9,"key":"Centennial Puzzle"},{"floor":11,"key":"The Courier"},{"floor":24,"key":"Lantern"},{"floor":26,"key":"Juzu Bracelet"},{"floor":29,"key":"Old Coin"}],"event_choices":[{"cards_removed":["Strike_B"],"damage_healed":0,"gold_gain":0,"player_choice":"Card Removal","damage_taken":0,"max_hp_gain":0,"max_hp_loss":0,"event_name":"The Cleric","floor":4,"gold_loss":50},{"damage_healed":0,"gold_gain":0,"cards_transformed":["Strike_B"],"player_choice":"Change","damage_taken":0,"max_hp_gain":0,"max_hp_loss":0,"event_name":"Living Wall","floor":10,"gold_loss":0,"cards_obtained":["Creative AI"]},{"damage_healed":0,"gold_gain":0,"player_choice":"Ignored","damage_taken":0,"max_hp_gain":0,"max_hp_loss":0,"event_name":"Liars Game","floor":14,"gold_loss":0},{"damage_healed":27,"gold_gain":0,"player_choice":"Heal","damage_taken":0,"max_hp_gain":0,"max_hp_loss":0,"event_name":"The Library","floor":19,"gold_loss":0},{"damage_healed":0,"gold_gain":99,"player_choice":"Stole From Cult","damage_taken":0,"max_hp_gain":0,"max_hp_loss":0,"event_name":"Nest","floor":20,"gold_loss":0},{"damage_healed":0,"gold_gain":0,"player_choice":"Shed Blood","damage_taken":21,"max_hp_gain":5,"max_hp_loss":0,"event_name":"Forgotten Altar","floor":22,"gold_loss":0}],"is_beta":false,"boss_relics":[{"not_picked":["Calling Bell","Lizard Tail"],"picked":"Orrery"}],"items_purged_floors":[21,28],"is_endless":false,"potions_floor_spawned":[1,3,6,24,31],"killed_by":"Collector","ascension_level":8}