{"gold_per_floor":[117,117,180,199,209,209,220,220,220,220,234,234,252,264,264,368,368,334,348,360,374,388,388,13,13,13,13,112,130,130,55,55,156,156,170,186,202,216,235,235,235,254,280,294,320,320,340,440,440,440],"floor_reached":51,"playtime":2505,"items_purged":["Strike_R"],"score":727,"play_id":"5f43dc99-037e-48e6-94de-f0bd63a96393","local_time":"20190210223107","is_ascension_mode":false,"campfire_choices":[{"data":"Dual Wield","floor":6.0,"key":"SMITH"},{"data":"Bash","floor":8.0,"key":"SMITH"},{"data":"Shrug It Off","floor":10.0,"key":"SMITH"},{"data":"Flame Barrier","floor":12.0,"key":"SMITH"},{"data":"Burning Pact","floor":15.0,"key":"SMITH"},{"data":"Juggernaut","floor":23.0,"key":"SMITH"},{"data":"Secret Weapon","floor":25.0,"key":"SMITH"},{"data":"Iron Wave","floor":27.0,"key":"SMITH"},{"floor":30.0,"key":"REST"},{"data":"Disarm","floor":32.0,"key":"SMITH"},{"floor":40,"key":"REST"},{"floor":49,"key":"REST"}],"neow_cost":"PERCENT_DAMAGE","seed_source_timestamp":16621079429253,"circlet_count":0,"master_deck":["Strike_R","Strike_R","Strike_R","Strike_R","Defend_R","Defend_R","Defend_R","Defend_R","Bash+1","Feed+1","Dual Wield+1","Shrug It Off+1","Ghostly Armor","Flame Barrier+1","Burning Pact+1","Shrug It Off","Juggernaut+1","Iron Wave+1","Disarm+1","Pommel Strike+1","Iron Wave+1","Havoc+1","Writhe"],"special_seed":0,"relics":["Burning Blood","Ancient Tea Set","Runic Dome","Chemical X","Bottled Flame","Busted Crown","Oddly Smooth Stone","Gremlin Horn","Ginger"],"potions_floor_usage":[44,44,45,50,50],"damage_taken":[{"damage":1.0,"enemies":"Cultist","floor":1.0,"turns":3.0},{"damage":7.0,"enemies":"2 Louse","floor":4.0,"turns":3.0},{"damage":6.0,"enemies":"Jaw Worm","floor":5.0,"turns":3.0},{"damage":6.0,"enemies":"Exordium Wildlife","floor":7.0,"turns":6.0},{"damage":21.0,"enemies":"Lots of Slimes","floor":11.0,"turns":10.0},{"damage":2.0,"enemies":"Blue Slaver","floor":13.0,"turns":7.0},{"damage":1.0,"enemies":"2 Fungi Beasts","floor":14.0,"turns":5.0},{"damage":78.0,"enemies":"The Guardian","floor":16.0,"turns":25.0},{"damage":18.0,"enemies":"2 Thieves","floor":18.0,"turns":5.0},{"damage":13.0,"enemies":"3 Byrds","floor":19.0,"turns":12.0},{"damage":12.0,"enemies":"Snake Plant","floor":20.0,"turns":7.0},{"damage":12.0,"enemies":"Snecko","floor":21.0,"turns":6.0},{"damage":7.0,"enemies":"Centurion and Healer","floor":22.0,"turns":12.0},{"damage":32.0,"enemies":"Sentry and Sphere","floor":29.0,"turns":9.0},{"damage":39.0,"enemies":"Automaton","floor":33.0,"turns":12.0},{"damage":6.0,"enemies":"3 Darklings","floor":35.0,"turns":7.0},{"damage":15,"enemies":"3 Shapes","floor":36,"turns":10},{"damage":23,"enemies":"Maw","floor":37,"turns":8},{"damage":49,"enemies":"Jaw Worm Horde","floor":38,"turns":6},{"damage":72,"enemies":"Sphere and 2 Shapes","floor":39,"turns":8},{"damage":3,"enemies":"Spire Growth","floor":42,"turns":5},{"damage":9,"enemies":"Writhing Mass","floor":44,"turns":6},{"damage":81,"enemies":"Giant Head","floor":45,"turns":10},{"damage":17,"enemies":"Transient","floor":47,"turns":5},{"damage":0,"enemies":"Mind Bloom Boss Battle","floor":48,"turns":9},{"damage":73,"enemies":"Awakened One","floor":50,"turns":20}],"seed_played":"7081261299123817095","potions_obtained":[{"floor":4.0,"key":"Weak Potion"},{"floor":11.0,"key":"Strength Potion"},{"floor":14.0,"key":"GamblersBrew"},{"floor":20.0,"key":"Strength Potion"},{"floor":22.0,"key":"LiquidBronze"},{"floor":33.0,"key":"Ancient Potion"},{"floor":37,"key":"Weak Potion"},{"floor":42,"key":"PowerPotion"},{"floor":44,"key":"Poison Potion"},{"floor":47,"key":"FearPotion"}],"is_trial":false,"path_per_floor":["M","?","?","M","M","R","M","R","T","R","M","R","M","M","R","B",null,"M","M","M","M","M","R","$","R","T","R","?","M","R","$","R","B",null,"M","M","M","M","M","R","?","M","T","M","E","?","M","?","R","B",null],"character_chosen":"IRONCLAD","items_purchased":["Chemical X","Secret Weapon"],"campfire_rested":3,"item_purchase_floors":[24,24],"current_hp_per_floor":[64,64,64,67,71,71,79,79,79,79,84,84,92,105,105,37,135,127,132,130,128,131,131,131,131,131,131,131,113,164,164,164,135,175,179,178,165,134,80,144,225,229,229,230,159,218,207,217,241,182],"gold":440,"neow_bonus":"THREE_RARE_CARDS","is_prod":false,"is_daily":false,"chose_seed":false,"campfire_upgraded":9,"win_rate":0,"timestamp":1549859467,"path_taken":["M","?","?","M","M","R","M","R","T","R","M","R","M","M","R","BOSS","M","M","M","M","M","R","$","R","T","R","?","M","R","$","R","BOSS","M","M","M","M","M","R","?","M","T","?","E","?","M","?","R","BOSS"],"build_version":"2019-01-23","purchased_purges":1,"victory":true,"max_hp_per_floor":[83,83,83,87,91,91,99,99,99,99,119,119,123,131,131,135,135,139,151,155,159,163,163,163,163,163,163,163,171,171,171,171,175,175,179,187,191,203,215,215,225,229,229,233,237,237,237,241,241,249],"card_choices":[{"not_picked":["Immolate","Double Tap"],"picked":"Feed","floor":0.0},{"not_picked":["Pommel Strike","Entrench","Dropkick"],"picked":"SKIP","floor":1.0},{"not_picked":["Anger","Second Wind"],"picked":"Dual Wield","floor":4.0},{"not_picked":["Iron Wave","Anger"],"picked":"Shrug It Off","floor":5.0},{"not_picked":["Heavy Blade","Anger"],"picked":"Ghostly Armor","floor":7.0},{"not_picked":["Second Wind","Entrench"],"picked":"Flame Barrier","floor":11.0},{"not_picked":["Warcry","Iron Wave"],"picked":"Burning Pact","floor":13.0},{"not_picked":["Sword Boomerang","Clash"],"picked":"Shrug It Off","floor":14.0},{"not_picked":["Dark Embrace","Brutality"],"picked":"Juggernaut","floor":16.0},{"not_picked":["Havoc","Carnage"],"picked":"Iron Wave+1","floor":18.0},{"not_picked":["Bloodletting","Thunderclap"],"picked":"Disarm","floor":19.0},{"not_picked":["Perfected Strike+1","Twin Strike+1","Cleave"],"picked":"SKIP","floor":20.0},{"not_picked":["Perfected Strike","Cleave+1"],"picked":"Pommel Strike+1","floor":21.0},{"not_picked":["Wild Strike","Twin Strike+1"],"picked":"Iron Wave","floor":22.0},{"not_picked":["Body Slam","Sword Boomerang","Flex"],"picked":"SKIP","floor":29.0},{"not_picked":["Reckless Charge+1"],"picked":"SKIP","floor":35.0},{"not_picked":[],"picked":"Havoc+1","floor":36},{"not_picked":["Pummel+1"],"picked":"SKIP","floor":37},{"not_picked":["Wild Strike"],"picked":"SKIP","floor":38},{"not_picked":["Sentinel+1"],"picked":"SKIP","floor":39},{"not_picked":["Anger+1"],"picked":"SKIP","floor":42},{"not_picked":["Carnage"],"picked":"SKIP","floor":44},{"not_picked":["Thunderclap"],"picked":"SKIP","floor":45},{"not_picked":["Bloodletting+1"],"picked":"SKIP","floor":47}],"player_experience":778039,"relics_obtained":[{"floor":9.0,"key":"Ancient Tea Set"},{"floor":26.0,"key":"Bottled Flame"},{"floor":43,"key":"Oddly Smooth Stone"},{"floor":45,"key":"Gremlin Horn"},{"floor":48,"key":"Ginger"}],"event_choices":[{"damage_healed":0.0,"max_hp_gain":0.0,"max_hp_loss":0.0,"gold_gain":0.0,"event_name":"Living Wall","player_choice":"Grow","floor":2.0,"gold_loss":0.0,"damage_taken":0.0,"cards_upgraded":["Feed"]},{"damage_healed":0.0,"max_hp_gain":0.0,"max_hp_loss":0.0,"gold_gain":63.0,"event_name":"Golden Wing","player_choice":"Gained Gold","floor":3.0,"gold_loss":0.0,"damage_taken":0.0},{"damage_healed":0.0,"max_hp_gain":0.0,"max_hp_loss":0.0,"gold_gain":99.0,"event_name":"Nest","player_choice":"Stole From Cult","floor":28.0,"gold_loss":0.0,"damage_taken":0.0},{"cards_removed":["Secret Weapon"],"damage_healed":71,"gold_gain":0,"player_choice":"Offered Rare","damage_taken":0,"max_hp_gain":10,"max_hp_loss":0,"event_name":"Bonfire Elementals","floor":41,"gold_loss":0},{"damage_healed":59,"gold_gain":0,"player_choice":"Writhe","damage_taken":0,"max_hp_gain":0,"max_hp_loss":0,"event_name":"Winding Halls","floor":46,"gold_loss":0,"cards_obtained":["Writhe"]},{"damage_healed":0,"gold_gain":0,"player_choice":"Fight","damage_taken":0,"max_hp_gain":0,"max_hp_loss":0,"event_name":"MindBloom","floor":48,"gold_loss":0}],"is_beta":false,"boss_relics":[{"not_picked":["Runic Cube","Tiny House"],"picked":"Runic Dome"},{"not_picked":["Velvet Choker","Lizard Tail"],"picked":"Busted Crown"}],"items_purged_floors":[31],"is_endless":false,"potions_floor_spawned":[4,11,14,20,21,22,33,37,42,44,47],"ascension_level":0}