{"gold_per_floor":[112,62,79,95,14,14,43,43,70,85,85],"floor_reached":11,"playtime":1413,"items_purged":[],"score":116,"play_id":"da05d333-9cfa-4ce2-a85c-cd362684ff97","local_time":"20190209221534","is_ascension_mode":true,"campfire_choices":[{"floor":6,"key":"REST"}],"neow_cost":"NONE","seed_source_timestamp":521025018512104,"circlet_count":0,"master_deck":["Strike_B","Strike_B","Strike_B","Defend_B","Defend_B","Defend_B","Defend_B","Zap","Dualcast","Steam","ReplayTheSpireMod:Repulse","Compile Driver","Time Bomb+1","ReplaySort","Streamline"],"special_seed":0,"relics":["Cracked Core","Juzu Bracelet","hubris:Spice"],"potions_floor_usage":[4],"damage_taken":[{"damage":7,"enemies":"Jaw Worm","floor":1,"turns":3},{"damage":0,"enemies":"Small Slimes","floor":3,"turns":2},{"damage":11,"enemies":"Cultist","floor":4,"turns":4},{"damage":62,"enemies":"Lagavulin","floor":7,"turns":10},{"damage":3,"enemies":"2 Fungi Beasts","floor":10,"turns":4},{"damage":31,"enemies":"Erikyupuro","floor":11,"turns":11}],"seed_played":"-7346142846998795762","potions_obtained":[{"floor":3,"key":"Fruit Juice"},{"floor":4,"key":"SpeedPotion"}],"is_trial":false,"path_per_floor":["M","?","M","M","$","R","E","?","T","M","E"],"character_chosen":"DEFECT","items_purchased":["Time Bomb"],"campfire_rested":1,"item_purchase_floors":[5],"current_hp_per_floor":[68,68,68,62,62,80,26,26,34,31,0],"gold":85,"neow_bonus":"RANDOM_COMMON_RELIC","is_prod":false,"is_daily":false,"chose_seed":false,"campfire_upgraded":0,"win_rate":0,"timestamp":1549746934,"path_taken":["M","?","M","M","$","R","E","?","T","M","E"],"build_version":"2019-01-23","purchased_purges":0,"victory":false,"max_hp_per_floor":[75,75,75,80,80,80,88,88,96,96,96],"card_choices":[{"not_picked":["Barrage","ReplayTheSpireMod:GoodbyeWorld"],"picked":"Steam","floor":1},{"not_picked":["Hologram","Compile Driver"],"picked":"ReplayTheSpireMod:Repulse","floor":3},{"not_picked":["Steam Power","Barrage"],"picked":"Compile Driver","floor":4},{"not_picked":["Creative AI","Double Energy"],"picked":"ReplaySort","floor":7},{"not_picked":["Lockon","Hologram"],"picked":"Streamline","floor":10}],"player_experience":333870,"relics_obtained":[{"floor":7,"key":"hubris:Spice"},{"floor":9,"key":"hubris:Spice"}],"event_choices":[{"cards_removed":["Strike_B"],"damage_healed":0,"gold_gain":0,"player_choice":"Card Removal","damage_taken":0,"max_hp_gain":0,"max_hp_loss":0,"event_name":"The Cleric","floor":2,"gold_loss":50},{"damage_healed":0,"gold_gain":0,"player_choice":"Grow","damage_taken":0,"max_hp_gain":0,"max_hp_loss":0,"event_name":"Living Wall","floor":8,"gold_loss":0,"cards_upgraded":["Time Bomb"]}],"is_beta":false,"boss_relics":[],"items_purged_floors":[],"is_endless":false,"potions_floor_spawned":[3,4],"killed_by":"Erikyupuro","ascension_level":5}