{"gold_per_floor":[109,121,121,133,133,133,159,176,176,176,176,195,227,250,262,274],"floor_reached":16,"playtime":744,"items_purged":[],"score":164,"play_id":"862808b1-9647-4422-90bf-e73f2ce64abf","local_time":"20181231153100","is_ascension_mode":true,"campfire_choices":[{"data":"Backstab","floor":6,"key":"SMITH"},{"data":"Footwork","floor":11,"key":"SMITH"},{"floor":15,"key":"REST"}],"neow_cost":"NONE","seed_source_timestamp":332484055877900,"circlet_count":0,"master_deck":["Defend_G","Defend_G","Defend_G","Defend_G","Defend_G","Strike_G","Strike_G","Strike_G","Strike_G","Strike_G","Survivor","Neutralize","Footwork","Backstab+1","Footwork+1","Endless Agony"],"relics":["Ring of the Snake","PreservedInsect","Gambling Chip","Matryoshka","MawBank"],"potions_floor_usage":[13,13],"damage_taken":[{"damage":1,"enemies":"2 Louse","floor":1,"turns":5},{"damage":0,"enemies":"Small Slimes","floor":2,"turns":4},{"damage":1,"enemies":"Cultist","floor":4,"turns":4},{"damage":25,"enemies":"3 Sentries","floor":7,"turns":17},{"damage":14,"enemies":"Exordium Thugs","floor":8,"turns":9},{"damage":0,"enemies":"Blue Slaver","floor":12,"turns":7},{"damage":0,"enemies":"Lagavulin","floor":13,"turns":9},{"damage":0,"enemies":"Exordium Wildlife","floor":14,"turns":6},{"damage":18,"enemies":"Hexaghost","floor":16,"turns":7}],"seed_played":"-1854685230132848983","potions_obtained":[{"floor":2,"key":"Swift Potion"},{"floor":4,"key":"Dexterity Potion"},{"floor":12,"key":"Energy Potion"},{"floor":13,"key":"SteroidPotion"}],"is_trial":false,"path_per_floor":["M","M","?","M","?","R","E","M","T","?","R","M","E","M","R","B"],"character_chosen":"THE_SILENT","items_purchased":[],"campfire_rested":1,"item_purchase_floors":[],"current_hp_per_floor":[69,69,66,65,65,65,40,26,26,26,26,26,26,26,47,29],"gold":274,"neow_bonus":"THREE_CARDS","is_prod":false,"is_daily":false,"chose_seed":false,"campfire_upgraded":2,"win_rate":0,"timestamp":1546266660,"path_taken":["M","M","?","M","?","R","E","M","T","?","R","?","E","M","R","BOSS"],"build_version":"2018-12-20","purchased_purges":0,"victory":false,"max_hp_per_floor":[70,70,70,70,70,70,70,70,70,70,70,70,70,70,70,70],"card_choices":[{"not_picked":["Underhanded Strike","Deflect"],"picked":"Footwork","floor":0},{"not_picked":["Dagger Spray","Prepared"],"picked":"Backstab","floor":1},{"not_picked":["Well Laid Plans","Catalyst"],"picked":"Footwork","floor":2},{"not_picked":["Quick Slash","PiercingWail","Outmaneuver"],"picked":"SKIP","floor":4},{"not_picked":["Predator","Acrobatics","Sucker Punch"],"picked":"SKIP","floor":7},{"not_picked":["Predator","Setup","Dagger Throw"],"picked":"SKIP","floor":8},{"not_picked":["Flying Knee","Outmaneuver","Setup"],"picked":"SKIP","floor":12},{"not_picked":["Concentrate","All Out Attack","Setup"],"picked":"SKIP","floor":13},{"not_picked":["Eviscerate","Distraction"],"picked":"Endless Agony","floor":14}],"player_experience":827400,"relics_obtained":[{"floor":7,"key":"Gambling Chip"},{"floor":9,"key":"Matryoshka"},{"floor":13,"key":"MawBank"}],"event_choices":[{"damage_healed":0,"gold_gain":0,"player_choice":"Success","damage_taken":3,"relics_obtained":["PreservedInsect"],"max_hp_gain":0,"max_hp_loss":0,"event_name":"Scrap Ooze","floor":3,"gold_loss":0},{"damage_healed":0,"gold_gain":0,"player_choice":"Ignored","damage_taken":0,"max_hp_gain":0,"max_hp_loss":0,"event_name":"Liars Game","floor":5,"gold_loss":0},{"damage_healed":0,"gold_gain":0,"player_choice":"0 cards matched","damage_taken":0,"max_hp_gain":0,"max_hp_loss":0,"event_name":"Match and Keep!","floor":10,"gold_loss":0,"cards_obtained":[]}],"is_beta":false,"boss_relics":[],"items_purged_floors":[],"is_endless":false,"potions_floor_spawned":[2,4,12,13],"killed_by":"Hexaghost","ascension_level":4}