{"gold_per_floor":[113,188,199,25,25,25,45,45,45,60,73,73,87,87,87,188,188,200,33,33,46,63,63,73,87,159,176,176,176,176,0,0,0],"floor_reached":33,"playtime":2080,"items_purged":["Strike_R"],"score":299,"play_id":"93219587-1297-41c9-b686-52988de2f95b","local_time":"20190130041148","is_ascension_mode":true,"campfire_choices":[{"data":"Uppercut","floor":6,"key":"SMITH"},{"data":"Bash","floor":8,"key":"SMITH"},{"data":"Shrug It Off","floor":15,"key":"SMITH"},{"floor":23,"key":"REST"},{"data":"True Grit","floor":28,"key":"SMITH"},{"floor":32,"key":"REST"}],"neow_cost":"TEN_PERCENT_HP_LOSS","seed_source_timestamp":48170100622049,"circlet_count":0,"master_deck":["Strike_R+1","Strike_R","Strike_R","Strike_R","Defend_R","Defend_R","Defend_R","Defend_R","Bash+1","Uppercut+1","Shrug It Off+1","Evolve+1","Shrug It Off+1","Discovery","Panacea","Flame Barrier","Decay","True Grit+1","Barricade+1"],"relics":["Burning Blood","Calipers","Red Skull","Frozen Egg 2","Cursed Key","The Courier"],"potions_floor_usage":[10,16,16,27,33],"damage_taken":[{"damage":0,"enemies":"Small Slimes","floor":1,"turns":3},{"damage":6,"enemies":"2 Louse","floor":3,"turns":2},{"damage":0,"enemies":"Cultist","floor":7,"turns":4},{"damage":13,"enemies":"Exordium Wildlife","floor":10,"turns":7},{"damage":9,"enemies":"Blue Slaver","floor":11,"turns":4},{"damage":1,"enemies":"2 Fungi Beasts","floor":13,"turns":3},{"damage":33,"enemies":"Slime Boss","floor":16,"turns":10},{"damage":3,"enemies":"Shell Parasite","floor":18,"turns":7},{"damage":17,"enemies":"Spheric Guardian","floor":21,"turns":6},{"damage":31,"enemies":"Chosen and Byrds","floor":22,"turns":9},{"damage":14,"enemies":"Sentry and Sphere","floor":24,"turns":9},{"damage":8,"enemies":"Centurion and Healer","floor":25,"turns":6},{"damage":9,"enemies":"Snecko","floor":27,"turns":7},{"damage":52,"enemies":"Automaton","floor":33,"turns":6}],"seed_played":"-6777229472514009717","potions_obtained":[{"floor":1,"key":"Energy Potion"},{"floor":7,"key":"Poison Potion"},{"floor":13,"key":"Ancient Potion"},{"floor":16,"key":"PowerPotion"},{"floor":18,"key":"Strength Potion"},{"floor":21,"key":"EssenceOfSteel"}],"is_trial":false,"path_per_floor":["M","?","M","$","?","R","M","R","T","M","M","?","M","?","R","B",null,"M","$","?","M","M","R","M","M","T","M","R","?","?","?","R","B"],"character_chosen":"IRONCLAD","items_purchased":["Shrug It Off","Red Skull","Discovery"],"campfire_rested":2,"item_purchase_floors":[4,4,19],"current_hp_per_floor":[72,61,61,61,47,47,53,53,53,46,43,43,48,48,48,21,59,62,62,62,51,26,47,39,37,37,34,34,21,21,21,44,0],"gold":0,"neow_bonus":"ONE_RARE_RELIC","is_prod":false,"is_daily":false,"chose_seed":false,"campfire_upgraded":4,"win_rate":0,"timestamp":1548789108,"path_taken":["M","?","M","$","?","R","M","R","T","M","M","?","M","?","R","BOSS","M","$","?","M","M","R","M","M","T","?","R","?","?","?","R","BOSS"],"build_version":"2019-01-23","purchased_purges":1,"victory":false,"max_hp_per_floor":[72,72,72,72,72,72,72,72,72,72,72,72,72,72,72,72,72,72,72,72,72,72,72,72,72,72,72,72,77,77,77,77,77],"card_choices":[{"not_picked":["Disarm","Iron Wave"],"picked":"Uppercut","floor":1},{"not_picked":["Havoc","Rupture","Clash"],"picked":"SKIP","floor":3},{"not_picked":["Iron Wave","Burning Pact","Shrug It Off"],"picked":"SKIP","floor":7},{"not_picked":["Dropkick","Sentinel","Shrug It Off"],"picked":"SKIP","floor":10},{"not_picked":["Twin Strike","Cleave"],"picked":"Evolve+1","floor":11},{"not_picked":["Anger","Feel No Pain+1"],"picked":"Shrug It Off","floor":13},{"not_picked":["Thunderclap","Corruption+1","Clash"],"picked":"SKIP","floor":18},{"not_picked":["Armaments","Clash+1","Burning Pact"],"picked":"SKIP","floor":21},{"not_picked":["Entrench","Heavy Blade+1","Iron Wave"],"picked":"SKIP","floor":22},{"not_picked":["Sever Soul+1","Clash"],"picked":"Flame Barrier","floor":24},{"not_picked":["Sword Boomerang","Searing Blow","Perfected Strike"],"picked":"SKIP","floor":25},{"not_picked":["Pommel Strike","Clothesline"],"picked":"True Grit","floor":27}],"player_experience":118204,"relics_obtained":[{"floor":9,"key":"Frozen Egg 2"},{"floor":26,"key":"The Courier"}],"event_choices":[{"damage_healed":0,"gold_gain":75,"player_choice":"Gather Gold","damage_taken":11,"max_hp_gain":0,"max_hp_loss":0,"event_name":"World of Goop","floor":2,"gold_loss":0},{"damage_healed":0,"gold_gain":0,"player_choice":"Entered Light","damage_taken":14,"max_hp_gain":0,"max_hp_loss":0,"event_name":"Shining Light","floor":5,"gold_loss":0,"cards_upgraded":["Shrug It Off","Strike_R"]},{"damage_healed":0,"gold_gain":0,"player_choice":"Searched \u00271\u0027 times","damage_taken":0,"max_hp_gain":0,"max_hp_loss":0,"event_name":"Dead Adventurer","floor":12,"gold_loss":0},{"damage_healed":0,"gold_gain":0,"player_choice":"Ignored","damage_taken":0,"max_hp_gain":0,"max_hp_loss":0,"event_name":"Liars Game","floor":14,"gold_loss":0},{"damage_healed":0,"gold_gain":0,"player_choice":"1 cards matched","damage_taken":0,"max_hp_gain":0,"max_hp_loss":0,"event_name":"Match and Keep!","floor":20,"gold_loss":0,"cards_obtained":["Panacea"]},{"damage_healed":0,"gold_gain":0,"player_choice":"Shed Blood","damage_taken":18,"max_hp_gain":5,"max_hp_loss":0,"event_name":"Forgotten Altar","floor":29,"gold_loss":0},{"damage_healed":0,"gold_gain":0,"player_choice":"Read","damage_taken":0,"max_hp_gain":0,"max_hp_loss":0,"event_name":"The Library","floor":30,"gold_loss":0,"cards_obtained":["Barricade"]},{"damage_healed":0,"gold_gain":0,"player_choice":"Paid Fearfully","damage_taken":0,"max_hp_gain":0,"max_hp_loss":0,"event_name":"Masked Bandits","floor":31,"gold_loss":176}],"is_beta":false,"boss_relics":[{"not_picked":["Runic Cube","Black Blood"],"picked":"Cursed Key"}],"items_purged_floors":[19],"is_endless":false,"potions_floor_spawned":[1,7,13,16,18,21,24],"killed_by":"Automaton","ascension_level":5}