{"gold_per_floor":[215,215,233,233,29,60,60,88,88,102,102,102,102,120,120,209,209,233,247,268,193,208,208,223,223,223,223,223,223,238,33,33,126,126,149,167,19,19],"floor_reached":38,"playtime":1380,"items_purged":[],"score":716,"play_id":"cdc9f758-11e0-46fe-9803-e98e7f9c830a","local_time":"20190205005045","is_ascension_mode":true,"campfire_choices":[{"data":"Battle Trance","floor":7,"key":"SMITH"},{"data":"Inflame","floor":12,"key":"SMITH"},{"data":"Evolve","floor":15,"key":"SMITH"},{"data":"Inflame","floor":23,"key":"SMITH"},{"floor":25,"key":"REST"},{"data":"Demon Form","floor":27,"key":"SMITH"},{"data":"Heavy Blade","floor":29,"key":"SMITH"},{"floor":32,"key":"REST"}],"neow_cost":"NONE","seed_source_timestamp":2097843218452225,"circlet_count":0,"master_deck":["AscendersBane","Strike_R","Strike_R","Defend_R","Defend_R","Defend_R","Defend_R+1","Bash","Heavy Blade+1","Flex","Battle Trance+1","Iron Wave","Flex","Power Through","Inflame+1","Evolve+1","Demon Form+1","Inflame+1","Flame Barrier+1","Warcry+1","Shockwave","Impervious+1","Iron Wave+1","Heavy Blade"],"relics":["Burning Blood","Anchor","Calipers","Bottled Flame","Matryoshka","Golden Idol","Red Skull","Mummified Hand","Eternal Feather","Potion Belt","Bottled Tornado","Brimstone","Sozu","War Paint"],"potions_floor_usage":[18,24,33,38,38,38],"damage_taken":[{"damage":1,"enemies":"2 Louse","floor":1,"turns":3},{"damage":6,"enemies":"Cultist","floor":3,"turns":4},{"damage":30,"enemies":"3 Sentries","floor":6,"turns":10},{"damage":25,"enemies":"Lagavulin","floor":8,"turns":5},{"damage":0,"enemies":"Small Slimes","floor":10,"turns":2},{"damage":8,"enemies":"Blue Slaver","floor":14,"turns":3},{"damage":13,"enemies":"Slime Boss","floor":16,"turns":6},{"damage":23,"enemies":"Spheric Guardian","floor":18,"turns":5},{"damage":19,"enemies":"2 Thieves","floor":19,"turns":5},{"damage":0,"enemies":"Snake Plant","floor":20,"turns":3},{"damage":21,"enemies":"Centurion and Healer","floor":22,"turns":6},{"damage":30,"enemies":"3 Cultists","floor":24,"turns":6},{"damage":30,"enemies":"Snake Plant","floor":30,"turns":5},{"damage":19,"enemies":"Champ","floor":33,"turns":5},{"damage":39,"enemies":"3 Darklings","floor":35,"turns":5},{"damage":0,"enemies":"Orb Walker","floor":36,"turns":2},{"damage":40,"enemies":"Writhing Mass","floor":38,"turns":4}],"seed_played":"-6278600008105882674","potions_obtained":[{"floor":6,"key":"GamblersBrew"},{"floor":10,"key":"EssenceOfSteel"},{"floor":14,"key":"Ancient Potion"},{"floor":19,"key":"EssenceOfSteel"},{"floor":22,"key":"Weak Potion"},{"floor":24,"key":"SteroidPotion"},{"floor":30,"key":"Energy Potion"},{"floor":33,"key":"Explosive Potion"}],"is_trial":false,"path_per_floor":["M","?","M","?","$","E","R","E","T","M","?","R","T","M","R","B",null,"M","M","M","?","M","R","M","R","T","R","?","R","M","$","R","B",null,"M","M","$","M"],"character_chosen":"IRONCLAD","items_purchased":["Iron Wave","Anchor","Brimstone","War Paint"],"campfire_rested":2,"item_purchase_floors":[5,5,31,37],"current_hp_per_floor":[73,73,73,73,73,49,49,30,30,36,36,36,36,34,34,27,58,41,28,34,34,19,31,7,39,39,51,41,53,29,29,61,48,63,30,36,36,0],"gold":19,"neow_bonus":"HUNDRED_GOLD","is_prod":false,"is_daily":false,"chose_seed":false,"campfire_upgraded":6,"win_rate":0,"timestamp":1549345845,"path_taken":["M","?","?","?","$","E","R","E","T","M","?","R","?","M","R","BOSS","M","M","M","?","M","R","M","R","T","R","?","R","M","$","R","BOSS","M","?","$","M"],"build_version":"2019-01-23","purchased_purges":0,"victory":false,"max_hp_per_floor":[75,75,75,75,75,75,75,75,75,75,68,68,68,68,68,68,68,68,68,68,68,68,68,68,68,68,68,68,68,68,68,68,68,68,68,68,68,68],"card_choices":[{"not_picked":["Sword Boomerang","Flex"],"picked":"Heavy Blade","floor":1},{"not_picked":["Wild Strike","Pommel Strike"],"picked":"Flex","floor":3},{"not_picked":["Pommel Strike","Wild Strike"],"picked":"Flex","floor":6},{"not_picked":["Anger","Sever Soul"],"picked":"Power Through","floor":8},{"not_picked":["Fire Breathing","Ghostly Armor"],"picked":"Inflame","floor":10},{"not_picked":["Blood for Blood","Double Tap"],"picked":"Evolve","floor":14},{"not_picked":["Reaper","Berserk"],"picked":"Demon Form","floor":16},{"not_picked":["Perfected Strike","Cleave"],"picked":"Inflame","floor":18},{"not_picked":["Iron Wave","Clash+1"],"picked":"Flame Barrier+1","floor":19},{"not_picked":["Dual Wield","Twin Strike","Hemokinesis"],"picked":"SKIP","floor":20},{"not_picked":["Twin Strike","Sword Boomerang"],"picked":"Warcry+1","floor":22},{"not_picked":["True Grit","Rage"],"picked":"Shockwave","floor":24},{"not_picked":["Dual Wield","Barricade","Body Slam"],"picked":"SKIP","floor":30},{"not_picked":["Dark Embrace","Demon Form"],"picked":"Impervious","floor":33},{"not_picked":["Anger+1","Cleave"],"picked":"Iron Wave+1","floor":35},{"not_picked":["Warcry+1","Bloodletting"],"picked":"Heavy Blade","floor":36}],"player_experience":527495,"relics_obtained":[{"floor":6,"key":"Calipers"},{"floor":8,"key":"Bottled Flame"},{"floor":9,"key":"Matryoshka"},{"floor":13,"key":"Red Skull"},{"floor":13,"key":"Mummified Hand"},{"floor":26,"key":"Potion Belt"},{"floor":26,"key":"Bottled Tornado"}],"event_choices":[{"cards_removed":["Strike_R"],"damage_healed":0,"gold_gain":0,"player_choice":"Purged","damage_taken":0,"max_hp_gain":0,"max_hp_loss":0,"event_name":"Purifier","floor":2,"gold_loss":0},{"damage_healed":0,"gold_gain":0,"cards_transformed":["Strike_R"],"player_choice":"Change","damage_taken":0,"max_hp_gain":0,"max_hp_loss":0,"event_name":"Living Wall","floor":4,"gold_loss":0,"cards_obtained":["Battle Trance"]},{"damage_healed":0,"gold_gain":0,"player_choice":"Lose Max HP","damage_taken":0,"relics_obtained":["Golden Idol"],"max_hp_gain":0,"max_hp_loss":7,"event_name":"Golden Idol","floor":11,"gold_loss":0},{"cards_removed":["Strike_R"],"damage_healed":0,"gold_gain":0,"player_choice":"Gave Gold","damage_taken":0,"max_hp_gain":0,"max_hp_loss":0,"event_name":"Beggar","floor":21,"gold_loss":75},{"damage_healed":0,"gold_gain":0,"player_choice":"Damaged","damage_taken":10,"max_hp_gain":0,"max_hp_loss":0,"event_name":"Wheel of Change","floor":28,"gold_loss":0}],"is_beta":false,"boss_relics":[{"not_picked":["Coffee Dripper","Pandora\u0027s Box"],"picked":"Eternal Feather"},{"not_picked":["Lizard Tail","White Beast Statue"],"picked":"Sozu"}],"items_purged_floors":[],"is_endless":false,"potions_floor_spawned":[6,10,14,16,19,22,24,30,33,36],"killed_by":"Writhing Mass","ascension_level":15}