{"gold_per_floor":[115,65,81,94,111,111,111,111,137,137,137,149,149,174,174,270,270,270,286,286],"floor_reached":20,"playtime":1103,"items_purged":[],"score":183,"play_id":"fdc6d548-5d90-481d-a059-7bc3abb8e266","local_time":"20181030211830","is_ascension_mode":true,"campfire_choices":[{"data":"Machine Learning","floor":6,"key":"SMITH"},{"data":"Loop","floor":8,"key":"SMITH"},{"floor":10,"key":"REST"},{"floor":15,"key":"REST"}],"neow_cost":"TEN_PERCENT_HP_LOSS","seed_source_timestamp":110677182689596,"circlet_count":0,"master_deck":["Strike_B+1","Strike_B+1","Strike_B","Defend_B","Defend_B","Defend_B","Defend_B","Zap","Dualcast","Machine Learning+1","Rebound","Consume","Loop+1","Redo","Go for the Eyes","White Noise","Amplify","Darkness"],"relics":["Cracked Core","Boot","Blood Vial","Art of War","Velvet Choker"],"potions_floor_usage":[12,14,16,16,18],"damage_taken":[{"damage":8,"enemies":"Jaw Worm","floor":1,"turns":4},{"damage":0,"enemies":"Small Slimes","floor":3,"turns":2},{"damage":4,"enemies":"2 Louse","floor":4,"turns":4},{"damage":12,"enemies":"Large Slime","floor":5,"turns":5},{"damage":13,"enemies":"Exordium Wildlife","floor":12,"turns":5},{"damage":27,"enemies":"3 Sentries","floor":14,"turns":5},{"damage":34,"enemies":"The Guardian","floor":16,"turns":8},{"damage":0,"enemies":"2 Thieves","floor":18,"turns":1},{"damage":1,"enemies":"Chosen","floor":19,"turns":4},{"damage":30,"enemies":"Colosseum Slavers","floor":20,"turns":3},{"damage":45,"enemies":"Colosseum Nobs","floor":20,"turns":3}],"seed_played":"4887456694963289383","potions_obtained":[{"floor":4,"key":"SpeedPotion"},{"floor":5,"key":"Regen Potion"},{"floor":12,"key":"FearPotion"},{"floor":13,"key":"AttackPotion"},{"floor":13,"key":"PowerPotion"},{"floor":16,"key":"SmokeBomb"}],"is_trial":false,"path_per_floor":["M","?","M","M","M","R","?","R","T","R","?","M","?","E","R","B",null,"M","M"],"character_chosen":"DEFECT","items_purchased":[],"campfire_rested":2,"item_purchase_floors":[],"current_hp_per_floor":[60,60,60,56,44,44,30,30,30,50,50,53,53,28,48,16,68,68,67,0],"gold":286,"neow_bonus":"THREE_RARE_CARDS","is_prod":false,"is_daily":false,"chose_seed":false,"campfire_upgraded":2,"win_rate":0,"timestamp":1540948710,"path_taken":["M","?","M","M","M","R","?","R","T","R","?","?","?","E","R","BOSS","M","M","?"],"build_version":"2018-10-25v2","purchased_purges":0,"victory":false,"max_hp_per_floor":[68,68,68,68,68,68,68,68,68,68,68,68,68,68,68,68,68,68,68,68],"card_choices":[{"not_picked":["Rainbow","All For One"],"picked":"Machine Learning","floor":0},{"not_picked":["Aggregate","Doom and Gloom"],"picked":"Rebound","floor":1},{"not_picked":["Stack","Sweeping Beam"],"picked":"Consume","floor":3},{"not_picked":["Sweeping Beam","Beam Cell"],"picked":"Loop","floor":4},{"not_picked":["Scrape","Conserve Battery"],"picked":"Redo","floor":5},{"not_picked":["Ball Lightning","Genetic Algorithm"],"picked":"Go for the Eyes","floor":12},{"not_picked":["Compile Driver","All For One"],"picked":"White Noise","floor":14},{"not_picked":["Buffer","Reboot"],"picked":"Amplify","floor":16},{"not_picked":["Gash","Ball Lightning"],"picked":"Darkness","floor":19}],"player_experience":193622,"relics_obtained":[{"floor":9,"key":"Boot"},{"floor":14,"key":"Art of War"}],"event_choices":[{"cards_removed":["Strike_B"],"damage_healed":0,"gold_gain":0,"player_choice":"Card Removal","damage_taken":0,"max_hp_gain":0,"max_hp_loss":0,"event_name":"The Cleric","floor":2,"gold_loss":50},{"damage_healed":0,"gold_gain":0,"player_choice":"Entered Light","damage_taken":14,"max_hp_gain":0,"max_hp_loss":0,"event_name":"Shining Light","floor":7,"gold_loss":0,"cards_upgraded":["Strike_B","Strike_B"]},{"damage_healed":0,"gold_gain":0,"player_choice":"Searched \u00272\u0027 times","damage_taken":0,"relics_obtained":["Blood Vial"],"max_hp_gain":0,"max_hp_loss":0,"event_name":"Dead Adventurer","floor":11,"gold_loss":0},{"damage_healed":0,"gold_gain":0,"player_choice":"Got Potions","damage_taken":0,"max_hp_gain":0,"max_hp_loss":0,"event_name":"The Lab","floor":13,"gold_loss":0},{"damage_healed":0,"gold_gain":0,"player_choice":"Fight","damage_taken":0,"max_hp_gain":0,"max_hp_loss":0,"event_name":"Colosseum","floor":20,"gold_loss":0},{"damage_healed":0,"gold_gain":0,"player_choice":"Fought Nobs","damage_taken":0,"max_hp_gain":0,"max_hp_loss":0,"event_name":"Colosseum","floor":20,"gold_loss":0}],"is_beta":false,"boss_relics":[{"not_picked":["Busted Crown","Calling Bell"],"picked":"Velvet Choker"}],"items_purged_floors":[],"is_endless":false,"potions_floor_spawned":[4,5,12,16,20],"killed_by":"Colosseum Nobs","ascension_level":1}