{"gold_per_floor":[213,227,227,238,238,238,250,250,250,275,26,26,54,73,73,174,174,191,207,117,127,52],"floor_reached":22,"playtime":16348,"items_purged":["Berserk"],"score":196,"play_id":"aaef0c4e-8422-490a-84e3-d9f4ccf31a81","local_time":"20190210120942","is_ascension_mode":false,"campfire_choices":[{"data":"Ghostly Armor","floor":6,"key":"SMITH"},{"data":"Demon Form","floor":15,"key":"SMITH"}],"neow_cost":"NONE","seed_source_timestamp":174592184186392,"circlet_count":0,"master_deck":["Strike_R+1","Strike_R","Strike_R","Defend_R","Defend_R","Defend_R","Defend_R","Bash","Iron Wave","Limit Break","Ghostly Armor+1","Fire Breathing","Disarm","Battle Trance","Demon Form+1","Armaments+1","Whirlwind","Infernal Blade+1"],"relics":["Burning Blood","Singing Bowl","Mercury Hourglass","Pear","Oddly Smooth Stone","Paper Frog","Dodecahedron","Runic Cube"],"potions_floor_usage":[18,18],"damage_taken":[{"damage":4,"enemies":"2 Louse","floor":1,"turns":3},{"damage":5,"enemies":"Jaw Worm","floor":2,"turns":4},{"damage":1,"enemies":"Cultist","floor":4,"turns":3},{"damage":3,"enemies":"2 Fungi Beasts","floor":7,"turns":4},{"damage":28,"enemies":"Gremlin Nob","floor":10,"turns":5},{"damage":12,"enemies":"3 Sentries","floor":13,"turns":7},{"damage":0,"enemies":"Large Slime","floor":14,"turns":7},{"damage":10,"enemies":"The Guardian","floor":16,"turns":8},{"damage":20,"enemies":"2 Thieves","floor":18,"turns":4},{"damage":24,"enemies":"Shell Parasite","floor":19,"turns":7},{"damage":12,"enemies":"Centurion and Healer","floor":21,"turns":6}],"seed_played":"1154224098830041430","potions_obtained":[{"floor":2,"key":"Poison Potion"},{"floor":7,"key":"LiquidBronze"},{"floor":13,"key":"SkillPotion"},{"floor":16,"key":"Energy Potion"},{"floor":19,"key":"Weak Potion"}],"is_trial":false,"path_per_floor":["M","M","?","M","?","R","M","T","T","E","$","$","E","M","R","B",null,"M","M","?","M","$"],"character_chosen":"IRONCLAD","items_purchased":["Paper Frog"],"campfire_rested":0,"item_purchase_floors":[11],"current_hp_per_floor":[80,80,73,78,75,75,78,78,88,66,66,66,60,66,66,62,90,76,58,58,52,52],"gold":52,"neow_bonus":"HUNDRED_GOLD","is_prod":false,"is_daily":false,"chose_seed":false,"campfire_upgraded":2,"win_rate":0.0,"timestamp":1549796982,"path_taken":["M","M","?","M","?","R","M","?","T","E","?","$","E","M","R","BOSS","M","M","?","M","$"],"build_version":"2019-01-23","purchased_purges":1,"victory":false,"max_hp_per_floor":[80,80,80,80,80,80,80,80,90,90,90,90,90,90,90,90,90,90,90,90,90,90],"card_choices":[{"not_picked":["Searing Blow","Anger"],"picked":"Iron Wave","floor":1},{"not_picked":["Armaments","Pommel Strike"],"picked":"Limit Break","floor":2},{"not_picked":["Headbutt","Havoc"],"picked":"Ghostly Armor","floor":4},{"not_picked":["True Grit","Shrug It Off"],"picked":"Fire Breathing","floor":7},{"not_picked":["Havoc","Clothesline"],"picked":"Disarm","floor":10},{"not_picked":["Hemokinesis","Feel No Pain"],"picked":"Battle Trance","floor":13},{"not_picked":["Anger","Havoc"],"picked":"Demon Form","floor":14},{"not_picked":["Barricade","Fiend Fire"],"picked":"Berserk","floor":16},{"not_picked":["Iron Wave","Headbutt+1"],"picked":"Armaments+1","floor":18},{"not_picked":["Second Wind","Blood for Blood"],"picked":"Whirlwind","floor":19},{"not_picked":["Entrench+1","Corruption"],"picked":"Infernal Blade+1","floor":21}],"player_experience":131355,"relics_obtained":[{"floor":8,"key":"Mercury Hourglass"},{"floor":9,"key":"Pear"},{"floor":10,"key":"Oddly Smooth Stone"},{"floor":13,"key":"Dodecahedron"}],"event_choices":[{"cards_removed":["Strike_R"],"damage_healed":0,"gold_gain":0,"player_choice":"Card Removal","damage_taken":7,"max_hp_gain":0,"max_hp_loss":0,"event_name":"Golden Wing","floor":3,"gold_loss":0},{"damage_healed":0,"gold_gain":0,"player_choice":"Success","damage_taken":3,"relics_obtained":["Singing Bowl"],"max_hp_gain":0,"max_hp_loss":0,"event_name":"Scrap Ooze","floor":5,"gold_loss":0},{"cards_removed":["Strike_R"],"damage_healed":0,"gold_gain":0,"player_choice":"Upgrade and Remove","damage_taken":0,"max_hp_gain":0,"max_hp_loss":0,"event_name":"Designer","floor":20,"gold_loss":90,"cards_upgraded":["Strike_R"]}],"is_beta":false,"boss_relics":[{"not_picked":["Runic Pyramid","Snecko Eye"],"picked":"Runic Cube"}],"items_purged_floors":[22],"is_endless":false,"potions_floor_spawned":[2,7,13,16,19],"ascension_level":0}