{"gold_per_floor":[110,39,39,39,49,79,79,4,4,24,43,60,9,21,21,21],"floor_reached":16,"playtime":614,"items_purged":["Strike_R"],"score":184,"play_id":"39fd6c8d-f334-4bc1-983b-244774e6da00","local_time":"20190209152922","is_ascension_mode":true,"campfire_choices":[{"data":"Entrench","floor":7.0,"key":"SMITH"},{"data":"Uppercut","floor":15.0,"key":"SMITH"}],"neow_cost":"NONE","seed_source_timestamp":684931525995800,"circlet_count":0,"master_deck":["Strike_R","Strike_R","Strike_R","Strike_R","Defend_R","Defend_R","Defend_R","Defend_R","Bash","Shrug It Off","Entrench+1","Exhume","Finesse","Offering","Entrench","Uppercut+1"],"special_seed":0,"relics":["Burning Blood","NeowsBlessing","Orichalcum","WingedGreaves"],"potions_floor_usage":[16,16],"damage_taken":[{"damage":0.0,"enemies":"Cultist","floor":1.0,"turns":1.0},{"damage":0.0,"enemies":"Small Slimes","floor":5.0,"turns":1.0},{"damage":0.0,"enemies":"3 Sentries","floor":6.0,"turns":2.0},{"damage":6.0,"enemies":"2 Louse","floor":10.0,"turns":4.0},{"damage":20.0,"enemies":"Large Slime","floor":11.0,"turns":9.0},{"damage":9.0,"enemies":"Exordium Wildlife","floor":12.0,"turns":6.0},{"damage":9.0,"enemies":"2 Fungi Beasts","floor":14.0,"turns":5.0},{"damage":82,"enemies":"Slime Boss","floor":16,"turns":10}],"seed_played":"-3039077599069573987","potions_obtained":[{"floor":5.0,"key":"AttackPotion"},{"floor":6.0,"key":"BloodPotion"},{"floor":10.0,"key":"Explosive Potion"}],"is_trial":false,"path_per_floor":["M","$","$","?","M","E","R","$","T","M","M","M","$","M","R","B"],"character_chosen":"IRONCLAD","items_purchased":["Entrench","Dexterity Potion"],"campfire_rested":0,"item_purchase_floors":[2,13],"current_hp_per_floor":[78,78,78,78,80,80,80,80,80,80,66,63,63,60,60,0],"gold":21,"neow_bonus":"THREE_ENEMY_KILL","is_prod":false,"is_daily":false,"chose_seed":false,"campfire_upgraded":2,"win_rate":0,"timestamp":1549751362,"path_taken":["M","?","$","?","M","E","R","$","T","M","?","?","?","M","R","BOSS"],"build_version":"2019-01-23","purchased_purges":1,"victory":false,"max_hp_per_floor":[80,80,80,80,80,80,80,80,80,80,80,80,80,80,80,80],"card_choices":[{"not_picked":["Heavy Blade","Body Slam"],"picked":"Shrug It Off","floor":1.0},{"not_picked":["Whirlwind","Perfected Strike"],"picked":"Offering","floor":5.0},{"not_picked":["Perfected Strike","Clash","Warcry"],"picked":"SKIP","floor":6.0},{"not_picked":["Whirlwind","Hemokinesis"],"picked":"Entrench","floor":10.0},{"not_picked":["Clash","Havoc"],"picked":"Uppercut","floor":11.0},{"not_picked":["Clothesline","Intimidate","Evolve"],"picked":"SKIP","floor":12.0},{"not_picked":["Whirlwind","Anger","Hemokinesis"],"picked":"SKIP","floor":14.0}],"player_experience":323105,"relics_obtained":[{"floor":6.0,"key":"Orichalcum"},{"floor":9.0,"key":"WingedGreaves"}],"event_choices":[{"damage_healed":0.0,"max_hp_gain":0.0,"max_hp_loss":0.0,"gold_gain":0.0,"event_name":"Match and Keep!","player_choice":"2 cards matched","floor":4.0,"gold_loss":0.0,"damage_taken":0.0,"cards_obtained":["Exhume","Finesse"]}],"is_beta":false,"boss_relics":[],"items_purged_floors":[8],"is_endless":false,"potions_floor_spawned":[5,6,10],"killed_by":"Slime Boss","ascension_level":9}