{"gold_per_floor":[110,110,110,124,137,166,131,162,162,10,10,26,26,61,61,165,215,188,27,38,38,38],"floor_reached":22,"playtime":1526,"items_purged":[],"score":202,"play_id":"28428ee0-7147-405a-a8cc-9a1ee5b63644","local_time":"20190210160315","is_ascension_mode":false,"campfire_choices":[{"floor":11,"key":"RECALL"},{"floor":15,"key":"REST"}],"neow_cost":"NONE","seed_source_timestamp":1034480792992678,"circlet_count":0,"master_deck":["Strike_B+1","Strike_B+1","Strike_B+1","Defend_B+1","Defend_B+1","Defend_B+1","Defend_B+1","Zap+1","Dualcast","Hello World","Tempest","Defragment","Coolheaded+1","Defragment","Heatsinks","Buffer+1","Redo","Buffer","Glacier","Conserve Battery","Lockon"],"relics":["Cracked Core","NeowsBlessing","War Paint","Peace Pipe","Ornamental Fan","Tiny House"],"potions_floor_usage":[6,6,14,18,20,20],"damage_taken":[{"damage":0,"enemies":"Jaw Worm","floor":1,"turns":1},{"damage":0,"enemies":"Cultist","floor":4,"turns":1},{"damage":0,"enemies":"Small Slimes","floor":5,"turns":1},{"damage":32,"enemies":"Gremlin Nob","floor":6,"turns":4},{"damage":12,"enemies":"Lagavulin","floor":8,"turns":7},{"damage":11,"enemies":"Looter","floor":12,"turns":3},{"damage":29,"enemies":"Gremlin Nob","floor":14,"turns":6},{"damage":22,"enemies":"Hexaghost","floor":16,"turns":13},{"damage":51,"enemies":"2 Thieves","floor":18,"turns":5},{"damage":25,"enemies":"3 Byrds","floor":20,"turns":6},{"damage":37,"enemies":"3 Cultists","floor":22,"turns":6}],"seed_played":"-6881582602747790192","potions_obtained":[{"floor":1,"key":"SkillPotion"},{"floor":4,"key":"LiquidBronze"},{"floor":8,"key":"Fire Potion"},{"floor":17,"key":"Poison Potion"},{"floor":18,"key":"Explosive Potion"}],"is_trial":false,"path_per_floor":["M","?","?","M","M","E","?","E","T","$","R","M","$","E","R","B",null,"M","$","M","?","M"],"character_chosen":"DEFECT","items_purchased":["Buffer","Regen Potion","Lockon"],"campfire_rested":1,"item_purchase_floors":[10,19,19],"current_hp_per_floor":[75,80,80,80,80,48,68,56,56,56,56,45,45,16,40,18,85,34,34,24,24,0],"gold":38,"neow_bonus":"THREE_ENEMY_KILL","is_prod":false,"is_daily":false,"chose_seed":false,"campfire_upgraded":0,"win_rate":0,"timestamp":1549821795,"path_taken":["M","?","?","?","M","E","?","E","T","$","R","M","$","E","R","BOSS","M","$","M","?","M"],"build_version":"2019-01-23","purchased_purges":0,"victory":false,"max_hp_per_floor":[75,80,80,80,80,80,80,80,80,80,80,80,80,80,80,80,85,85,85,85,85,85],"card_choices":[{"not_picked":["Turbo","Beam Cell"],"picked":"Hello World","floor":1},{"not_picked":["Doom and Gloom","BootSequence"],"picked":"Defragment","floor":4},{"not_picked":["Streamline","Aggregate"],"picked":"Coolheaded","floor":5},{"not_picked":["All For One","Ball Lightning"],"picked":"Defragment","floor":6},{"not_picked":["Compile Driver","Gash"],"picked":"Heatsinks","floor":8},{"not_picked":["Cold Snap","Coolheaded","Recycle"],"picked":"SKIP","floor":12},{"not_picked":["Streamline","Self Repair"],"picked":"Redo","floor":14},{"not_picked":["Meteor Strike","Fission"],"picked":"Buffer","floor":16},{"not_picked":["Leap","Streamline"],"picked":"Glacier","floor":17},{"not_picked":["Darkness","Capacitor"],"picked":"Conserve Battery","floor":18},{"not_picked":["Aggregate","Leap","Skim+1"],"picked":"SKIP","floor":20}],"player_experience":377448,"relics_obtained":[{"floor":6,"key":"War Paint"},{"floor":8,"key":"Peace Pipe"},{"floor":14,"key":"Ornamental Fan"}],"event_choices":[{"damage_healed":0,"gold_gain":0,"player_choice":"Donut","damage_taken":0,"max_hp_gain":5,"max_hp_loss":0,"event_name":"Big Fish","floor":2,"gold_loss":0},{"damage_healed":0,"gold_gain":0,"cards_transformed":["Strike_B"],"player_choice":"Transformed","damage_taken":0,"max_hp_gain":0,"max_hp_loss":0,"event_name":"Transmorgrifier","floor":3,"gold_loss":0,"cards_obtained":["Tempest"]},{"damage_healed":20,"gold_gain":0,"player_choice":"Healed","damage_taken":0,"max_hp_gain":0,"max_hp_loss":0,"event_name":"The Cleric","floor":7,"gold_loss":35},{"damage_healed":0,"gold_gain":0,"player_choice":"Simplicity","damage_taken":0,"max_hp_gain":0,"max_hp_loss":0,"event_name":"Back to Basics","floor":21,"gold_loss":0,"cards_upgraded":["Strike_B","Strike_B","Strike_B","Defend_B","Defend_B","Defend_B","Defend_B"]}],"is_beta":false,"boss_relics":[{"not_picked":["Empty Cage","Runic Dome"],"picked":"Tiny House"}],"items_purged_floors":[],"is_endless":false,"potions_floor_spawned":[1,4,8,18],"killed_by":"3 Cultists","ascension_level":0}