{"gold_per_floor":[362,378,396,396,25,25,51,51,76,76,103,117,137,150,150,247,247,262,262,276,201,214,240,240,300,300,300,68,68,85,101,101,203,203,223,223,223,234,159,186,186,211,211,211,211],"floor_reached":45,"playtime":3213,"items_purged":["Defend_B"],"score":827,"play_id":"a1321f51-a84a-4462-bf4b-a377ca15d376","local_time":"20190120230824","is_ascension_mode":true,"campfire_choices":[{"data":"Defragment","floor":6.0,"key":"SMITH"},{"floor":8.0,"key":"REST"},{"data":"Zap","floor":10.0,"key":"SMITH"},{"data":"Seek","floor":15.0,"key":"SMITH"},{"floor":24.0,"key":"REST"},{"floor":27.0,"key":"REST"},{"data":"Buffer","floor":29.0,"key":"SMITH"},{"floor":32.0,"key":"REST"},{"data":"Amplify","floor":41,"key":"SMITH"}],"neow_cost":"CURSE","seed_source_timestamp":179059124347701,"circlet_count":0,"master_deck":["Strike_B","Strike_B","Strike_B","Strike_B","Defend_B","Defend_B","Zap+1","Dualcast","Defragment+1","Leap","BootSequence","Consume","Seek+1","Melter","Ball Lightning","Doom and Gloom","Conserve Battery","Buffer+1","Defragment","Coolheaded","Leap","Loop","Coolheaded+1","Amplify+1","Storm+1","Storm+1","Conserve Battery+1","Coolheaded+1"],"special_seed":0,"relics":["Cracked Core","Spirit Poop","Bronze Scales","Pen Nib","Happy Flower","Torii","Velvet Choker","Juzu Bracelet","Tiny Chest","Bag of Marbles","DataDisk","Black Star","Boot","Vajra","Letter Opener","Frozen Egg 2","Ancient Tea Set","Bag of Preparation"],"potions_floor_usage":[33],"damage_taken":[{"damage":5.0,"enemies":"Cultist","floor":1.0,"turns":4.0},{"damage":2.0,"enemies":"Jaw Worm","floor":2.0,"turns":3.0},{"damage":11.0,"enemies":"2 Louse","floor":3.0,"turns":3.0},{"damage":31.0,"enemies":"3 Sentries","floor":7.0,"turns":7.0},{"damage":16.0,"enemies":"Lagavulin","floor":11.0,"turns":6.0},{"damage":7.0,"enemies":"Exordium Wildlife","floor":12.0,"turns":4.0},{"damage":0.0,"enemies":"Blue Slaver","floor":13.0,"turns":2.0},{"damage":9.0,"enemies":"Exordium Thugs","floor":14.0,"turns":4.0},{"damage":1.0,"enemies":"Hexaghost","floor":16.0,"turns":6.0},{"damage":0.0,"enemies":"Shell Parasite","floor":18.0,"turns":4.0},{"damage":11.0,"enemies":"3 Byrds","floor":20.0,"turns":3.0},{"damage":14.0,"enemies":"Cultist and Chosen","floor":22.0,"turns":5.0},{"damage":24.0,"enemies":"Book of Stabbing","floor":23.0,"turns":5.0},{"damage":22.0,"enemies":"Slavers","floor":25.0,"turns":5.0},{"damage":7.0,"enemies":"Snake Plant","floor":30.0,"turns":4.0},{"damage":1.0,"enemies":"Shelled Parasite and Fungi","floor":31.0,"turns":6.0},{"damage":0,"enemies":"Champ","floor":33,"turns":10},{"damage":0,"enemies":"3 Shapes","floor":35,"turns":6},{"damage":29,"enemies":"3 Darklings","floor":38,"turns":3},{"damage":1,"enemies":"Reptomancer","floor":40,"turns":6},{"damage":32,"enemies":"Nemesis","floor":42,"turns":5},{"damage":10,"enemies":"4 Shapes","floor":45,"turns":2}],"seed_played":"-7634561772480768708","potions_obtained":[{"floor":2.0,"key":"FocusPotion"},{"floor":3.0,"key":"EssenceOfSteel"},{"floor":13.0,"key":"LiquidBronze"},{"floor":18.0,"key":"Dexterity Potion"},{"floor":20.0,"key":"Swift Potion"},{"floor":23.0,"key":"Swift Potion"},{"floor":31.0,"key":"Strength Potion"}],"is_trial":false,"path_per_floor":["M","M","M","?","$","R","E","R","T","R","E","M","M","M","R","B",null,"M","?","M","?","M","E","R","E","T","R","$","R","M","M","R","B",null,"M","?","$","M","$","E","R","E","T","T","M"],"character_chosen":"DEFECT","items_purchased":["Consume","Seek","Bronze Scales","DataDisk","Loop"],"campfire_rested":4,"item_purchase_floors":[5,5,5,28,28],"current_hp_per_floor":[63,61,50,50,50,50,19,41,41,41,25,18,18,9,9,8,58,58,58,47,47,33,9,31,9,9,31,31,31,24,23,45,45,68,68,68,68,39,39,38,38,6,6,6,0],"gold":211,"neow_bonus":"TWO_FIFTY_GOLD","is_prod":false,"is_daily":false,"chose_seed":false,"campfire_upgraded":5,"win_rate":0,"timestamp":1548047304,"path_taken":["M","M","?","?","$","R","E","R","T","R","E","?","M","M","R","BOSS","M","?","M","?","M","E","R","E","T","R","?","R","M","M","R","BOSS","M","?","?","M","$","E","R","E","T","?","M"],"build_version":"2019-01-17v2","purchased_purges":1,"victory":false,"max_hp_per_floor":[75,75,75,75,75,75,75,75,75,75,75,75,75,75,75,75,75,75,75,75,75,75,75,75,75,75,75,75,75,75,75,75,75,75,75,75,75,75,75,75,75,75,75,75,75],"card_choices":[{"not_picked":["Rip and Tear","Steam Power"],"picked":"Defragment","floor":1.0},{"not_picked":["Scrape","Compile Driver"],"picked":"Leap","floor":2.0},{"not_picked":["Beam Cell","Barrage"],"picked":"BootSequence","floor":3.0},{"not_picked":["Gash","Redo"],"picked":"Melter","floor":7.0},{"not_picked":["Sunder","Buffer"],"picked":"Ball Lightning","floor":11.0},{"not_picked":["Genetic Algorithm","Streamline","Heatsinks"],"picked":"SKIP","floor":12.0},{"not_picked":["Stack","Steam"],"picked":"Doom and Gloom","floor":13.0},{"not_picked":["Steam","Thunder Strike"],"picked":"Conserve Battery","floor":14.0},{"not_picked":["Thunder Strike","Amplify"],"picked":"Buffer","floor":16.0},{"not_picked":["Turbo","Beam Cell+1","Streamline"],"picked":"SKIP","floor":18.0},{"not_picked":["Aggregate","Force Field"],"picked":"Coolheaded","floor":20.0},{"not_picked":["BootSequence","Gash","Melter"],"picked":"SKIP","floor":22.0},{"not_picked":["Blizzard+1","Go for the Eyes+1","Aggregate"],"picked":"SKIP","floor":23.0},{"not_picked":["Melter","Fusion+1"],"picked":"Leap","floor":25.0},{"not_picked":["Turbo","Recycle","Sweeping Beam+1"],"picked":"SKIP","floor":30.0},{"not_picked":["Cold Snap+1","Multi-Cast"],"picked":"Coolheaded+1","floor":31.0},{"not_picked":["Buffer","Core Surge"],"picked":"Amplify","floor":33},{"not_picked":["Turbo+1","Defragment"],"picked":"Storm+1","floor":35},{"not_picked":["Beam Cell+1","Leap+1"],"picked":"Conserve Battery+1","floor":38},{"not_picked":["Reinforced Body+1","Hello World","Blizzard+1"],"picked":"SKIP","floor":40},{"not_picked":["Turbo","Fusion+1"],"picked":"Coolheaded+1","floor":42}],"player_experience":191752,"relics_obtained":[{"floor":7.0,"key":"Pen Nib"},{"floor":9.0,"key":"Happy Flower"},{"floor":11.0,"key":"Torii"},{"floor":23.0,"key":"Juzu Bracelet"},{"floor":25.0,"key":"Tiny Chest"},{"floor":26.0,"key":"Bag of Marbles"},{"floor":40,"key":"Boot"},{"floor":40,"key":"Vajra"},{"floor":42,"key":"Letter Opener"},{"floor":42,"key":"Frozen Egg 2"},{"floor":43,"key":"Ancient Tea Set"},{"floor":44,"key":"Bag of Preparation"}],"event_choices":[{"cards_removed":["Clumsy"],"damage_healed":0.0,"max_hp_gain":0.0,"max_hp_loss":0.0,"gold_gain":0.0,"event_name":"Bonfire Elementals","player_choice":"Offered Curse","floor":4.0,"gold_loss":0.0,"damage_taken":0.0,"relics_obtained":["Spirit Poop"]},{"damage_healed":0.0,"max_hp_gain":0.0,"max_hp_loss":0.0,"gold_gain":0.0,"event_name":"The Library","player_choice":"Read","floor":19.0,"gold_loss":0.0,"damage_taken":0.0,"cards_obtained":["Defragment"]},{"cards_removed":["Defend_B"],"damage_healed":0.0,"max_hp_gain":0.0,"max_hp_loss":0.0,"gold_gain":0.0,"event_name":"Beggar","player_choice":"Gave Gold","floor":21.0,"gold_loss":75.0,"damage_taken":0.0},{"damage_healed":0,"gold_gain":0,"player_choice":"Copied","damage_taken":0,"max_hp_gain":0,"max_hp_loss":0,"event_name":"Duplicator","floor":36,"gold_loss":0,"cards_obtained":["Storm"]}],"is_beta":false,"boss_relics":[{"not_picked":["Inserter","Orrery"],"picked":"Velvet Choker"},{"not_picked":["Nuclear Battery","White Beast Statue"],"picked":"Black Star"}],"items_purged_floors":[39],"is_endless":false,"potions_floor_spawned":[2,3,13,14,18,20,23,31],"killed_by":"4 Shapes","ascension_level":9}