{"gold_per_floor":[119,196,42,42,57,97,109,160,472,484,520,555,608,644,656,796,808,841,894,921,947,959,1015,1027,1060,1117,1129,1182,669,669,703,703,824,824,847,1122,1145,776,797,831,851,872,872,890,933,143,178,53,53,53,53,53,53,86,86],"floor_reached":56,"playtime":7484,"items_purged":["Regret","Doubt","Strike_R"],"score":1603,"play_id":"a3d5a7e6-b0fe-4ad6-b0a7-d03e1abbee6d","local_time":"20190128115621","is_ascension_mode":true,"campfire_choices":[{"data":"Flame Barrier","floor":7,"key":"SMITH"},{"data":"Barricade","floor":15,"key":"SMITH"},{"data":"Warcry","floor":24,"key":"SMITH"},{"floor":27,"key":"RECALL"},{"data":"Fiend Fire","floor":30,"key":"SMITH"},{"data":"Master of Strategy","floor":32,"key":"SMITH"},{"data":"Strike_R","floor":49,"key":"PURGE"},{"data":"Strike_R","floor":52,"key":"PURGE"}],"neow_cost":"NONE","seed_source_timestamp":157172903847143,"circlet_count":0,"master_deck":["Strike_R+1","Strike_R","Defend_R+1","Defend_R","Defend_R","Defend_R","Bash","Heavy Blade","Pummel","Flame Barrier+1","Barricade+1","Warcry+1","Headbutt","Limit Break","Pummel","Exhume","Corruption","Body Slam+1","Ghostly Armor","Shrug It Off+1","Fiend Fire+1","Master of Strategy+1","Dramatic Entrance","Exhume","Shockwave+1","Juggernaut","Burning Pact","Pummel+1","Impervious","Inflame+1","Armaments+1","Disarm","Shrug It Off"],"relics":["Burning Blood","Mercury Hourglass","Orichalcum","Golden Idol","MawBank","Boot","Old Coin","Pantograph","Snecko Eye","Red Mask","Dead Branch","Bag of Marbles","Mummified Hand","Thread and Needle","Cursed Key","Juzu Bracelet","PreservedInsect","Happy Flower","Singing Bowl","Lantern","Chemical X","Question Card","Peace Pipe","Letter Opener"],"potions_floor_usage":[16,21,23,55,55,55],"damage_taken":[{"damage":4,"enemies":"Cultist","floor":1,"turns":4},{"damage":0,"enemies":"2 Louse","floor":5,"turns":2},{"damage":24,"enemies":"Lagavulin","floor":6,"turns":5},{"damage":16,"enemies":"Gremlin Nob","floor":8,"turns":4},{"damage":0,"enemies":"Small Slimes","floor":11,"turns":2},{"damage":0,"enemies":"3 Louse","floor":12,"turns":2},{"damage":4,"enemies":"3 Sentries","floor":13,"turns":6},{"damage":0,"enemies":"Exordium Wildlife","floor":14,"turns":4},{"damage":7,"enemies":"Slime Boss","floor":16,"turns":10},{"damage":4,"enemies":"Chosen","floor":18,"turns":3},{"damage":20,"enemies":"Masked Bandits","floor":19,"turns":4},{"damage":0,"enemies":"Spheric Guardian","floor":20,"turns":3},{"damage":0,"enemies":"Centurion and Healer","floor":21,"turns":3},{"damage":26,"enemies":"Gremlin Leader","floor":23,"turns":6},{"damage":0,"enemies":"Snecko","floor":25,"turns":2},{"damage":0,"enemies":"Book of Stabbing","floor":28,"turns":2},{"damage":0,"enemies":"Gremlin Leader","floor":31,"turns":2},{"damage":23,"enemies":"Collector","floor":33,"turns":4},{"damage":0,"enemies":"3 Darklings","floor":35,"turns":3},{"damage":0,"enemies":"3 Shapes","floor":37,"turns":3},{"damage":6,"enemies":"Jaw Worm Horde","floor":39,"turns":1},{"damage":0,"enemies":"Nemesis","floor":40,"turns":2},{"damage":0,"enemies":"Spire Growth","floor":41,"turns":3},{"damage":0,"enemies":"Maw","floor":42,"turns":2},{"damage":0,"enemies":"4 Shapes","floor":44,"turns":2},{"damage":6,"enemies":"Giant Head","floor":45,"turns":1},{"damage":0,"enemies":"Nemesis","floor":47,"turns":3},{"damage":6,"enemies":"Awakened One","floor":50,"turns":4},{"damage":18,"enemies":"Shield and Spear","floor":54,"turns":2},{"damage":1,"enemies":"The Heart","floor":55,"turns":6}],"seed_played":"8339592761460445268","potions_obtained":[{"floor":8,"key":"SmokeBomb"},{"floor":13,"key":"Fire Potion"},{"floor":16,"key":"Regen Potion"},{"floor":18,"key":"Energy Potion"},{"floor":19,"key":"Strength Potion"},{"floor":28,"key":"SpeedPotion"},{"floor":39,"key":"PowerPotion"},{"floor":40,"key":"FearPotion"},{"floor":42,"key":"Strength Potion"}],"is_trial":false,"path_per_floor":["M","T","$","?","M","E","R","E","T","?","M","M","E","M","R","B",null,"M","?","M","M","?","E","R","M","T","R","E","$","R","E","R","B",null,"M","?","M","$","M","E","M","M","T","M","E","$","E","$","R","B",null,"R","$","E","B",null],"character_chosen":"IRONCLAD","items_purchased":["Orichalcum","Mummified Hand","Master of Strategy","Dramatic Entrance","Juggernaut","Burning Pact","Juzu Bracelet","Lantern","Chemical X","Disarm","Question Card","Shrug It Off"],"campfire_rested":0,"item_purchase_floors":[3,29,29,29,38,38,38,46,46,46,46,46],"current_hp_per_floor":[88,88,88,66,72,54,54,44,44,26,32,38,40,46,46,70,88,88,74,80,86,86,66,66,72,72,72,78,78,78,84,84,71,88,88,88,88,88,88,88,88,88,88,88,90,90,92,92,92,92,92,92,92,82,94],"gold":86,"neow_bonus":"TEN_PERCENT_HP_BONUS","is_prod":false,"is_daily":false,"chose_seed":false,"campfire_upgraded":5,"win_rate":0,"timestamp":1548698181,"path_taken":["M","?","?","?","M","E","R","E","T","?","M","M","E","M","R","BOSS","M","?","M","M","?","E","R","M","T","R","E","$","R","E","R","BOSS","M","?","M","$","M","E","M","M","T","M","E","?","E","$","R","BOSS","R","$","E","BOSS"],"build_version":"2019-01-23","purchased_purges":3,"victory":true,"max_hp_per_floor":[88,88,88,88,88,88,88,88,88,88,88,88,88,88,88,88,88,88,88,88,88,88,88,88,88,88,88,88,88,88,88,88,88,88,88,88,88,88,88,88,88,88,88,88,90,90,92,92,92,92,92,92,92,94,94],"card_choices":[{"not_picked":["Clothesline","Sever Soul"],"picked":"Heavy Blade","floor":1},{"not_picked":["Shrug It Off","Flex"],"picked":"Pummel","floor":5},{"not_picked":["Anger","Flex"],"picked":"Flame Barrier","floor":6},{"not_picked":["Entrench","Corruption"],"picked":"Barricade","floor":8},{"not_picked":["Combust","Wild Strike"],"picked":"Warcry","floor":11},{"not_picked":["Shrug It Off","Wild Strike"],"picked":"Headbutt","floor":12},{"not_picked":["Iron Wave","Anger"],"picked":"Limit Break","floor":13},{"not_picked":["Heavy Blade","Havoc"],"picked":"Pummel","floor":14},{"not_picked":["Fiend Fire","Barricade"],"picked":"Exhume","floor":16},{"not_picked":["Twin Strike+1","Heavy Blade"],"picked":"Corruption","floor":18},{"not_picked":["Twin Strike","Warcry"],"picked":"Body Slam+1","floor":19},{"not_picked":["Heavy Blade","Anger"],"picked":"Ghostly Armor","floor":20},{"not_picked":["Thunderclap","Battle Trance","Carnage"],"picked":"SKIP","floor":21},{"not_picked":["Blood for Blood","Rupture"],"picked":"Shrug It Off+1","floor":23},{"not_picked":["True Grit","Rupture","Searing Blow"],"picked":"SKIP","floor":25},{"not_picked":["Metallicize+1","Blood for Blood+1"],"picked":"Fiend Fire","floor":28},{"not_picked":["Headbutt","Clothesline","Wild Strike"],"picked":"SKIP","floor":31},{"not_picked":["Berserk","Barricade"],"picked":"Exhume","floor":33},{"not_picked":["Clash+1","Perfected Strike+1","Wild Strike+1"],"picked":"SKIP","floor":35},{"not_picked":["Wild Strike","Iron Wave"],"picked":"Shockwave+1","floor":37},{"not_picked":["Clothesline","Iron Wave"],"picked":"Pummel+1","floor":39},{"not_picked":["True Grit+1","Dual Wield+1"],"picked":"Impervious","floor":40},{"not_picked":["Clash+1","Anger"],"picked":"Inflame+1","floor":41},{"not_picked":["Clash","Armaments","Wild Strike+1"],"picked":"SKIP","floor":42},{"not_picked":["Cleave","Clash"],"picked":"Armaments+1","floor":44},{"not_picked":["Flex","Clothesline","Rupture"],"picked":"Singing Bowl","floor":45},{"not_picked":["Barricade","Searing Blow","Dropkick","Havoc+1"],"picked":"Singing Bowl","floor":47},{"not_picked":["Wild Strike+1","Flex","Perfected Strike+1","Twin Strike"],"picked":"Singing Bowl","floor":54}],"player_experience":307930,"relics_obtained":[{"floor":2,"key":"Mercury Hourglass"},{"floor":6,"key":"MawBank"},{"floor":8,"key":"Boot"},{"floor":9,"key":"Old Coin"},{"floor":13,"key":"Pantograph"},{"floor":19,"key":"Red Mask"},{"floor":23,"key":"Dead Branch"},{"floor":28,"key":"Bag of Marbles"},{"floor":31,"key":"Thread and Needle"},{"floor":40,"key":"PreservedInsect"},{"floor":43,"key":"Happy Flower"},{"floor":45,"key":"Singing Bowl"},{"floor":47,"key":"Peace Pipe"},{"floor":54,"key":"Letter Opener"}],"event_choices":[{"damage_healed":0,"gold_gain":0,"player_choice":"Take Damage","damage_taken":22,"relics_obtained":["Golden Idol"],"max_hp_gain":0,"max_hp_loss":0,"event_name":"Golden Idol","floor":4,"gold_loss":0},{"damage_healed":0,"gold_gain":0,"player_choice":"Entered Light","damage_taken":18,"max_hp_gain":0,"max_hp_loss":0,"event_name":"Shining Light","floor":10,"gold_loss":0,"cards_upgraded":["Strike_R","Defend_R"]},{"damage_healed":0,"gold_gain":0,"player_choice":"Fought Bandits","damage_taken":0,"max_hp_gain":0,"max_hp_loss":0,"event_name":"Masked Bandits","floor":19,"gold_loss":0},{"damage_healed":0,"gold_gain":0,"player_choice":"Ignored","damage_taken":0,"max_hp_gain":0,"max_hp_loss":0,"event_name":"Vampires","floor":22,"gold_loss":0},{"damage_healed":0,"gold_gain":275,"player_choice":"Desecrate","damage_taken":0,"max_hp_gain":0,"max_hp_loss":0,"event_name":"Golden Shrine","floor":36,"gold_loss":0,"cards_obtained":["Regret"]}],"is_beta":false,"boss_relics":[{"not_picked":["Ectoplasm","Sozu"],"picked":"Snecko Eye"},{"not_picked":["Tiny House","Eternal Feather"],"picked":"Cursed Key"}],"items_purged_floors":[38,46,48],"is_endless":false,"potions_floor_spawned":[8,13,16,18,19,28,39,40,42,47],"ascension_level":1}