{"gold_per_floor":[114,114,131,145,145,179,179,192,192,77,77,110,110,128,128,227,227,239,239,164,2,13,13,41,51,51,67,67,67,85,40,40,140,140,153,172,186,11,11,11,46,46,70,120,131,131,144,155,155,155],"floor_reached":51,"playtime":1872,"items_purged":["Regret","Strike_B"],"score":782,"play_id":"f4a2ef75-a97f-495f-a4c5-d58796cb68b0","local_time":"20181124181256","is_ascension_mode":false,"campfire_choices":[{"floor":13.0,"key":"REST"},{"data":"White Noise","floor":15.0,"key":"SMITH"},{"floor":23.0,"key":"REST"},{"data":"Dualcast","floor":32.0,"key":"SMITH"},{"floor":40,"key":"REST"},{"floor":46,"key":"REST"},{"floor":49,"key":"REST"}],"neow_cost":"TEN_PERCENT_HP_LOSS","seed_source_timestamp":950425053698614,"circlet_count":0,"master_deck":["Strike_B","Strike_B+1","Defend_B+1","Defend_B","Zap","Dualcast+1","Chaos+1","Gash","White Noise+1","Leap+1","Self Repair","Gash","Recycle+1","Meteor Strike","Apotheosis+1","Steam Power+1","Hologram+1","Machine Learning+1","Capacitor+1","Biased Cognition+1","Madness+1","Madness+1","Doubt","Loop+1"],"special_seed":0,"relics":["Cracked Core","Du-Vu Doll","Toxic Egg 2","Bottled Lightning","StoneCalendar","Runic Pyramid","Letter Opener","Frozen Egg 2","Molten Egg 2","Busted Crown","Cables","DataDisk","Dead Branch"],"potions_floor_usage":[33,33,35,50,50],"damage_taken":[{"damage":6.0,"enemies":"Cultist","floor":1.0,"turns":4.0},{"damage":0.0,"enemies":"Small Slimes","floor":3.0,"turns":2.0},{"damage":0.0,"enemies":"2 Louse","floor":4.0,"turns":1.0},{"damage":10.0,"enemies":"3 Sentries","floor":6.0,"turns":6.0},{"damage":9.0,"enemies":"2 Fungi Beasts","floor":8.0,"turns":2.0},{"damage":27.0,"enemies":"Gremlin Nob","floor":12.0,"turns":4.0},{"damage":11.0,"enemies":"Exordium Wildlife","floor":14.0,"turns":4.0},{"damage":30.0,"enemies":"Slime Boss","floor":16.0,"turns":6.0},{"damage":13.0,"enemies":"Shell Parasite","floor":18.0,"turns":7.0},{"damage":18.0,"enemies":"3 Byrds","floor":22.0,"turns":4.0},{"damage":40.0,"enemies":"Gremlin Leader","floor":24.0,"turns":7.0},{"damage":5.0,"enemies":"Sentry and Sphere","floor":25.0,"turns":4.0},{"damage":5.0,"enemies":"Snake Plant","floor":27.0,"turns":5.0},{"damage":5.0,"enemies":"Shelled Parasite and Fungi","floor":30.0,"turns":5.0},{"damage":0,"enemies":"Champ","floor":33,"turns":8},{"damage":0,"enemies":"3 Shapes","floor":35,"turns":4},{"damage":38,"enemies":"3 Darklings","floor":36,"turns":4},{"damage":11,"enemies":"Maw","floor":37,"turns":6},{"damage":47,"enemies":"Nemesis","floor":41,"turns":7},{"damage":53,"enemies":"2 Orb Walkers","floor":44,"turns":4},{"damage":0,"enemies":"Jaw Worm Horde","floor":45,"turns":1},{"damage":6,"enemies":"Transient","floor":47,"turns":5},{"damage":7,"enemies":"Maw","floor":48,"turns":5},{"damage":50,"enemies":"Donu and Deca","floor":50,"turns":6}],"seed_played":"-2033374330855349974","potions_obtained":[{"floor":3.0,"key":"Weak Potion"},{"floor":4.0,"key":"Regen Potion"},{"floor":12.0,"key":"Fire Potion"},{"floor":22.0,"key":"LiquidBronze"},{"floor":24.0,"key":"Weak Potion"},{"floor":25.0,"key":"Swift Potion"},{"floor":30.0,"key":"Block Potion"},{"floor":41,"key":"Energy Potion"},{"floor":44,"key":"SneckoOil"}],"is_trial":false,"path_per_floor":["M","?","M","M","?","E","?","M","T","$","?","E","R","M","R","B",null,"M","?","?","$","M","R","E","M","T","M","T","?","M","$","R","B",null,"M","M","M","$","?","R","E","?","T","?","M","R","M","M","R","B",null],"character_chosen":"DEFECT","items_purchased":["Self Repair","Apotheosis+1","Hologram+1","Biased Cognition+1"],"campfire_rested":5,"item_purchase_floors":[10,21,31,38],"current_hp_per_floor":[62,55,55,55,41,46,46,37,37,37,37,17,37,33,33,10,68,62,62,62,62,54,68,38,40,40,45,45,45,50,50,50,57,68,68,40,39,39,30,50,13,68,68,22,22,42,46,49,68,25],"gold":155,"neow_bonus":"TRANSFORM_TWO_CARDS","is_prod":false,"is_daily":false,"chose_seed":false,"campfire_upgraded":2,"win_rate":0,"timestamp":1543101176,"path_taken":["M","?","M","M","?","E","?","M","T","$","?","E","R","M","R","BOSS","M","?","?","$","M","R","E","M","T","M","?","?","M","$","R","BOSS","M","?","M","$","?","R","E","?","T","?","M","R","M","M","R","BOSS"],"build_version":"2018-11-15","purchased_purges":2,"victory":true,"max_hp_per_floor":[68,68,68,68,68,68,68,68,68,68,68,68,68,68,68,68,68,68,68,68,68,68,68,68,68,68,68,68,68,68,68,68,68,68,68,68,68,68,68,68,68,68,68,68,68,68,68,68,68,68],"card_choices":[{"not_picked":["Melter","Reinforced Body"],"picked":"Gash","floor":1.0},{"not_picked":["Ball Lightning","Streamline"],"picked":"White Noise","floor":3.0},{"not_picked":["Coolheaded","Streamline","Thunder Strike"],"picked":"SKIP","floor":4.0},{"not_picked":["Creative AI","Leap","Undo"],"picked":"SKIP","floor":6.0},{"not_picked":["Darkness+1","Ball Lightning"],"picked":"Leap+1","floor":8.0},{"not_picked":["Self Repair","Consume+1"],"picked":"Gash","floor":12.0},{"not_picked":["Go for the Eyes","Glacier+1"],"picked":"Recycle+1","floor":14.0},{"not_picked":["Rainbow+1","Amplify+1"],"picked":"Meteor Strike","floor":16.0},{"not_picked":["Steam+1","Ball Lightning+1","Conserve Battery+1"],"picked":"SKIP","floor":18.0},{"not_picked":["Steam+1","Go for the Eyes"],"picked":"Steam Power+1","floor":22.0},{"not_picked":["Reinforced Body+1","Redo+1","All For One"],"picked":"SKIP","floor":24.0},{"not_picked":["Glacier+1","Ball Lightning+1","Compile Driver"],"picked":"SKIP","floor":25.0},{"not_picked":["Compile Driver","Rebound","Go for the Eyes"],"picked":"SKIP","floor":27.0},{"not_picked":["Tempest+1","Consume+1","Darkness+1"],"picked":"SKIP","floor":30.0},{"not_picked":["Biased Cognition+1","Rainbow+1"],"picked":"Machine Learning+1","floor":33},{"not_picked":["Static Discharge+1"],"picked":"SKIP","floor":35},{"not_picked":[],"picked":"Capacitor+1","floor":36},{"not_picked":["Doom and Gloom+1"],"picked":"SKIP","floor":37},{"not_picked":["Beam Cell+1"],"picked":"SKIP","floor":41},{"not_picked":["Turbo+1"],"picked":"SKIP","floor":45},{"not_picked":["Rebound+1"],"picked":"SKIP","floor":47},{"not_picked":[],"picked":"Loop+1","floor":48}],"player_experience":574927,"relics_obtained":[{"floor":6.0,"key":"Du-Vu Doll"},{"floor":9.0,"key":"Bottled Lightning"},{"floor":12.0,"key":"StoneCalendar"},{"floor":24.0,"key":"Letter Opener"},{"floor":26.0,"key":"Frozen Egg 2"},{"floor":28.0,"key":"Molten Egg 2"},{"floor":41,"key":"Cables"},{"floor":43,"key":"DataDisk"},{"floor":44,"key":"Dead Branch"}],"event_choices":[{"cards_removed":["Defend_B"],"damage_healed":0.0,"max_hp_gain":0.0,"max_hp_loss":0.0,"gold_gain":0.0,"event_name":"Golden Wing","player_choice":"Card Removal","floor":2.0,"gold_loss":0.0,"damage_taken":7.0},{"damage_healed":0.0,"max_hp_gain":0.0,"max_hp_loss":0.0,"gold_gain":0.0,"event_name":"Shining Light","player_choice":"Entered Light","floor":5.0,"gold_loss":0.0,"damage_taken":14.0,"cards_upgraded":["Strike_B","Defend_B"]},{"damage_healed":0.0,"max_hp_gain":0.0,"max_hp_loss":0.0,"gold_gain":0.0,"event_name":"Big Fish","player_choice":"Box","floor":7.0,"gold_loss":0.0,"damage_taken":0.0,"relics_obtained":["Toxic Egg 2"],"cards_obtained":["Regret"]},{"damage_healed":0.0,"max_hp_gain":0.0,"max_hp_loss":0.0,"gold_gain":0.0,"event_name":"Living Wall","player_choice":"Grow","floor":11.0,"gold_loss":0.0,"damage_taken":0.0,"cards_upgraded":["Chaos"]},{"damage_healed":0.0,"max_hp_gain":0.0,"max_hp_loss":0.0,"gold_gain":0.0,"event_name":"Ghosts","player_choice":"Ignored","floor":19.0,"gold_loss":0.0,"damage_taken":0.0},{"cards_removed":["Reprogram"],"damage_healed":0.0,"max_hp_gain":0.0,"max_hp_loss":0.0,"gold_gain":0.0,"event_name":"Beggar","player_choice":"Gave Gold","floor":20.0,"gold_loss":75.0,"damage_taken":0.0},{"damage_healed":0.0,"max_hp_gain":0.0,"max_hp_loss":0.0,"gold_gain":0.0,"event_name":"The Woman in Blue","player_choice":"Bought 0 Potions","floor":29.0,"gold_loss":0.0,"damage_taken":0.0},{"damage_healed":0,"gold_gain":0,"player_choice":"Embrace Madness","damage_taken":9,"max_hp_gain":0,"max_hp_loss":0,"event_name":"Winding Halls","floor":39,"gold_loss":0,"cards_obtained":["Madness","Madness"]},{"damage_healed":55,"gold_gain":0,"player_choice":"Heal","damage_taken":0,"max_hp_gain":0,"max_hp_loss":0,"event_name":"MindBloom","floor":42,"gold_loss":0,"cards_obtained":["Doubt"]},{"damage_healed":0,"gold_gain":0,"player_choice":"Fight","damage_taken":0,"max_hp_gain":0,"max_hp_loss":0,"event_name":"Mysterious Sphere","floor":44,"gold_loss":0}],"is_beta":true,"boss_relics":[{"not_picked":["Orrery","White Beast Statue"],"picked":"Runic Pyramid"},{"not_picked":["Nuclear Battery","Velvet Choker"],"picked":"Busted Crown"}],"items_purged_floors":[10,38],"is_endless":false,"potions_floor_spawned":[3,4,12,22,24,25,30,41,44],"ascension_level":0}