{"gold_per_floor":[159,159,159,259,274,309,329,344,344,355,38,52,52,70,70,167,167,185,203,223,233,233,233,233],"floor_reached":24,"playtime":1608,"items_purged":["Regret"],"score":257,"play_id":"b70deab4-f523-4060-bed3-0305195fa1b2","local_time":"20181120005406","is_ascension_mode":true,"campfire_choices":[{"data":"Terror","floor":13,"key":"SMITH"},{"data":"Footwork","floor":15,"key":"SMITH"},{"data":"Venomology","floor":23,"key":"SMITH"}],"neow_cost":"NONE","seed_source_timestamp":117106678190304,"circlet_count":0,"master_deck":["Defend_G","Defend_G","Defend_G","Defend_G+1","Strike_G","Strike_G","Strike_G","Strike_G","Strike_G","Survivor","Neutralize","Terror+1","Bane","Deadly Poison","Footwork+1","Crippling Poison","Quick Slash","Masterful Stab","Sadistic Nature","Crippling Poison","Corpse Explosion","Deflect","Venomology+1","Outmaneuver","Leg Sweep+1","Sucker Punch","Slice","Writhe"],"relics":["Tiny House","Pear","Bird Faced Urn","Meat on the Bone","Lizard Tail","Blue Candle"],"potions_floor_usage":[6,10,12,19,20,24],"damage_taken":[{"damage":2,"enemies":"Jaw Worm","floor":1,"turns":5},{"damage":2,"enemies":"2 Louse","floor":5,"turns":3},{"damage":31,"enemies":"3 Sentries","floor":6,"turns":12},{"damage":2,"enemies":"Cultist","floor":7,"turns":3},{"damage":15,"enemies":"2 Fungi Beasts","floor":8,"turns":5},{"damage":0,"enemies":"Blue Slaver","floor":10,"turns":4},{"damage":7,"enemies":"Exordium Wildlife","floor":12,"turns":3},{"damage":3,"enemies":"Gremlin Gang","floor":14,"turns":3},{"damage":20,"enemies":"The Guardian","floor":16,"turns":11},{"damage":18,"enemies":"Chosen","floor":18,"turns":5},{"damage":17,"enemies":"2 Thieves","floor":19,"turns":3},{"damage":31,"enemies":"Chosen and Byrds","floor":20,"turns":7},{"damage":11,"enemies":"Sentry and Sphere","floor":21,"turns":5},{"damage":1,"enemies":"Book of Stabbing","floor":24,"turns":1}],"seed_played":"6589601526253514536","potions_obtained":[{"floor":0,"key":"SkillPotion"},{"floor":1,"key":"GamblersBrew"},{"floor":6,"key":"GhostInAJar"},{"floor":7,"key":"EssenceOfSteel"},{"floor":14,"key":"Energy Potion"},{"floor":21,"key":"SmokeBomb"}],"is_trial":false,"path_per_floor":["M","?","?","?","M","E","M","M","T","M","$","M","R","M","R","B",null,"M","M","M","M","?","R","E"],"character_chosen":"THE_SILENT","items_purchased":["Sadistic Nature","Crippling Poison"],"campfire_rested":0,"item_purchase_floors":[11,11],"current_hp_per_floor":[73,66,76,76,74,43,41,28,28,42,42,51,51,50,50,46,85,67,52,33,38,38,38,37],"gold":233,"neow_bonus":"BOSS_RELIC","is_prod":false,"is_daily":false,"chose_seed":false,"campfire_upgraded":3,"win_rate":0,"timestamp":1542693246,"path_taken":["M","?","?","?","M","E","M","M","T","?","$","M","R","M","R","BOSS","M","M","M","M","?","R","E"],"build_version":"2018-11-15","purchased_purges":1,"victory":false,"max_hp_per_floor":[75,75,85,85,85,85,85,85,85,85,85,85,85,85,85,85,85,85,85,85,85,85,85,85],"card_choices":[{"not_picked":["Predator","Calculated Gamble"],"picked":"Terror","floor":0},{"not_picked":["Poisoned Stab","Prepared"],"picked":"Bane","floor":1},{"not_picked":["Dagger Spray","Blade Dance"],"picked":"Deadly Poison","floor":5},{"not_picked":["Masterful Stab","Outmaneuver"],"picked":"Footwork","floor":6},{"not_picked":["Flying Knee","Bane"],"picked":"Crippling Poison","floor":7},{"not_picked":["Riddle With Holes","Heel Hook"],"picked":"Quick Slash","floor":8},{"not_picked":["Quick Slash","Bane"],"picked":"Masterful Stab","floor":10},{"not_picked":["Bane","Noxious Fumes"],"picked":"Corpse Explosion","floor":12},{"not_picked":["Reflex","Dodge and Roll"],"picked":"Deflect","floor":14},{"not_picked":["Grand Finale","Corpse Explosion"],"picked":"Venomology","floor":16},{"not_picked":["Expertise","Calculated Gamble"],"picked":"Outmaneuver","floor":18},{"not_picked":["Dagger Spray","Endless Agony"],"picked":"Leg Sweep+1","floor":19},{"not_picked":["Flying Knee","Dagger Spray"],"picked":"Sucker Punch","floor":20},{"not_picked":["Underhanded Strike","Dagger Spray"],"picked":"Slice","floor":21}],"player_experience":298083,"relics_obtained":[{"floor":6,"key":"Bird Faced Urn"},{"floor":9,"key":"Meat on the Bone"}],"event_choices":[{"cards_removed":["Defend_G"],"damage_healed":0,"gold_gain":0,"player_choice":"Card Removal","damage_taken":7,"max_hp_gain":0,"max_hp_loss":0,"event_name":"Golden Wing","floor":2,"gold_loss":0},{"damage_healed":0,"gold_gain":0,"player_choice":"Box","damage_taken":0,"relics_obtained":["Pear"],"max_hp_gain":0,"max_hp_loss":0,"event_name":"Big Fish","floor":3,"gold_loss":0,"cards_obtained":["Regret"]},{"damage_healed":0,"gold_gain":100,"player_choice":"Pray","damage_taken":0,"max_hp_gain":0,"max_hp_loss":0,"event_name":"Golden Shrine","floor":4,"gold_loss":0},{"damage_healed":0,"gold_gain":0,"player_choice":"Opened","damage_taken":0,"relics_obtained":["Blue Candle"],"max_hp_gain":0,"max_hp_loss":0,"event_name":"The Mausoleum","floor":22,"gold_loss":0,"cards_obtained":["Writhe"]}],"is_beta":false,"boss_relics":[{"not_picked":["WristBlade","Orrery"],"picked":"Lizard Tail"}],"items_purged_floors":[11],"is_endless":false,"potions_floor_spawned":[1,6,7,14,21],"killed_by":"Book of Stabbing","ascension_level":3}