{"gold_per_floor":[113,130,147,159,175,175,205,220,220,248,248,323,323,334,334,432,432,443,453,469,488,501,536,536,546,546,167,167,167,185,197,197,299,299,318,336,24,39,52,52],"floor_reached":40,"playtime":2735,"items_purged":["Barricade"],"score":542,"play_id":"fe2c7932-e656-4d9b-a0df-a4e0c1ac7ca8","local_time":"20181031031131","is_ascension_mode":true,"campfire_choices":[{"data":"Perfected Strike","floor":6,"key":"SMITH"},{"data":"Perfected Strike","floor":13,"key":"SMITH"},{"floor":15,"key":"REST"},{"data":"Bludgeon","floor":24,"key":"SMITH"},{"data":"Havoc","floor":29,"key":"SMITH"},{"floor":32,"key":"REST"}],"neow_cost":"NONE","seed_source_timestamp":130225315742163,"circlet_count":0,"master_deck":["Strike_R","Strike_R","Strike_R","Strike_R","Strike_R","Defend_R","Defend_R","Defend_R","Defend_R","Bash","Perfected Strike+1","Twin Strike","Pommel Strike","Iron Wave","Shrug It Off","Wild Strike","Headbutt","Perfected Strike+1","Iron Wave","Second Wind","Dropkick","Iron Wave+1","Havoc+1","Warcry+1","Bludgeon+1","Thunderclap+1","Trip","Feel No Pain","Havoc+1","Demon Form","Pommel Strike+1","Twin Strike+1","Parasite","Havoc","Iron Wave+1"],"relics":["Burning Blood","Potion Belt","Darkstone Periapt","StoneCalendar","Runic Pyramid","Blood Vial","Molten Egg 2","Cauldron","Mark of Pain","Bottled Tornado"],"potions_floor_usage":[7,7,21,22,22,23,23,23,23,23,23,25,27,30,30,31,33,33,38,39],"damage_taken":[{"damage":3,"enemies":"Small Slimes","floor":1,"turns":3},{"damage":6,"enemies":"Cultist","floor":2,"turns":3},{"damage":4,"enemies":"2 Louse","floor":3,"turns":2},{"damage":22,"enemies":"Large Slime","floor":4,"turns":5},{"damage":6,"enemies":"2 Fungi Beasts","floor":5,"turns":3},{"damage":21,"enemies":"Gremlin Nob","floor":7,"turns":4},{"damage":5,"enemies":"Gremlin Gang","floor":8,"turns":5},{"damage":20,"enemies":"Lagavulin","floor":10,"turns":4},{"damage":2,"enemies":"Looter","floor":14,"turns":3},{"damage":40,"enemies":"The Guardian","floor":16,"turns":10},{"damage":6,"enemies":"Spheric Guardian","floor":18,"turns":3},{"damage":11,"enemies":"2 Thieves","floor":19,"turns":3},{"damage":5,"enemies":"Snecko","floor":20,"turns":4},{"damage":22,"enemies":"3 Cultists","floor":21,"turns":5},{"damage":34,"enemies":"Centurion and Healer","floor":22,"turns":6},{"damage":48,"enemies":"Book of Stabbing","floor":23,"turns":5},{"damage":14,"enemies":"Snake Plant","floor":25,"turns":4},{"damage":10,"enemies":"Snecko","floor":30,"turns":3},{"damage":2,"enemies":"Cultist and Chosen","floor":31,"turns":4},{"damage":42,"enemies":"Champ","floor":33,"turns":11},{"damage":0,"enemies":"3 Shapes","floor":35,"turns":3},{"damage":0,"enemies":"Orb Walker","floor":36,"turns":2},{"damage":39,"enemies":"Writhing Mass","floor":38,"turns":5},{"damage":31,"enemies":"Sphere and 2 Shapes","floor":39,"turns":7},{"damage":56,"enemies":"Reptomancer","floor":40,"turns":5}],"seed_played":"5370493393576472421","potions_obtained":[{"floor":2,"key":"Weak Potion"},{"floor":4,"key":"Regen Potion"},{"floor":11,"key":"EntropicBrew"},{"floor":11,"key":"LiquidBronze"},{"floor":11,"key":"SneckoOil"},{"floor":16,"key":"Regen Potion"},{"floor":18,"key":"Explosive Potion"},{"floor":20,"key":"Weak Potion"},{"floor":22,"key":"BloodPotion"},{"floor":27,"key":"FairyPotion"},{"floor":27,"key":"Explosive Potion"},{"floor":27,"key":"PowerPotion"},{"floor":27,"key":"Fruit Juice"},{"floor":27,"key":"GamblersBrew"},{"floor":31,"key":"Ancient Potion"},{"floor":33,"key":"SpeedPotion"},{"floor":38,"key":"Poison Potion"}],"is_trial":false,"path_per_floor":["M","M","M","M","M","R","E","M","T","E","?","?","R","M","R","B",null,"M","M","M","M","M","E","R","M","T","$","?","R","M","M","R","B",null,"M","M","$","M","M"],"character_chosen":"IRONCLAD","items_purchased":["Cauldron","Trip","Bottled Tornado","Energy Potion"],"campfire_rested":2,"item_purchase_floors":[27,27,37,37],"current_hp_per_floor":[80,80,80,64,64,64,61,62,62,48,48,37,37,41,65,31,80,80,75,76,60,47,18,18,12,12,17,45,45,43,49,74,40,85,85,85,85,58,35,0],"gold":52,"neow_bonus":"THREE_CARDS","is_prod":false,"is_daily":false,"chose_seed":false,"campfire_upgraded":4,"win_rate":0,"timestamp":1540969891,"path_taken":["M","M","M","M","M","R","E","M","T","E","?","?","R","M","R","BOSS","M","M","?","M","M","E","R","M","T","$","?","R","?","M","R","BOSS","M","M","$","M","M","E"],"build_version":"2018-10-25v2","purchased_purges":1,"victory":false,"max_hp_per_floor":[80,80,80,80,80,80,80,80,80,80,80,80,80,80,80,80,80,80,80,80,80,80,80,80,80,80,85,85,85,85,85,85,85,85,85,85,85,91,91,91],"card_choices":[{"not_picked":["Wild Strike","Sword Boomerang"],"picked":"Perfected Strike","floor":0},{"not_picked":["Heavy Blade","Sword Boomerang"],"picked":"Twin Strike","floor":1},{"not_picked":["Sword Boomerang","Clash"],"picked":"Pommel Strike","floor":2},{"not_picked":["Sword Boomerang","Whirlwind"],"picked":"Iron Wave","floor":3},{"not_picked":["Reckless Charge","Heavy Blade"],"picked":"Shrug It Off","floor":4},{"not_picked":["Cleave","Clothesline"],"picked":"Wild Strike","floor":5},{"not_picked":["Intimidate","Cleave"],"picked":"Headbutt","floor":7},{"not_picked":["Rupture","Pommel Strike"],"picked":"Perfected Strike","floor":8},{"not_picked":["Flex","Juggernaut"],"picked":"Iron Wave","floor":10},{"not_picked":["Entrench","Uppercut","Second Wind"],"picked":"SKIP","floor":14},{"not_picked":["Fiend Fire","Impervious"],"picked":"Barricade","floor":16},{"not_picked":["Anger","Havoc"],"picked":"Second Wind","floor":18},{"not_picked":["Metallicize","Warcry"],"picked":"Dropkick","floor":19},{"not_picked":["Cleave","Fire Breathing+1"],"picked":"Iron Wave+1","floor":20},{"not_picked":["Reckless Charge","Headbutt"],"picked":"Havoc","floor":21},{"not_picked":["Heavy Blade+1","Blood for Blood"],"picked":"Warcry+1","floor":22},{"not_picked":["Battle Trance+1","Flame Barrier"],"picked":"Bludgeon","floor":23},{"not_picked":["Burning Pact+1","Whirlwind"],"picked":"Thunderclap+1","floor":25},{"not_picked":["Sword Boomerang+1","Clothesline+1"],"picked":"Feel No Pain","floor":30},{"not_picked":["Rage+1","Flex"],"picked":"Havoc+1","floor":31},{"not_picked":["Dark Embrace","Offering"],"picked":"Demon Form","floor":33},{"not_picked":["Dual Wield","Spot Weakness+1"],"picked":"Pommel Strike+1","floor":35},{"not_picked":["Anger+1","Clothesline+1"],"picked":"Twin Strike+1","floor":36},{"not_picked":["Body Slam+1","Burning Pact"],"picked":"Havoc","floor":38},{"not_picked":["Disarm+1","Dropkick+1"],"picked":"Iron Wave+1","floor":39}],"player_experience":206223,"relics_obtained":[{"floor":7,"key":"Potion Belt"},{"floor":9,"key":"Darkstone Periapt"},{"floor":10,"key":"StoneCalendar"},{"floor":23,"key":"Blood Vial"},{"floor":26,"key":"Molten Egg 2"}],"event_choices":[{"damage_healed":0,"gold_gain":0,"player_choice":"Got Potions","damage_taken":0,"max_hp_gain":0,"max_hp_loss":0,"event_name":"The Lab","floor":11,"gold_loss":0},{"damage_healed":0,"gold_gain":75,"player_choice":"Gather Gold","damage_taken":11,"max_hp_gain":0,"max_hp_loss":0,"event_name":"World of Goop","floor":12,"gold_loss":0},{"damage_healed":28,"gold_gain":0,"player_choice":"Heal","damage_taken":0,"max_hp_gain":0,"max_hp_loss":0,"event_name":"The Library","floor":28,"gold_loss":0}],"is_beta":false,"boss_relics":[{"not_picked":["Philosopher\u0027s Stone","Eternal Feather"],"picked":"Runic Pyramid"},{"not_picked":["Pandora\u0027s Box","Runic Cube"],"picked":"Mark of Pain"}],"items_purged_floors":[27],"is_endless":false,"potions_floor_spawned":[2,4,16,18,20,22,31,33,38],"killed_by":"Reptomancer","ascension_level":3}