{"gold_per_floor":[111,111,111,126,126,126,158,189,249,295,318,340,352,378,390,501,513,540,533,558,570,601,613,645,657,669,681,703,729,772,394,394,494,494,511,37,437,437,437,437,469,469,469,488,505,16,16,32,32,32],"floor_reached":51,"playtime":2899,"items_purged":["Strike_G","Strike_G","Pain"],"score":1032,"play_id":"381c6873-d410-491d-bfb7-32a007115e14","local_time":"20181210185836","is_ascension_mode":true,"campfire_choices":[{"data":"Quick Slash","floor":6,"key":"SMITH"},{"data":"Noxious Fumes","floor":13,"key":"SMITH"},{"floor":15,"key":"REST"},{"floor":23,"key":"REST"},{"floor":25,"key":"REST"},{"floor":32,"key":"REST"},{"floor":40,"key":"REST"},{"floor":42,"key":"REST"},{"floor":49,"key":"REST"}],"neow_cost":"NONE","seed_source_timestamp":133154520476327,"circlet_count":0,"master_deck":["Defend_G","Defend_G","Defend_G","Defend_G","Survivor","Neutralize","Deflect","Adrenaline","Quick Slash+1","Footwork","Quick Slash","Slice","Noxious Fumes+1","Cloak And Dagger","Backflip","Burst","Dash+1","Quick Slash","Deflect+1","Deadly Poison","Catalyst","Sucker Punch","Skewer","Well Laid Plans","Venomology","Footwork+1","Footwork","Poisoned Stab+1","Madness","Madness","Deadly Poison","Injury","Accuracy+1","Deadly Poison+1","Concentrate+1","Good Instincts+1","Infinite Blades","Backflip+1"],"relics":["Runic Dome","MawBank","PreservedInsect","Calipers","Fusion Hammer","Enchiridion","Paper Crane","Ninja Scroll","Ornamental Fan","Cursed Key","Unceasing Top","Old Coin","Bottled Flame","Blood Vial","Toxic Egg 2","Anchor"],"potions_floor_usage":[7,10,16,22,35,45,50,50,50],"damage_taken":[{"damage":6,"enemies":"Small Slimes","floor":1,"turns":4},{"damage":0,"enemies":"Jaw Worm","floor":4,"turns":6},{"damage":9,"enemies":"3 Sentries","floor":7,"turns":10},{"damage":0,"enemies":"Cultist","floor":8,"turns":4},{"damage":0,"enemies":"Lagavulin","floor":10,"turns":7},{"damage":2,"enemies":"Gremlin Gang","floor":11,"turns":4},{"damage":5,"enemies":"Exordium Wildlife","floor":12,"turns":5},{"damage":5,"enemies":"Large Slime","floor":14,"turns":5},{"damage":20,"enemies":"Slime Boss","floor":16,"turns":11},{"damage":11,"enemies":"Chosen","floor":18,"turns":6},{"damage":7,"enemies":"2 Thieves","floor":19,"turns":4},{"damage":2,"enemies":"Sentry and Sphere","floor":20,"turns":7},{"damage":0,"enemies":"Chosen and Byrds","floor":22,"turns":7},{"damage":1,"enemies":"Centurion and Healer","floor":24,"turns":7},{"damage":7,"enemies":"Snake Plant","floor":28,"turns":5},{"damage":11,"enemies":"Sentry and Sphere","floor":29,"turns":8},{"damage":0,"enemies":"Gremlin Leader","floor":30,"turns":5},{"damage":35,"enemies":"Champ","floor":33,"turns":11},{"damage":9,"enemies":"3 Shapes","floor":35,"turns":4},{"damage":0,"enemies":"Mind Bloom Boss Battle","floor":37,"turns":7},{"damage":11,"enemies":"Reptomancer","floor":41,"turns":8},{"damage":7,"enemies":"3 Darklings","floor":44,"turns":5},{"damage":6,"enemies":"Sphere and 2 Shapes","floor":45,"turns":7},{"damage":0,"enemies":"4 Shapes","floor":48,"turns":6},{"damage":26,"enemies":"Awakened One","floor":50,"turns":13}],"seed_played":"6043213138963697951","potions_obtained":[{"floor":5,"key":"GamblersBrew"},{"floor":5,"key":"Swift Potion"},{"floor":5,"key":"GamblersBrew"},{"floor":7,"key":"Ancient Potion"},{"floor":11,"key":"Poison Potion"},{"floor":12,"key":"Ancient Potion"},{"floor":20,"key":"SneckoOil"},{"floor":22,"key":"GhostInAJar"},{"floor":35,"key":"Ancient Potion"}],"is_trial":false,"path_per_floor":["M","?","?","M","?","R","E","M","T","E","M","M","R","M","R","B",null,"M","M","M","?","M","R","M","R","T","?","M","M","E","$","R","B",null,"M","$","?","?","T","R","E","R","T","M","M","$","?","M","R","B",null],"character_chosen":"THE_SILENT","items_purchased":["Ornamental Fan","Well Laid Plans","Unceasing Top","Footwork","Concentrate+1","Good Instincts+1","Anchor","Infinite Blades"],"campfire_rested":7,"item_purchase_floors":[31,31,36,36,46,46,46,46],"current_hp_per_floor":[57,57,50,50,50,50,41,41,41,41,39,34,34,29,50,30,60,49,42,40,24,24,45,44,65,65,65,58,47,47,47,68,33,61,52,52,52,43,43,64,53,70,70,63,59,59,59,61,70,44],"gold":32,"neow_bonus":"BOSS_RELIC","is_prod":false,"is_daily":false,"chose_seed":false,"campfire_upgraded":2,"win_rate":0,"timestamp":1544486316,"path_taken":["M","?","?","M","?","R","E","?","T","E","M","?","R","M","R","BOSS","M","?","M","?","M","R","M","R","T","?","M","?","E","$","R","BOSS","M","$","?","?","?","R","E","R","T","M","M","$","?","M","R","BOSS"],"build_version":"2018-12-06","purchased_purges":3,"victory":true,"max_hp_per_floor":[70,70,70,70,70,70,70,70,70,70,70,70,70,70,70,70,70,70,70,70,70,70,70,70,70,70,70,70,70,70,70,70,70,70,70,70,70,70,70,70,70,70,70,70,70,70,70,70,70,70],"card_choices":[{"not_picked":["Prepared","Flying Knee"],"picked":"Deflect","floor":1},{"not_picked":["Slice","All Out Attack"],"picked":"Quick Slash","floor":4},{"not_picked":["Deadly Poison","Dodge and Roll"],"picked":"Footwork","floor":7},{"not_picked":["Dagger Spray","All Out Attack"],"picked":"Quick Slash","floor":8},{"not_picked":["Dagger Throw","Setup"],"picked":"Slice","floor":10},{"not_picked":["Bane","Quick Slash"],"picked":"Noxious Fumes","floor":11},{"not_picked":["Heel Hook","Underhanded Strike"],"picked":"Cloak And Dagger","floor":12},{"not_picked":["Bane","Flying Knee"],"picked":"Backflip","floor":14},{"not_picked":["Doppelganger","Tools of the Trade"],"picked":"Burst","floor":16},{"not_picked":["Accuracy","PiercingWail+1"],"picked":"Dash+1","floor":18},{"not_picked":["Dagger Spray+1","Slice","Bane"],"picked":"SKIP","floor":19},{"not_picked":["Deflect","Sucker Punch"],"picked":"Quick Slash","floor":20},{"not_picked":["Distraction","Outmaneuver+1"],"picked":"Deflect+1","floor":22},{"not_picked":["Cloak And Dagger","Distraction"],"picked":"Deadly Poison","floor":24},{"not_picked":["Finisher","Envenom"],"picked":"Catalyst","floor":28},{"not_picked":["Deadly Poison+1","Slice"],"picked":"Sucker Punch","floor":29},{"not_picked":["Underhanded Strike","Caltrops"],"picked":"Skewer","floor":30},{"not_picked":["Bullet Time","Unload"],"picked":"Venomology","floor":33},{"not_picked":["Slice","Dagger Spray+1"],"picked":"Footwork+1","floor":35},{"not_picked":["Cloak And Dagger","Choke"],"picked":"Poisoned Stab+1","floor":37},{"not_picked":["Dagger Throw","Poisoned Stab"],"picked":"Deadly Poison","floor":41},{"not_picked":["Flying Knee","Dagger Throw"],"picked":"Accuracy+1","floor":44},{"not_picked":["Choke","Dagger Throw"],"picked":"Deadly Poison+1","floor":45},{"not_picked":["Dagger Spray","PiercingWail+1"],"picked":"Backflip+1","floor":48}],"player_experience":375375,"relics_obtained":[{"floor":7,"key":"MawBank"},{"floor":9,"key":"PreservedInsect"},{"floor":10,"key":"Calipers"},{"floor":21,"key":"Enchiridion"},{"floor":26,"key":"Paper Crane"},{"floor":30,"key":"Ninja Scroll"},{"floor":37,"key":"Old Coin"},{"floor":39,"key":"Bottled Flame"},{"floor":41,"key":"Blood Vial"},{"floor":43,"key":"Toxic Egg 2"}],"event_choices":[{"damage_healed":0,"gold_gain":0,"cards_transformed":["Strike_G"],"player_choice":"Change","damage_taken":0,"max_hp_gain":0,"max_hp_loss":0,"event_name":"Living Wall","floor":2,"gold_loss":0,"cards_obtained":["Adrenaline"]},{"cards_removed":["Strike_G"],"damage_healed":0,"gold_gain":0,"player_choice":"Card Removal","damage_taken":7,"max_hp_gain":0,"max_hp_loss":0,"event_name":"Golden Wing","floor":3,"gold_loss":0},{"damage_healed":0,"gold_gain":0,"player_choice":"Got Potions","damage_taken":0,"max_hp_gain":0,"max_hp_loss":0,"event_name":"Lab","floor":5,"gold_loss":0},{"damage_healed":0,"gold_gain":0,"player_choice":"Obtained Book","damage_taken":16,"max_hp_gain":0,"max_hp_loss":0,"event_name":"Cursed Tome","floor":21,"gold_loss":0},{"cards_removed":["Strike_G"],"damage_healed":0,"gold_gain":0,"player_choice":"Purged","damage_taken":0,"max_hp_gain":0,"max_hp_loss":0,"event_name":"Purifier","floor":27,"gold_loss":0},{"damage_healed":0,"gold_gain":0,"player_choice":"Fight","damage_taken":0,"max_hp_gain":0,"max_hp_loss":0,"event_name":"MindBloom","floor":37,"gold_loss":0},{"damage_healed":0,"gold_gain":0,"player_choice":"Embrace Madness","damage_taken":9,"max_hp_gain":0,"max_hp_loss":0,"event_name":"Winding Halls","floor":38,"gold_loss":0,"cards_obtained":["Madness","Madness"]},{"cards_removed":["Defend_G"],"damage_healed":0,"gold_gain":0,"player_choice":"Removed Skill","damage_taken":0,"max_hp_gain":0,"max_hp_loss":0,"event_name":"Falling","floor":47,"gold_loss":0}],"is_beta":false,"boss_relics":[{"not_picked":["Empty Cage","Tiny House"],"picked":"Fusion Hammer"},{"not_picked":["Lizard Tail","Astrolabe"],"picked":"Cursed Key"}],"items_purged_floors":[31,36,46],"is_endless":false,"potions_floor_spawned":[7,11,12,20,22,28,29,35,44,48],"ascension_level":7}