{"gold_per_floor":[118,132,57,76,76,106,106,126,126,146,157,157,171,171,171,171],"floor_reached":16,"playtime":391,"items_purged":["Defend_B"],"score":109,"play_id":"9e6bdfa2-ecc0-4265-b528-9ce88777bd92","local_time":"20181028044638","is_ascension_mode":true,"campfire_choices":[{"data":"Zap","floor":7,"key":"SMITH"},{"floor":15,"key":"REST"}],"neow_cost":"NONE","seed_source_timestamp":64115201410279,"circlet_count":0,"master_deck":["Strike_B","Strike_B","Strike_B","Strike_B","Defend_B","Defend_B","Defend_B","Zap+1","Dualcast","Gash","Scrape"],"relics":["Cracked Core","NeowsBlessing","PreservedInsect","Strawberry","Mummified Hand"],"potions_floor_usage":[11,13],"damage_taken":[{"damage":0,"enemies":"Cultist","floor":1,"turns":1},{"damage":0,"enemies":"Small Slimes","floor":2,"turns":1},{"damage":0,"enemies":"Jaw Worm","floor":4,"turns":1},{"damage":35,"enemies":"3 Sentries","floor":6,"turns":7},{"damage":11,"enemies":"Large Slime","floor":8,"turns":4},{"damage":21,"enemies":"Exordium Wildlife","floor":10,"turns":4},{"damage":10,"enemies":"Lots of Slimes","floor":11,"turns":3},{"damage":5,"enemies":"Large Slime","floor":13,"turns":4},{"damage":32,"enemies":"Slime Boss","floor":16,"turns":9}],"seed_played":"1394381921669971924","potions_obtained":[{"floor":8,"key":"Poison Potion"},{"floor":10,"key":"SkillPotion"}],"is_trial":false,"path_per_floor":["M","M","$","M","?","E","R","M","T","M","M","T","M","?","R"],"character_chosen":"DEFECT","items_purchased":[],"campfire_rested":1,"item_purchase_floors":[],"current_hp_per_floor":[75,75,75,75,80,45,45,34,41,20,10,10,5,5,31,0],"gold":171,"neow_bonus":"THREE_ENEMY_KILL","is_prod":false,"is_daily":false,"chose_seed":false,"campfire_upgraded":1,"win_rate":0,"timestamp":1540716398,"path_taken":["M","?","$","M","?","E","R","M","T","M","M","?","?","?","R","BOSS"],"build_version":"2018-10-25v2","purchased_purges":1,"victory":false,"max_hp_per_floor":[75,75,75,75,80,80,80,80,87,87,87,87,87,87,87,87],"card_choices":[{"not_picked":["Conserve Battery","Storm","Skim"],"picked":"SKIP","floor":1},{"not_picked":["BootSequence","Redo","Cold Snap"],"picked":"SKIP","floor":2},{"not_picked":["Stack","Cold Snap","Coolheaded"],"picked":"SKIP","floor":4},{"not_picked":["Defragment","Redo"],"picked":"Gash","floor":6},{"not_picked":["Leap","Double Energy","Lockon"],"picked":"SKIP","floor":8},{"not_picked":["Sweeping Beam","Compile Driver","Buffer"],"picked":"SKIP","floor":10},{"not_picked":["Barrage","Turbo"],"picked":"Scrape","floor":11},{"not_picked":["Turbo","Redo","Compile Driver"],"picked":"SKIP","floor":13}],"player_experience":529244,"relics_obtained":[{"floor":6,"key":"PreservedInsect"},{"floor":9,"key":"Strawberry"},{"floor":12,"key":"Mummified Hand"}],"event_choices":[{"damage_healed":0,"gold_gain":0,"player_choice":"Donut","damage_taken":0,"max_hp_gain":5,"max_hp_loss":0,"event_name":"Big Fish","floor":5,"gold_loss":0},{"damage_healed":0,"gold_gain":0,"player_choice":"Ignored","damage_taken":0,"max_hp_gain":0,"max_hp_loss":0,"event_name":"Shining Light","floor":14,"gold_loss":0}],"is_beta":true,"boss_relics":[],"items_purged_floors":[3],"is_endless":false,"potions_floor_spawned":[8,10],"killed_by":"Slime Boss","ascension_level":1}