{"gold_per_floor":[11,21,21,31,46,77,77,90,113,113,129,145,145,161,161,261,261,277,277,552,572,582,614,614,614,614,614],"floor_reached":27,"playtime":1331,"items_purged":[],"score":320,"play_id":"0860f213-6b9e-4af2-bdca-be0ce9f6d183","local_time":"20181205021329","is_ascension_mode":true,"campfire_choices":[{"data":"Zap","floor":7,"key":"SMITH"},{"floor":10,"key":"REST"},{"data":"Hologram","floor":15,"key":"SMITH"},{"floor":25,"key":"REST"}],"neow_cost":"NO_GOLD","seed_source_timestamp":997281666785363,"circlet_count":0,"master_deck":["Strike_B","Strike_B","Strike_B+1","Defend_B","Defend_B","Defend_B","Defend_B","Zap+1","Dualcast","Ball Lightning+1","Rebound","Stack","Echo Form","Swift Strike","FTL","Sweeping Beam","All For One","Steam","Hologram+1","Compile Driver","Fission","Streamline","Go for the Eyes","Regret","Hologram","Skim","Conserve Battery","Blizzard","Shame"],"relics":["Cracked Core","Du-Vu Doll","Whetstone","Strawberry","Cursed Key","Art of War","Letter Opener"],"potions_floor_usage":[8,21,23,23,27],"damage_taken":[{"damage":2,"enemies":"Jaw Worm","floor":1,"turns":4},{"damage":1,"enemies":"Cultist","floor":2,"turns":3},{"damage":1,"enemies":"2 Louse","floor":4,"turns":3},{"damage":6,"enemies":"Lots of Slimes","floor":5,"turns":2},{"damage":24,"enemies":"Gremlin Nob","floor":6,"turns":4},{"damage":8,"enemies":"Red Slaver","floor":8,"turns":2},{"damage":0,"enemies":"2 Fungi Beasts","floor":11,"turns":2},{"damage":5,"enemies":"Gremlin Gang","floor":12,"turns":3},{"damage":3,"enemies":"Blue Slaver","floor":14,"turns":2},{"damage":33,"enemies":"Hexaghost","floor":16,"turns":9},{"damage":21,"enemies":"Chosen","floor":18,"turns":6},{"damage":7,"enemies":"Shell Parasite","floor":21,"turns":3},{"damage":23,"enemies":"Snake Plant","floor":22,"turns":4},{"damage":18,"enemies":"Slavers","floor":23,"turns":4},{"damage":36,"enemies":"Gremlin Leader","floor":27,"turns":6}],"seed_played":"-3029412800326082998","potions_obtained":[{"floor":1,"key":"SkillPotion"},{"floor":2,"key":"EssenceOfSteel"},{"floor":4,"key":"Energy Potion"},{"floor":22,"key":"LiquidBronze"},{"floor":23,"key":"GamblersBrew"}],"is_trial":false,"path_per_floor":["M","M","?","M","M","E","R","M","T","R","M","M","?","M","R","B",null,"M","?","?","M","M","E","?","R","T","E"],"character_chosen":"DEFECT","items_purchased":[],"campfire_rested":2,"item_purchase_floors":[],"current_hp_per_floor":[66,65,65,64,58,34,34,26,33,57,57,52,82,79,79,46,73,52,52,52,45,22,4,4,28,28,0],"gold":614,"neow_bonus":"ONE_RARE_RELIC","is_prod":false,"is_daily":false,"chose_seed":false,"campfire_upgraded":2,"win_rate":0,"timestamp":1543994009,"path_taken":["M","M","?","M","M","E","R","M","T","R","?","M","?","?","R","BOSS","M","?","?","M","?","E","?","R","T","E"],"build_version":"2018-11-15","purchased_purges":0,"victory":false,"max_hp_per_floor":[75,75,75,75,75,75,75,75,82,82,82,82,82,82,82,82,82,82,82,82,82,82,82,82,82,82,82],"card_choices":[{"not_picked":["Scrape","Conserve Battery"],"picked":"Ball Lightning","floor":1},{"not_picked":["Chaos","Doom and Gloom"],"picked":"Rebound","floor":2},{"not_picked":["Storm","Ball Lightning"],"picked":"FTL","floor":4},{"not_picked":["Coolheaded","Hello World"],"picked":"Sweeping Beam","floor":5},{"not_picked":["Leap","Gash"],"picked":"All For One","floor":6},{"not_picked":["Sweeping Beam","Conserve Battery"],"picked":"Steam","floor":8},{"not_picked":["Storm","Turbo"],"picked":"Chaos","floor":11},{"not_picked":["Redo","Skim"],"picked":"Hologram","floor":12},{"not_picked":["Heatsinks","Redo"],"picked":"Compile Driver","floor":14},{"not_picked":["Reboot","Rainbow"],"picked":"Fission","floor":16},{"not_picked":["Coolheaded","Stack+1"],"picked":"Streamline","floor":18},{"not_picked":["Sunder","Chill"],"picked":"Hologram","floor":21},{"not_picked":["Go for the Eyes","Coolheaded"],"picked":"Skim","floor":22},{"not_picked":["Echo Form","Auto Shields"],"picked":"Conserve Battery","floor":23}],"player_experience":357406,"relics_obtained":[{"floor":6,"key":"Whetstone"},{"floor":9,"key":"Strawberry"},{"floor":23,"key":"Art of War"},{"floor":26,"key":"Letter Opener"}],"event_choices":[{"damage_healed":0,"gold_gain":0,"player_choice":"3 cards matched","damage_taken":0,"max_hp_gain":0,"max_hp_loss":0,"event_name":"Match and Keep!","floor":3,"gold_loss":0,"cards_obtained":["Stack","Echo Form","Swift Strike"]},{"cards_removed":["Chaos"],"damage_healed":30,"gold_gain":0,"player_choice":"Offered Uncommon","damage_taken":0,"max_hp_gain":0,"max_hp_loss":0,"event_name":"Bonfire Elementals","floor":13,"gold_loss":0},{"damage_healed":0,"gold_gain":0,"player_choice":"Read","damage_taken":0,"max_hp_gain":0,"max_hp_loss":0,"event_name":"The Library","floor":19,"gold_loss":0,"cards_obtained":["Go for the Eyes"]},{"damage_healed":0,"gold_gain":275,"player_choice":"Desecrate","damage_taken":0,"max_hp_gain":0,"max_hp_loss":0,"event_name":"Golden Shrine","floor":20,"gold_loss":0,"cards_obtained":["Regret"]},{"damage_healed":0,"gold_gain":0,"cards_transformed":["Strike_B"],"player_choice":"Transformed","damage_taken":0,"max_hp_gain":0,"max_hp_loss":0,"event_name":"Transmorgrifier","floor":24,"gold_loss":0,"cards_obtained":["Blizzard"]}],"is_beta":false,"boss_relics":[{"not_picked":["Black Star","Pandora\u0027s Box"],"picked":"Cursed Key"}],"items_purged_floors":[],"is_endless":false,"potions_floor_spawned":[1,2,4,5,22,23],"killed_by":"Gremlin Leader","ascension_level":7}