{"gold_per_floor":[116,116,116,134,144,144,176,176,176,208,226,301,334,346,346,443,443,462,476,476,494,494,494,509,543,543,560,592,235,335,21,21,125,125,136,147,147,195,39,67,67,97,172,172,272,286,206,217,217,217,217,217,47,73,73],"floor_reached":56,"playtime":2653,"items_purged":["Strike_R","Strike_R","Strike_R"],"score":1336,"play_id":"a5b29940-38e1-424c-996f-fb5d9ecc08cf","local_time":"20190109000323","is_ascension_mode":true,"campfire_choices":[{"data":"Bash","floor":6,"key":"SMITH"},{"data":"Metallicize","floor":8,"key":"SMITH"},{"data":"Shockwave","floor":15,"key":"SMITH"},{"data":"Barricade","floor":23,"key":"SMITH"},{"data":"Corruption","floor":32,"key":"SMITH"},{"floor":41,"key":"RECALL"},{"data":"Offering","floor":49,"key":"SMITH"},{"data":"Apotheosis","floor":52,"key":"SMITH"}],"neow_cost":"NONE","seed_source_timestamp":1402418068420276,"circlet_count":0,"master_deck":["Defend_R","Defend_R","Defend_R","Defend_R","Bash+1","Metallicize+1","Iron Wave","Wild Strike","Evolve","Metallicize","Immolate","Corruption+1","Shockwave+1","Barricade+1","Feel No Pain","Shockwave","Uppercut+1","Juggernaut","Body Slam","Flame Barrier","Dark Embrace","Shrug It Off","Offering+1","Battle Trance+1","Body Slam+1","Apotheosis+1","Feel No Pain+1","Pommel Strike+1","Deep Breath"],"relics":["Burning Blood","Centennial Puzzle","Turnip","Ice Cream","Torii","Self Forming Clay","Mark of Pain","Blue Candle","Incense Burner","Vajra","Lantern","Medical Kit","Ginger","The Courier","Letter Opener","Runic Dome","Champion Belt","Charon\u0027s Ashes","Regal Pillow","Pantograph","Girya","Mercury Hourglass"],"potions_floor_usage":[25,27,30,55,55,55],"damage_taken":[{"damage":6,"enemies":"Jaw Worm","floor":1,"turns":4},{"damage":2,"enemies":"2 Louse","floor":4,"turns":3},{"damage":3,"enemies":"Cultist","floor":5,"turns":3},{"damage":25,"enemies":"Lagavulin","floor":7,"turns":7},{"damage":14,"enemies":"Gremlin Nob","floor":10,"turns":5},{"damage":6,"enemies":"Looter","floor":11,"turns":3},{"damage":2,"enemies":"3 Sentries","floor":13,"turns":6},{"damage":0,"enemies":"2 Fungi Beasts","floor":14,"turns":2},{"damage":25,"enemies":"The Guardian","floor":16,"turns":13},{"damage":8,"enemies":"3 Byrds","floor":18,"turns":5},{"damage":11,"enemies":"2 Thieves","floor":19,"turns":4},{"damage":15,"enemies":"Centurion and Healer","floor":21,"turns":7},{"damage":23,"enemies":"Sentry and Sphere","floor":24,"turns":6},{"damage":4,"enemies":"Gremlin Leader","floor":25,"turns":8},{"damage":1,"enemies":"Cultist and Chosen","floor":27,"turns":5},{"damage":9,"enemies":"Book of Stabbing","floor":28,"turns":6},{"damage":15,"enemies":"Colosseum Slavers","floor":30,"turns":5},{"damage":11,"enemies":"Colosseum Nobs","floor":30,"turns":5},{"damage":1,"enemies":"Automaton","floor":33,"turns":7},{"damage":9,"enemies":"3 Darklings","floor":35,"turns":4},{"damage":12,"enemies":"3 Shapes","floor":36,"turns":4},{"damage":8,"enemies":"2 Orb Walkers","floor":38,"turns":3},{"damage":2,"enemies":"Nemesis","floor":40,"turns":5},{"damage":7,"enemies":"Giant Head","floor":42,"turns":3},{"damage":6,"enemies":"Mind Bloom Boss Battle","floor":45,"turns":3},{"damage":1,"enemies":"Writhing Mass","floor":46,"turns":3},{"damage":6,"enemies":"4 Shapes","floor":48,"turns":1},{"damage":16,"enemies":"Donu and Deca","floor":50,"turns":3},{"damage":32,"enemies":"Shield and Spear","floor":54,"turns":3},{"damage":10,"enemies":"The Heart","floor":55,"turns":5}],"seed_played":"-1376679274696761060","potions_obtained":[{"floor":5,"key":"BloodPotion"},{"floor":7,"key":"BloodPotion"},{"floor":11,"key":"Weak Potion"},{"floor":24,"key":"LiquidBronze"},{"floor":25,"key":"GamblersBrew"},{"floor":28,"key":"Swift Potion"},{"floor":30,"key":"FairyPotion"},{"floor":48,"key":"LiquidBronze"}],"is_trial":false,"path_per_floor":["M","?","?","M","M","R","E","R","T","E","M","?","E","M","R","B",null,"M","M","?","M","T","R","M","E","T","M","E","$","?","$","R","B",null,"M","M","?","?","$","E","R","E","T","$","?","M","$","M","R","B",null,"R","$","E","B",null],"character_chosen":"IRONCLAD","items_purchased":["Medical Kit","Dark Embrace","LiquidBronze","Letter Opener","Apotheosis","Deep Breath"],"campfire_rested":0,"item_purchase_floors":[29,29,31,31,39,53],"current_hp_per_floor":[80,80,80,80,80,80,61,61,61,53,53,42,46,52,52,33,80,78,73,73,64,64,64,47,57,57,70,67,67,53,53,53,58,80,77,71,71,69,69,73,73,72,72,72,80,80,80,80,80,70,80,80,80,54,75],"gold":73,"neow_bonus":"RANDOM_COMMON_RELIC","is_prod":false,"is_daily":false,"chose_seed":false,"campfire_upgraded":7,"win_rate":0,"timestamp":1547010203,"path_taken":["M","?","?","?","M","R","E","R","T","E","M","?","E","M","R","BOSS","M","M","?","?","?","R","M","E","T","M","E","?","?","$","R","BOSS","M","M","?","?","$","E","R","E","T","$","?","M","$","M","R","BOSS","R","$","E","BOSS"],"build_version":"2019-01-03v4","purchased_purges":3,"victory":true,"max_hp_per_floor":[80,80,80,80,80,80,80,80,80,80,80,80,80,80,80,80,80,80,80,80,80,80,80,80,80,80,80,80,80,80,80,80,80,80,80,80,80,80,80,80,80,80,80,80,80,80,80,80,80,80,80,80,80,80,80],"card_choices":[{"not_picked":["Sentinel","Headbutt"],"picked":"Wild Strike","floor":1},{"not_picked":["Anger","Cleave"],"picked":"Wild Strike","floor":4},{"not_picked":["Iron Wave","Blood for Blood"],"picked":"Evolve","floor":5},{"not_picked":["Clothesline","Blood for Blood"],"picked":"Metallicize","floor":7},{"not_picked":["Seeing Red","Cleave"],"picked":"Immolate","floor":10},{"not_picked":["True Grit","Whirlwind"],"picked":"Corruption","floor":11},{"not_picked":["True Grit","Sever Soul"],"picked":"Shockwave","floor":13},{"not_picked":["Cleave","Ghostly Armor","Havoc"],"picked":"SKIP","floor":14},{"not_picked":["Bludgeon","Double Tap"],"picked":"Barricade","floor":16},{"not_picked":["Sword Boomerang+1","Perfected Strike"],"picked":"Cleave+1","floor":18},{"not_picked":["Sever Soul","Reckless Charge"],"picked":"Feel No Pain","floor":19},{"not_picked":["Ghostly Armor","Flex"],"picked":"Shockwave","floor":21},{"not_picked":["Flex","Twin Strike+1"],"picked":"Uppercut+1","floor":24},{"not_picked":["Flex","Warcry"],"picked":"Juggernaut","floor":25},{"not_picked":["Rampage","Heavy Blade+1"],"picked":"Body Slam","floor":27},{"not_picked":["Combust","True Grit+1"],"picked":"Flame Barrier","floor":28},{"not_picked":["Rupture","Disarm"],"picked":"Shrug It Off","floor":30},{"not_picked":["Dark Embrace","Feed"],"picked":"Offering","floor":33},{"not_picked":["Headbutt+1","Spot Weakness+1"],"picked":"Battle Trance+1","floor":35},{"not_picked":["Burning Pact+1","Shrug It Off"],"picked":"Body Slam+1","floor":36},{"not_picked":["Sentinel","Havoc+1"],"picked":"Feel No Pain+1","floor":40},{"not_picked":["Heavy Blade","Evolve","Spot Weakness"],"picked":"SKIP","floor":42},{"not_picked":["Flex+1","Second Wind","Reaper"],"picked":"SKIP","floor":46},{"not_picked":["Perfected Strike","Clash"],"picked":"Pommel Strike+1","floor":48},{"not_picked":["Pummel+1","True Grit+1","Heavy Blade+1"],"picked":"SKIP","floor":54}],"player_experience":494102,"relics_obtained":[{"floor":7,"key":"Turnip"},{"floor":9,"key":"Ice Cream"},{"floor":10,"key":"Torii"},{"floor":13,"key":"Self Forming Clay"},{"floor":22,"key":"Incense Burner"},{"floor":25,"key":"Vajra"},{"floor":28,"key":"Lantern"},{"floor":30,"key":"Ginger"},{"floor":30,"key":"The Courier"},{"floor":38,"key":"Champion Belt"},{"floor":40,"key":"Charon\u0027s Ashes"},{"floor":42,"key":"Regal Pillow"},{"floor":43,"key":"Pantograph"},{"floor":45,"key":"Girya"},{"floor":54,"key":"Mercury Hourglass"}],"event_choices":[{"damage_healed":0,"gold_gain":0,"cards_transformed":["Strike_R"],"player_choice":"Change","damage_taken":0,"max_hp_gain":0,"max_hp_loss":0,"event_name":"Living Wall","floor":2,"gold_loss":0,"cards_obtained":["Metallicize"]},{"cards_removed":["Wild Strike"],"damage_healed":0,"gold_gain":0,"player_choice":"Took Card","damage_taken":0,"max_hp_gain":0,"max_hp_loss":0,"event_name":"NoteForYourself","floor":3,"gold_loss":0,"cards_obtained":["Iron Wave"]},{"damage_healed":0,"gold_gain":75,"player_choice":"Gather Gold","damage_taken":11,"max_hp_gain":0,"max_hp_loss":0,"event_name":"World of Goop","floor":12,"gold_loss":0},{"cards_removed":["Cleave"],"damage_healed":0,"gold_gain":0,"player_choice":"Gave Card","damage_taken":0,"relics_obtained":["Blue Candle"],"max_hp_gain":0,"max_hp_loss":0,"event_name":"WeMeetAgain","floor":20,"gold_loss":0},{"damage_healed":0,"gold_gain":0,"player_choice":"Fight","damage_taken":0,"max_hp_gain":0,"max_hp_loss":0,"event_name":"Colosseum","floor":30,"gold_loss":0},{"damage_healed":0,"gold_gain":0,"player_choice":"Fought Nobs","damage_taken":0,"max_hp_gain":0,"max_hp_loss":0,"event_name":"Colosseum","floor":30,"gold_loss":0},{"cards_removed":["Strike_R"],"damage_healed":0,"gold_gain":0,"player_choice":"Removed Attack","damage_taken":0,"max_hp_gain":0,"max_hp_loss":0,"event_name":"Falling","floor":37,"gold_loss":0},{"damage_healed":0,"gold_gain":0,"player_choice":"Fight","damage_taken":0,"max_hp_gain":0,"max_hp_loss":0,"event_name":"Mysterious Sphere","floor":38,"gold_loss":0},{"damage_healed":0,"gold_gain":0,"player_choice":"Fight","damage_taken":0,"max_hp_gain":0,"max_hp_loss":0,"event_name":"MindBloom","floor":45,"gold_loss":0}],"is_beta":false,"boss_relics":[{"not_picked":["Tiny House","Black Blood"],"picked":"Mark of Pain"},{"not_picked":["Runic Pyramid","Black Star"],"picked":"Runic Dome"}],"items_purged_floors":[31,47,53],"is_endless":false,"potions_floor_spawned":[5,7,11,14,24,25,28,30,30,36,40,45,46,48,54],"ascension_level":1}