{"gold_per_floor":[213,224,224,237,337,337,348,367,367,166,180,180,194,214,214,214],"floor_reached":16,"playtime":5181,"items_purged":["Defend_R"],"score":96,"play_id":"1378bc5f-6d87-4092-8d0b-c50616bd841b","local_time":"20190201195804","is_ascension_mode":false,"campfire_choices":[{"data":"True Grit","floor":6,"key":"SMITH"},{"data":"True Grit","floor":12,"key":"SMITH"},{"data":"Strike_R","floor":15,"key":"SMITH"}],"neow_cost":"NONE","seed_source_timestamp":511596727328516,"circlet_count":0,"master_deck":["Strike_R","Strike_R","Strike_R","Strike_R+1","Defend_R","Defend_R","Defend_R","Bash","True Grit+1","Iron Wave","True Grit+1","Iron Wave","Ghostly Armor","Warcry"],"relics":["Burning Blood","Frozen Egg 2"],"potions_floor_usage":[11,16,16,16],"damage_taken":[{"damage":2,"enemies":"Small Slimes","floor":1,"turns":4},{"damage":1,"enemies":"Cultist","floor":2,"turns":3},{"damage":5,"enemies":"2 Louse","floor":4,"turns":3},{"damage":6,"enemies":"Looter","floor":7,"turns":3},{"damage":4,"enemies":"Exordium Thugs","floor":8,"turns":6},{"damage":0,"enemies":"Large Slime","floor":11,"turns":4},{"damage":6,"enemies":"Red Slaver","floor":13,"turns":5},{"damage":8,"enemies":"Exordium Wildlife","floor":14,"turns":7},{"damage":91,"enemies":"Hexaghost","floor":16,"turns":16}],"seed_played":"6113563075708115056","potions_obtained":[{"floor":4,"key":"SkillPotion"},{"floor":8,"key":"AttackPotion"},{"floor":11,"key":"BloodPotion"}],"is_trial":false,"path_per_floor":["M","M","?","M","?","R","M","M","T","$","M","R","M","M","R","B"],"character_chosen":"IRONCLAD","items_purchased":["Ghostly Armor","Block Potion"],"campfire_rested":0,"item_purchase_floors":[10,10],"current_hp_per_floor":[80,80,73,74,74,74,74,76,76,76,80,80,80,78,78,0],"gold":214,"neow_bonus":"HUNDRED_GOLD","is_prod":false,"is_daily":false,"chose_seed":false,"campfire_upgraded":3,"win_rate":0.0,"timestamp":1549069084,"path_taken":["M","M","?","M","?","R","?","M","T","$","M","R","M","M","R","BOSS"],"build_version":"2019-01-23","purchased_purges":1,"victory":false,"max_hp_per_floor":[80,80,80,80,80,80,80,80,80,80,80,80,80,80,80,80],"card_choices":[{"not_picked":["Inflame","Armaments"],"picked":"True Grit","floor":1},{"not_picked":["Reckless Charge","Pummel"],"picked":"Iron Wave","floor":2},{"not_picked":["Metallicize","Uppercut"],"picked":"True Grit","floor":4},{"not_picked":["True Grit","Whirlwind"],"picked":"Iron Wave","floor":7},{"not_picked":["Cleave","Clash","Flex"],"picked":"SKIP","floor":8},{"not_picked":["Sword Boomerang","Heavy Blade","Flex"],"picked":"SKIP","floor":11},{"not_picked":["Battle Trance","Clash"],"picked":"Warcry","floor":13},{"not_picked":["True Grit","Pommel Strike","Cleave"],"picked":"SKIP","floor":14}],"player_experience":29876,"relics_obtained":[{"floor":9,"key":"Frozen Egg 2"}],"event_choices":[{"cards_removed":["Strike_R"],"damage_healed":0,"gold_gain":0,"player_choice":"Card Removal","damage_taken":7,"max_hp_gain":0,"max_hp_loss":0,"event_name":"Golden Wing","floor":3,"gold_loss":0},{"damage_healed":0,"gold_gain":100,"player_choice":"Pray","damage_taken":0,"max_hp_gain":0,"max_hp_loss":0,"event_name":"Golden Shrine","floor":5,"gold_loss":0}],"is_beta":false,"boss_relics":[],"items_purged_floors":[10],"is_endless":false,"potions_floor_spawned":[4,8,11,14],"killed_by":"Hexaghost","ascension_level":0}