{"gold_per_floor":[218,233,251,61,61,61,75,100,154,179,79,107,119,137,137,238,238,252,252,202,217,235,235,262,275,298,309,329,329],"floor_reached":29,"playtime":1294,"items_purged":["Strike_R"],"score":378,"play_id":"3733deb8-28cc-40b7-a763-448e8cdcd214","local_time":"20181127011009","is_ascension_mode":true,"campfire_choices":[{"data":"Whirlwind","floor":6.0,"key":"SMITH"},{"data":"Armaments","floor":15.0,"key":"SMITH"},{"data":"Double Tap","floor":23,"key":"SMITH"}],"neow_cost":"NONE","seed_source_timestamp":0,"circlet_count":0,"master_deck":["Defend_R+1","Defend_R","Defend_R","Defend_R+1","Bash","Whirlwind+1","Thunderclap","Clothesline","Armaments+1","Inflame","Warcry","Warcry","Inflame","Flex","Headbutt","Double Tap+1","Metallicize+1","Bite","Bite","Bite","Bite","Bite","Sword Boomerang","Anger","Cleave","Pommel Strike+1","Shrug It Off+1","Flame Barrier"],"special_seed":0,"relics":["Burning Blood","Sling","Shuriken","Omamori","War Paint","Orichalcum","Bronze Scales","Black Star","Dodecahedron","Darkstone Periapt","Juzu Bracelet"],"potions_floor_usage":[22,24,25,28,29,29,29],"damage_taken":[{"damage":4.0,"enemies":"Jaw Worm","floor":1.0,"turns":6.0},{"damage":6.0,"enemies":"Cultist","floor":2.0,"turns":3.0},{"damage":8.0,"enemies":"Small Slimes","floor":3.0,"turns":4.0},{"damage":11.0,"enemies":"Red Slaver","floor":7.0,"turns":3.0},{"damage":22.0,"enemies":"Gremlin Nob","floor":8.0,"turns":4.0},{"damage":20.0,"enemies":"Lagavulin","floor":10.0,"turns":4.0},{"damage":0.0,"enemies":"Gremlin Nob","floor":12.0,"turns":2.0},{"damage":3.0,"enemies":"Blue Slaver","floor":13.0,"turns":4.0},{"damage":0.0,"enemies":"2 Fungi Beasts","floor":14.0,"turns":1.0},{"damage":26.0,"enemies":"Hexaghost","floor":16.0,"turns":8.0},{"damage":11.0,"enemies":"3 Byrds","floor":18.0,"turns":3.0},{"damage":16,"enemies":"Shell Parasite","floor":21,"turns":5},{"damage":0,"enemies":"Snake Plant","floor":22,"turns":4},{"damage":55,"enemies":"Slavers","floor":24,"turns":4},{"damage":7,"enemies":"Chosen and Byrds","floor":25,"turns":4},{"damage":1,"enemies":"Sentry and Sphere","floor":27,"turns":3},{"damage":30,"enemies":"Snake Plant","floor":28,"turns":4},{"damage":16,"enemies":"Book of Stabbing","floor":29,"turns":4}],"seed_played":"5232002315827377263","potions_obtained":[{"floor":1.0,"key":"LiquidBronze"},{"floor":7.0,"key":"Energy Potion"},{"floor":10.0,"key":"Explosive Potion"},{"floor":12.0,"key":"SkillPotion"},{"floor":16.0,"key":"Swift Potion"},{"floor":22,"key":"Strength Potion"},{"floor":25,"key":"Dexterity Potion"},{"floor":27,"key":"SkillPotion"},{"floor":28,"key":"GamblersBrew"}],"is_trial":false,"path_per_floor":["M","M","M","$","?","R","M","E","T","E","$","E","M","M","R","B",null,"M","M","?","?","M","M","R","E","M","T","M","M","E"],"character_chosen":"IRONCLAD","items_purchased":["Sling","Warcry"],"campfire_rested":0,"item_purchase_floors":[4,11],"current_hp_per_floor":[80,80,78,78,78,78,73,57,57,43,43,49,52,58,58,38,80,75,56,56,50,56,56,11,16,16,26,14,0],"gold":329,"neow_bonus":"HUNDRED_GOLD","is_prod":false,"is_daily":false,"chose_seed":false,"campfire_upgraded":3,"win_rate":0,"timestamp":1543299009,"path_taken":["M","M","M","$","?","R","M","E","T","E","$","E","M","?","R","BOSS","M","?","?","M","?","R","E","M","T","M","M","E"],"build_version":"2018-11-15","purchased_purges":1,"victory":false,"max_hp_per_floor":[80,80,80,80,80,80,80,80,80,80,80,80,80,80,80,80,80,80,56,56,56,56,56,56,56,56,56,56,56],"card_choices":[{"not_picked":["Warcry","Perfected Strike"],"picked":"Whirlwind","floor":1.0},{"not_picked":["Sword Boomerang","Whirlwind"],"picked":"Thunderclap","floor":2.0},{"not_picked":["Disarm","Clash"],"picked":"Clothesline","floor":3.0},{"not_picked":["Battle Trance","Thunderclap"],"picked":"Armaments","floor":7.0},{"not_picked":["Carnage","Entrench"],"picked":"Inflame","floor":8.0},{"not_picked":["Clothesline","Offering"],"picked":"Warcry","floor":10.0},{"not_picked":["Clothesline","Bludgeon"],"picked":"Inflame","floor":12.0},{"not_picked":["Searing Blow","Fire Breathing"],"picked":"Flex","floor":13.0},{"not_picked":["Sword Boomerang","Warcry"],"picked":"Headbutt","floor":14.0},{"not_picked":["Offering","Bludgeon"],"picked":"Double Tap","floor":16.0},{"not_picked":["Dual Wield+1","Iron Wave"],"picked":"Metallicize+1","floor":18},{"not_picked":["Warcry","Havoc+1"],"picked":"Sword Boomerang","floor":21},{"not_picked":["True Grit","Combust"],"picked":"Anger","floor":22},{"not_picked":["Body Slam","Intimidate"],"picked":"Cleave","floor":24},{"not_picked":["Wild Strike+1","Cleave"],"picked":"Pommel Strike+1","floor":25},{"not_picked":["Carnage","Fire Breathing"],"picked":"Shrug It Off+1","floor":27},{"not_picked":["Sword Boomerang","Clash"],"picked":"Flame Barrier","floor":28}],"player_experience":314350,"relics_obtained":[{"floor":8.0,"key":"Omamori"},{"floor":9.0,"key":"War Paint"},{"floor":10.0,"key":"Orichalcum"},{"floor":12.0,"key":"Bronze Scales"},{"floor":24,"key":"Dodecahedron"},{"floor":24,"key":"Darkstone Periapt"},{"floor":26,"key":"Juzu Bracelet"}],"event_choices":[{"damage_healed":0.0,"max_hp_gain":0.0,"max_hp_loss":0.0,"gold_gain":0.0,"event_name":"WeMeetAgain","player_choice":"Gave Potion","floor":5.0,"gold_loss":0.0,"damage_taken":0.0,"relics_obtained":["Shuriken"]},{"damage_healed":0,"gold_gain":0,"player_choice":"Became a vampire","damage_taken":0,"max_hp_gain":0,"max_hp_loss":24,"event_name":"Vampires","floor":19,"gold_loss":0,"cards_obtained":["Bite","Bite","Bite","Bite","Bite"]},{"damage_healed":0,"gold_gain":0,"player_choice":"Bet on Murderer","damage_taken":0,"max_hp_gain":0,"max_hp_loss":0,"event_name":"The Joust","floor":20,"gold_loss":50}],"is_beta":false,"boss_relics":[{"not_picked":["Lizard Tail","Black Blood"],"picked":"Black Star"}],"items_purged_floors":[11],"is_endless":false,"potions_floor_spawned":[1,7,10,12,16,22,25,27,28],"killed_by":"Book of Stabbing","ascension_level":4}