{"gold_per_floor":[113,129,139,139,139,139,163,163,163,198,221,221,241,264,264,394,394,409,118,118,43,43,43,53,87,155,173,203,203,203,237,237,340,340,358,358,358,358,358,358,393,393,416,442,142,153,169,391,391,391,391,391,80,114,114],"floor_reached":56,"playtime":5309,"items_purged":["Pain","Strike_G","Strike_G"],"score":1641,"play_id":"4145ca08-3fbb-4569-81bf-7fa3e77cf4bf","local_time":"20190207132628","is_ascension_mode":true,"campfire_choices":[{"floor":6,"key":"REST"},{"floor":8,"key":"REST"},{"floor":15,"key":"REST"},{"floor":23,"key":"REST"},{"floor":30,"key":"REST"},{"floor":32,"key":"RECALL"},{"floor":40,"key":"REST"},{"floor":42,"key":"REST"},{"floor":49,"key":"REST"},{"floor":52,"key":"REST"}],"neow_cost":"PERCENT_DAMAGE","seed_source_timestamp":1111687067496780,"circlet_count":0,"master_deck":["Defend_G+1","Defend_G","Defend_G","Defend_G+1","Defend_G","Strike_G","Strike_G","Strike_G+1","Survivor","Neutralize+1","Discovery","Impatience","Sucker Punch","Cloak And Dagger","Leg Sweep","Backstab","Backstab","PiercingWail+1","Footwork","After Image","Dodge and Roll+1","PiercingWail+1","Backflip+1","Deflect+1","Deflect+1","Quick Slash","Bouncing Flask+1","A Thousand Cuts+1","Prepared+1","After Image+1","Deadly Poison+1","Deep Breath+1","Mind Blast","Transmutation+1","Dark Shackles+1","Backflip+1","Leg Sweep+1","Cloak And Dagger+1","Blade Dance+1","PiercingWail+1","Well Laid Plans+1","Dark Shackles+1","PiercingWail+1"],"relics":["Ring of the Snake","Bloody Idol","Toxic Egg 2","Darkstone Periapt","WarpedTongs","Fusion Hammer","Art of War","Juzu Bracelet","Bronze Scales","Frozen Egg 2","Red Mask","Nilry\u0027s Codex","Torii","Sozu","Spirit Poop","Anchor","Ancient Tea Set","Lantern","War Paint"],"potions_floor_usage":[31,33,41,44],"damage_taken":[{"damage":0,"enemies":"Jaw Worm","floor":1,"turns":5},{"damage":6,"enemies":"2 Louse","floor":2,"turns":2},{"damage":7,"enemies":"Small Slimes","floor":3,"turns":3},{"damage":0,"enemies":"Red Slaver","floor":7,"turns":3},{"damage":26,"enemies":"Lagavulin","floor":10,"turns":12},{"damage":0,"enemies":"Looter","floor":11,"turns":4},{"damage":10,"enemies":"Blue Slaver","floor":13,"turns":2},{"damage":9,"enemies":"Exordium Thugs","floor":14,"turns":6},{"damage":35,"enemies":"The Guardian","floor":16,"turns":21},{"damage":4,"enemies":"Shell Parasite","floor":18,"turns":6},{"damage":5,"enemies":"2 Thieves","floor":24,"turns":5},{"damage":1,"enemies":"Book of Stabbing","floor":25,"turns":12},{"damage":8,"enemies":"Snake Plant","floor":27,"turns":6},{"damage":7,"enemies":"Masked Bandits","floor":28,"turns":5},{"damage":14,"enemies":"Slavers","floor":31,"turns":5},{"damage":45,"enemies":"Champ","floor":33,"turns":12},{"damage":0,"enemies":"Orb Walker","floor":35,"turns":3},{"damage":22,"enemies":"Reptomancer","floor":41,"turns":5},{"damage":1,"enemies":"Nemesis","floor":44,"turns":7},{"damage":0,"enemies":"3 Darklings","floor":46,"turns":5},{"damage":0,"enemies":"4 Shapes","floor":47,"turns":5},{"damage":14,"enemies":"Donu and Deca","floor":50,"turns":9},{"damage":12,"enemies":"Shield and Spear","floor":54,"turns":5},{"damage":60,"enemies":"The Heart","floor":55,"turns":12}],"seed_played":"3077313941458011789","potions_obtained":[{"floor":3,"key":"GamblersBrew"},{"floor":7,"key":"GhostInAJar"},{"floor":10,"key":"FearPotion"},{"floor":13,"key":"PowerPotion"},{"floor":18,"key":"Weak Potion"},{"floor":31,"key":"SteroidPotion"}],"is_trial":false,"path_per_floor":["M","M","M","?","?","R","M","R","T","E","M","?","M","M","R","B",null,"M","$","?","$","?","R","M","E","T","M","?","?","R","E","R","B",null,"M","?","?","?","?","R","E","R","T","E","$","M","M","?","R","B",null,"R","$","E","B",null],"character_chosen":"THE_SILENT","items_purchased":["Dodge and Roll+1","PiercingWail+1","Art of War","Backflip+1","Deflect+1","Lantern","Cloak And Dagger+1","PiercingWail+1","Well Laid Plans+1","Dark Shackles+1"],"campfire_rested":9,"item_purchase_floors":[19,19,19,21,21,45,45,53,53,53],"current_hp_per_floor":[45,39,32,32,19,38,38,57,57,31,31,37,27,18,39,4,54,50,50,50,50,56,77,77,77,77,74,72,56,77,68,68,28,65,70,60,60,60,60,73,56,73,73,73,73,73,73,73,73,59,70,73,73,66,6],"gold":114,"neow_bonus":"RANDOM_COLORLESS_2","is_prod":false,"is_daily":false,"chose_seed":false,"campfire_upgraded":0,"win_rate":0,"timestamp":1549542388,"path_taken":["M","M","M","?","?","R","M","R","T","E","M","?","?","M","R","BOSS","M","$","?","$","?","R","M","E","T","M","?","?","R","E","R","BOSS","M","?","?","?","?","R","E","R","T","E","$","M","M","?","R","BOSS","R","$","E","BOSS"],"build_version":"2019-01-23","purchased_purges":3,"victory":true,"max_hp_per_floor":[70,70,70,65,65,65,65,65,65,65,65,71,71,71,71,71,71,71,71,71,71,77,77,77,77,77,77,77,77,77,77,77,77,77,77,77,77,73,73,73,73,73,73,73,73,73,73,73,73,73,73,73,73,73,73],"card_choices":[{"not_picked":["Poisoned Stab","Underhanded Strike"],"picked":"Sucker Punch","floor":1},{"not_picked":["Sucker Punch","Setup"],"picked":"Cloak And Dagger","floor":2},{"not_picked":["Backflip","Poisoned Stab"],"picked":"Leg Sweep","floor":3},{"not_picked":["Finisher","Underhanded Strike","Dagger Throw"],"picked":"SKIP","floor":7},{"not_picked":["Distraction+1","Slice"],"picked":"Backstab","floor":10},{"not_picked":["Blade Dance+1","Quick Slash"],"picked":"Backstab","floor":11},{"not_picked":["Deflect+1","Flying Knee"],"picked":"PiercingWail+1","floor":13},{"not_picked":["All Out Attack","Dodge and Roll+1"],"picked":"Footwork","floor":14},{"not_picked":["Grand Finale","Malaise+1"],"picked":"After Image","floor":16},{"not_picked":["Flechettes","Poisoned Stab+1","Dagger Throw+1"],"picked":"SKIP","floor":18},{"not_picked":["Cloak And Dagger+1","Calculated Gamble+1"],"picked":"Deflect+1","floor":24},{"not_picked":["Reflex+1","Dash"],"picked":"Quick Slash","floor":25},{"not_picked":["Outmaneuver+1","Prepared+1"],"picked":"Bouncing Flask+1","floor":27},{"not_picked":["Noxious Fumes+1","Prepared+1"],"picked":"A Thousand Cuts+1","floor":28},{"not_picked":["Masterful Stab+1","Distraction+1"],"picked":"Prepared+1","floor":31},{"not_picked":["Glass Knife","A Thousand Cuts+1"],"picked":"After Image+1","floor":33},{"not_picked":["Quick Slash","Prepared+1"],"picked":"Deadly Poison+1","floor":35},{"not_picked":["Forethought+1","Madness+1"],"picked":"Deep Breath+1","floor":36},{"not_picked":["Jack Of All Trades+1","Purity+1"],"picked":"Mind Blast","floor":36},{"not_picked":["Bandage Up+1","Panache+1"],"picked":"Transmutation+1","floor":36},{"not_picked":["Bane","Masterful Stab"],"picked":"Backflip+1","floor":41},{"not_picked":["Eviscerate","Underhanded Strike+1"],"picked":"Leg Sweep+1","floor":44},{"not_picked":["Acrobatics+1","Prepared+1"],"picked":"Blade Dance+1","floor":46},{"not_picked":["Underhanded Strike+1","Malaise+1","Calculated Gamble+1"],"picked":"SKIP","floor":47},{"not_picked":["Sucker Punch","Concentrate+1"],"picked":"PiercingWail+1","floor":54}],"player_experience":268440,"relics_obtained":[{"floor":9,"key":"Toxic Egg 2"},{"floor":10,"key":"Darkstone Periapt"},{"floor":25,"key":"Bronze Scales"},{"floor":26,"key":"Frozen Egg 2"},{"floor":28,"key":"Red Mask"},{"floor":29,"key":"Nilry\u0027s Codex"},{"floor":31,"key":"Torii"},{"floor":41,"key":"Anchor"},{"floor":44,"key":"Ancient Tea Set"},{"floor":54,"key":"War Paint"}],"event_choices":[{"damage_healed":0,"gold_gain":0,"player_choice":"Lose Max HP","damage_taken":0,"relics_obtained":["Golden Idol"],"max_hp_gain":0,"max_hp_loss":5,"event_name":"Golden Idol","floor":4,"gold_loss":0},{"damage_healed":0,"gold_gain":0,"player_choice":"Entered Light","damage_taken":13,"max_hp_gain":0,"max_hp_loss":0,"event_name":"Shining Light","floor":5,"gold_loss":0,"cards_upgraded":["Strike_G","Neutralize"]},{"damage_healed":0,"gold_gain":0,"player_choice":"Rummage","damage_taken":0,"relics_obtained":["WarpedTongs"],"max_hp_gain":0,"max_hp_loss":0,"event_name":"Accursed Blacksmith","floor":12,"gold_loss":0,"cards_obtained":["Pain"]},{"damage_healed":0,"gold_gain":0,"player_choice":"Gave Idol","damage_taken":0,"relics_obtained":["Bloody Idol"],"max_hp_gain":0,"max_hp_loss":0,"event_name":"Forgotten Altar","floor":20,"relics_lost":["Golden Idol"],"gold_loss":0},{"damage_healed":0,"gold_gain":0,"player_choice":"Stole Relic","damage_taken":0,"relics_obtained":["Juzu Bracelet"],"max_hp_gain":0,"max_hp_loss":0,"event_name":"Addict","floor":22,"gold_loss":0,"cards_obtained":["Shame"]},{"damage_healed":0,"gold_gain":0,"player_choice":"Fought Bandits","damage_taken":0,"max_hp_gain":0,"max_hp_loss":0,"event_name":"Masked Bandits","floor":28,"gold_loss":0},{"damage_healed":0,"gold_gain":0,"player_choice":"Obtained Book","damage_taken":16,"max_hp_gain":0,"max_hp_loss":0,"event_name":"Cursed Tome","floor":29,"gold_loss":0},{"damage_healed":0,"gold_gain":0,"player_choice":"Memory 3","damage_taken":10,"max_hp_gain":0,"max_hp_loss":0,"event_name":"SensoryStone","floor":36,"gold_loss":0},{"cards_removed":["Shame"],"damage_healed":0,"gold_gain":0,"player_choice":"Offered Curse","damage_taken":0,"relics_obtained":["Spirit Poop"],"max_hp_gain":0,"max_hp_loss":0,"event_name":"Bonfire Elementals","floor":37,"gold_loss":0},{"damage_healed":0,"gold_gain":0,"player_choice":"Max HP","damage_taken":0,"max_hp_gain":0,"max_hp_loss":4,"event_name":"Winding Halls","floor":38,"gold_loss":0},{"damage_healed":0,"gold_gain":0,"player_choice":"1 cards matched","damage_taken":0,"max_hp_gain":0,"max_hp_loss":0,"event_name":"Match and Keep!","floor":39,"gold_loss":0,"cards_obtained":["Dark Shackles"]},{"damage_healed":0,"gold_gain":0,"player_choice":"1 cards matched","damage_taken":0,"max_hp_gain":0,"max_hp_loss":0,"event_name":"Match and Keep!","floor":39,"gold_loss":0,"cards_obtained":["Dark Shackles"]},{"damage_healed":0,"gold_gain":222,"player_choice":"Wore Mask","damage_taken":0,"max_hp_gain":0,"max_hp_loss":0,"event_name":"Tomb of Lord Red Mask","floor":48,"gold_loss":0}],"is_beta":false,"boss_relics":[{"not_picked":["Calling Bell","Ring of the Serpent"],"picked":"Fusion Hammer"},{"not_picked":["Snecko Eye","Lizard Tail"],"picked":"Sozu"}],"items_purged_floors":[19,45,53],"is_endless":false,"potions_floor_spawned":[3,7,10,13,18,25,31,41,44,46,54],"ascension_level":8}