{"gold_per_floor":[115,30,30,42,117,117,132,132,132,132,132,32,32,8,8,107,157,167,184,72,84,1,1,33,44,44,44,44],"floor_reached":28,"playtime":1510,"items_purged":["Strike_G"],"score":336,"play_id":"5f9128da-276c-4190-96a9-73527dda837f","local_time":"20181209194439","is_ascension_mode":true,"campfire_choices":[{"floor":6,"key":"REST"},{"floor":8,"key":"REST"},{"data":"Underhanded Strike","floor":10,"key":"SMITH"},{"floor":15,"key":"REST"},{"floor":23,"key":"REST"}],"neow_cost":"NONE","seed_source_timestamp":764859747401067,"circlet_count":0,"master_deck":["AscendersBane","Defend_G","Defend_G","Defend_G","Defend_G","Defend_G","Strike_G","Strike_G+1","Survivor","Neutralize","Backflip","Underhanded Strike+1","Noxious Fumes+1","Dagger Spray","Burst+1","Flying Knee","Skewer","Underhanded Strike","A Thousand Cuts","Flying Knee","Dash+1","Eviscerate","Noxious Fumes","Predator","Outmaneuver+1","Backflip"],"relics":["Snecko Eye","Dodecahedron","Tiny House","Letter Opener","Potion Belt"],"potions_floor_usage":[16,18,19,25],"damage_taken":[{"damage":10,"enemies":"Jaw Worm","floor":1,"turns":6},{"damage":1,"enemies":"2 Louse","floor":4,"turns":3},{"damage":0,"enemies":"Cultist","floor":7,"turns":4},{"damage":46,"enemies":"The Guardian","floor":16,"turns":10},{"damage":8,"enemies":"2 Thieves","floor":18,"turns":4},{"damage":1,"enemies":"Spheric Guardian","floor":19,"turns":3},{"damage":26,"enemies":"Shelled Parasite and Fungi","floor":21,"turns":4},{"damage":7,"enemies":"Gremlin Leader","floor":24,"turns":5},{"damage":28,"enemies":"Snake Plant","floor":25,"turns":4},{"damage":28,"enemies":"Chosen and Byrds","floor":28,"turns":4}],"seed_played":"4889848610047270578","potions_obtained":[{"floor":1,"key":"Block Potion"},{"floor":16,"key":"EssenceOfSteel"},{"floor":17,"key":"Poison Potion"},{"floor":19,"key":"Poison Potion"},{"floor":24,"key":"Explosive Potion"},{"floor":25,"key":"Strength Potion"}],"is_trial":false,"path_per_floor":["M","$","?","M","?","R","M","R","T","R","?","$","?","$","R","B",null,"M","M","$","M","?","R","E","M","T","$","M"],"character_chosen":"THE_SILENT","items_purchased":["Underhanded Strike","Noxious Fumes","Flying Knee","Underhanded Strike","Eviscerate","Noxious Fumes"],"campfire_rested":4,"item_purchase_floors":[2,2,12,14,20,20],"current_hp_per_floor":[53,53,46,45,34,55,55,70,70,70,56,56,56,56,70,24,64,56,55,55,29,29,51,44,16,16,16,0],"gold":44,"neow_bonus":"BOSS_RELIC","is_prod":false,"is_daily":false,"chose_seed":false,"campfire_upgraded":1,"win_rate":0,"timestamp":1544384679,"path_taken":["M","$","?","M","?","R","M","R","T","R","?","$","?","$","R","BOSS","M","M","$","M","?","R","E","M","T","$","?"],"build_version":"2018-12-06","purchased_purges":1,"victory":false,"max_hp_per_floor":[70,70,70,70,70,70,70,70,70,70,70,70,70,70,70,70,75,75,75,75,75,75,75,75,75,75,75,75],"card_choices":[{"not_picked":["Catalyst","PiercingWail"],"picked":"Backflip","floor":1},{"not_picked":["Flying Knee","Slice"],"picked":"Dagger Spray","floor":4},{"not_picked":["Expertise","Acrobatics"],"picked":"Burst","floor":7},{"not_picked":["Wraith Form v2","Burst"],"picked":"A Thousand Cuts","floor":16},{"not_picked":["Poisoned Stab","Sucker Punch"],"picked":"Flying Knee","floor":17},{"not_picked":["Quick Slash+1","Heel Hook+1","Slice"],"picked":"SKIP","floor":18},{"not_picked":["Cloak And Dagger+1","Grand Finale"],"picked":"Dash+1","floor":19},{"not_picked":["Outmaneuver+1","Eviscerate"],"picked":"Predator","floor":21},{"not_picked":["Flying Knee","Blade Dance"],"picked":"Outmaneuver+1","floor":24},{"not_picked":["Dagger Spray","Sucker Punch"],"picked":"Backflip","floor":25}],"player_experience":1003992,"relics_obtained":[{"floor":9,"key":"Dodecahedron"},{"floor":24,"key":"Potion Belt"}],"event_choices":[{"cards_removed":["Strike_G"],"damage_healed":0,"gold_gain":0,"player_choice":"Card Removal","damage_taken":7,"max_hp_gain":0,"max_hp_loss":0,"event_name":"Golden Wing","floor":3,"gold_loss":0},{"damage_healed":0,"gold_gain":75,"player_choice":"Gather Gold","damage_taken":11,"max_hp_gain":0,"max_hp_loss":0,"event_name":"World of Goop","floor":5,"gold_loss":0},{"damage_healed":0,"gold_gain":0,"player_choice":"Entered Light","damage_taken":14,"max_hp_gain":0,"max_hp_loss":0,"event_name":"Shining Light","floor":11,"gold_loss":0,"cards_upgraded":["Noxious Fumes","Strike_G"]},{"damage_healed":0,"gold_gain":0,"cards_transformed":["Strike_G"],"player_choice":"Change","damage_taken":0,"max_hp_gain":0,"max_hp_loss":0,"event_name":"Living Wall","floor":13,"gold_loss":0,"cards_obtained":["Skewer"]},{"damage_healed":0,"gold_gain":0,"player_choice":"Paid Gold","damage_taken":0,"relics_obtained":["Letter Opener"],"max_hp_gain":0,"max_hp_loss":0,"event_name":"WeMeetAgain","floor":22,"gold_loss":83}],"is_beta":false,"boss_relics":[{"not_picked":["Coffee Dripper","Philosopher\u0027s Stone"],"picked":"Tiny House"}],"items_purged_floors":[12],"is_endless":false,"potions_floor_spawned":[1,16,19,24,25],"killed_by":"Chosen and Byrds","ascension_level":10}