{"gold_per_floor":[110,128,128,149,149,149,74,74,120,195,195,245,520,538,538,663,663,688,397,440,47,60,60,80,111,137,137,137,262,262,262,262,388,388,404,404,404,476,494,508,730,730,730,745,768,801,6,26,26,26],"floor_reached":51,"playtime":2850,"items_purged":["Strike_R","Strike_R","Defend_R","Defend_R"],"score":907,"play_id":"2de0b772-940a-455b-a768-9175abf208b7","local_time":"20190128160316","is_ascension_mode":true,"campfire_choices":[{"data":"Bash","floor":6,"key":"SMITH"},{"data":"Strike_R","floor":8,"key":"SMITH"},{"floor":11,"key":"REST"},{"data":"Dropkick","floor":15,"key":"SMITH"},{"data":"Beam Cell","floor":23,"key":"SMITH"},{"data":"True Grit","floor":27,"key":"SMITH"},{"data":"Immolate","floor":30,"key":"SMITH"},{"data":"Grand Finale","floor":32,"key":"SMITH"},{"data":"Impervious","floor":42,"key":"SMITH"},{"floor":49,"key":"REST"}],"neow_cost":"NONE","seed_source_timestamp":16458520623515,"circlet_count":0,"master_deck":["Strike_R","Strike_R+1","Defend_R","Defend_R","Bash+1","Dropkick+1","Immolate+1","True Grit+1","Beam Cell+1","Evolve","Seeing Red+1","Grand Finale+1","Impervious+1","Auto Shields+1","Offering","White Noise+1","Good Instincts+1"],"relics":["Burning Blood","NeowsBlessing","Golden Idol","Bronze Scales","Lantern","Omamori","Runic Pyramid","PrismaticShard","Red Mask","Medical Kit","Singing Bowl","Art of War","Charon\u0027s Ashes","Gremlin Horn","Cursed Key","The Courier","MawBank","Membership Card","Regal Pillow","Blood Vial","FossilizedHelix","Calipers","Mummified Hand","Gambling Chip"],"potions_floor_usage":[16,20,29,29,33,50,50],"damage_taken":[{"damage":0,"enemies":"Small Slimes","floor":1,"turns":1},{"damage":0,"enemies":"2 Louse","floor":2,"turns":1},{"damage":0,"enemies":"Cultist","floor":4,"turns":1},{"damage":11,"enemies":"Blue Slaver","floor":14,"turns":3},{"damage":25,"enemies":"Slime Boss","floor":16,"turns":8},{"damage":15,"enemies":"3 Byrds","floor":18,"turns":2},{"damage":0,"enemies":"Masked Bandits","floor":20,"turns":2},{"damage":16,"enemies":"Shell Parasite","floor":22,"turns":4},{"damage":6,"enemies":"Cultist and Chosen","floor":24,"turns":4},{"damage":12,"enemies":"Gremlin Leader","floor":25,"turns":4},{"damage":1,"enemies":"Colosseum Slavers","floor":29,"turns":4},{"damage":0,"enemies":"Colosseum Nobs","floor":29,"turns":1},{"damage":34,"enemies":"Champ","floor":33,"turns":7},{"damage":3,"enemies":"3 Darklings","floor":35,"turns":3},{"damage":0,"enemies":"3 Shapes","floor":39,"turns":2},{"damage":29,"enemies":"Writhing Mass","floor":40,"turns":3},{"damage":14,"enemies":"Spire Growth","floor":44,"turns":4},{"damage":6,"enemies":"Jaw Worm Horde","floor":45,"turns":3},{"damage":7,"enemies":"Reptomancer","floor":46,"turns":3},{"damage":18,"enemies":"Transient","floor":48,"turns":5},{"damage":18,"enemies":"Time Eater","floor":50,"turns":7}],"seed_played":"-4085667732745730056","potions_obtained":[{"floor":2,"key":"FearPotion"},{"floor":4,"key":"PowerPotion"},{"floor":16,"key":"Dexterity Potion"},{"floor":18,"key":"Swift Potion"},{"floor":24,"key":"GamblersBrew"},{"floor":39,"key":"PowerPotion"},{"floor":44,"key":"Swift Potion"},{"floor":45,"key":"Dexterity Potion"}],"is_trial":false,"path_per_floor":["M","M","?","M","?","R","$","R","T","?","R","T","?","M","R","B",null,"M","$","?","$","M","R","M","E","T","R","$","?","R","?","R","B",null,"M","?","?","T","M","M","?","R","T","M","M","E","$","M","R","B",null],"character_chosen":"IRONCLAD","items_purchased":["PrismaticShard","Medical Kit","Evolve","Membership Card","Regal Pillow","Blood Vial","FossilizedHelix","Calipers","Mummified Hand","Gambling Chip"],"campfire_rested":2,"item_purchase_floors":[19,21,21,47,47,47,47,47,47,47],"current_hp_per_floor":[80,80,60,66,54,54,54,54,54,43,67,67,67,62,62,43,80,71,71,77,77,67,67,67,61,61,61,61,74,74,74,74,46,82,84,84,80,80,80,59,59,59,59,51,53,52,52,42,82,72],"gold":26,"neow_bonus":"THREE_ENEMY_KILL","is_prod":false,"is_daily":false,"chose_seed":false,"campfire_upgraded":8,"win_rate":0,"timestamp":1548658996,"path_taken":["M","M","?","M","?","R","$","R","T","?","R","?","?","?","R","BOSS","M","$","?","$","M","R","M","E","T","R","$","?","R","?","R","BOSS","M","?","?","?","M","M","?","R","T","?","M","E","$","M","R","BOSS"],"build_version":"2019-01-23","purchased_purges":4,"victory":true,"max_hp_per_floor":[80,80,80,80,80,80,80,80,80,80,80,80,80,80,80,80,80,80,80,80,80,80,80,80,80,80,80,80,82,82,82,82,82,82,84,84,80,80,80,82,82,82,82,82,84,84,84,84,84,84],"card_choices":[{"not_picked":["Armaments","Searing Blow","Spot Weakness"],"picked":"SKIP","floor":1},{"not_picked":["Heavy Blade","Flex","Iron Wave"],"picked":"SKIP","floor":2},{"not_picked":["Wild Strike","Perfected Strike","Headbutt"],"picked":"SKIP","floor":4},{"not_picked":["Power Through","Flex"],"picked":"Dropkick","floor":14},{"not_picked":["Brutality","Feed"],"picked":"Immolate","floor":16},{"not_picked":["Ghostly Armor","Flame Barrier"],"picked":"True Grit","floor":18},{"not_picked":["Slice","Stack"],"picked":"Beam Cell","floor":20},{"not_picked":["Blood for Blood+1","Pommel Strike+1"],"picked":"Seeing Red+1","floor":22},{"not_picked":["Dropkick","Calculated Gamble","Anger"],"picked":"SKIP","floor":24},{"not_picked":["Reflex","Deflect"],"picked":"Grand Finale","floor":25},{"not_picked":["All Out Attack","Perfected Strike","Hello World+1"],"picked":"Singing Bowl","floor":29},{"not_picked":["Panache","Transmutation"],"picked":"Impervious","floor":33},{"not_picked":["Eviscerate","Dagger Spray+1","Bane+1"],"picked":"Singing Bowl","floor":35},{"not_picked":["Rebound+1","Expertise+1"],"picked":"Auto Shields+1","floor":39},{"not_picked":["Reinforced Body+1","Blade Dance+1","Deadly Poison+1"],"picked":"Singing Bowl","floor":40},{"not_picked":["Deadly Poison+1","Pommel Strike"],"picked":"Offering","floor":44},{"not_picked":["Anger","Outmaneuver+1","Flex"],"picked":"Singing Bowl","floor":45},{"not_picked":["Dagger Spray+1","Searing Blow+1"],"picked":"White Noise+1","floor":46},{"not_picked":["Headbutt+1","Deadly Poison"],"picked":"Good Instincts+1","floor":48}],"player_experience":110834,"relics_obtained":[{"floor":9,"key":"Lantern"},{"floor":12,"key":"Omamori"},{"floor":20,"key":"Red Mask"},{"floor":25,"key":"Singing Bowl"},{"floor":26,"key":"Art of War"},{"floor":29,"key":"Charon\u0027s Ashes"},{"floor":29,"key":"Gremlin Horn"},{"floor":38,"key":"The Courier"},{"floor":46,"key":"MawBank"}],"event_choices":[{"damage_healed":0,"gold_gain":0,"player_choice":"Take Damage","damage_taken":20,"relics_obtained":["Golden Idol"],"max_hp_gain":0,"max_hp_loss":0,"event_name":"Golden Idol","floor":3,"gold_loss":0},{"damage_healed":0,"gold_gain":0,"player_choice":"Success","damage_taken":12,"relics_obtained":["Bronze Scales"],"max_hp_gain":0,"max_hp_loss":0,"event_name":"Scrap Ooze","floor":5,"gold_loss":0},{"damage_healed":0,"gold_gain":75,"player_choice":"Gather Gold","damage_taken":11,"max_hp_gain":0,"max_hp_loss":0,"event_name":"World of Goop","floor":10,"gold_loss":0},{"damage_healed":0,"gold_gain":275,"player_choice":"Desecrate","damage_taken":0,"max_hp_gain":0,"max_hp_loss":0,"event_name":"Golden Shrine","floor":13,"gold_loss":0,"cards_obtained":["Regret"]},{"damage_healed":0,"gold_gain":0,"player_choice":"Fought Bandits","damage_taken":0,"max_hp_gain":0,"max_hp_loss":0,"event_name":"Masked Bandits","floor":20,"gold_loss":0},{"damage_healed":0,"gold_gain":0,"player_choice":"Fight","damage_taken":0,"max_hp_gain":0,"max_hp_loss":0,"event_name":"Colosseum","floor":29,"gold_loss":0},{"damage_healed":0,"gold_gain":0,"player_choice":"Fought Nobs","damage_taken":0,"max_hp_gain":0,"max_hp_loss":0,"event_name":"Colosseum","floor":29,"gold_loss":0},{"damage_healed":0,"gold_gain":0,"player_choice":"Ignored","damage_taken":0,"max_hp_gain":0,"max_hp_loss":0,"event_name":"Vampires","floor":31,"gold_loss":0},{"cards_removed":["Strike_R"],"damage_healed":0,"gold_gain":0,"player_choice":"Removed Attack","damage_taken":0,"max_hp_gain":0,"max_hp_loss":0,"event_name":"Falling","floor":36,"gold_loss":0},{"damage_healed":0,"gold_gain":0,"player_choice":"Max HP","damage_taken":0,"max_hp_gain":0,"max_hp_loss":4,"event_name":"Winding Halls","floor":37,"gold_loss":0},{"damage_healed":0,"gold_gain":222,"player_choice":"Wore Mask","damage_taken":0,"max_hp_gain":0,"max_hp_loss":0,"event_name":"Tomb of Lord Red Mask","floor":41,"gold_loss":0}],"is_beta":false,"boss_relics":[{"not_picked":["Runic Dome","Ectoplasm"],"picked":"Runic Pyramid"},{"not_picked":["Black Star","Mark of Pain"],"picked":"Cursed Key"}],"items_purged_floors":[7,19,21,47],"is_endless":false,"potions_floor_spawned":[2,4,16,18,24,25,29,39,44,45],"ascension_level":4}