{"gold_per_floor":[111,111,130,146,164,177,212,212,239,239,239,314,314,6,6,131,131,152,152,180,108,132,132,171,171,171,189,208,208],"floor_reached":29,"playtime":1160,"items_purged":["Defend_B","Writhe"],"score":259,"play_id":"cddfd2b0-ca20-40e1-9286-45928c3ee925","local_time":"20181218021532","is_ascension_mode":true,"campfire_choices":[{"data":"Zap","floor":8,"key":"SMITH"},{"data":"White Noise","floor":11,"key":"SMITH"},{"data":"Dualcast","floor":13,"key":"SMITH"},{"data":"Loop","floor":15,"key":"SMITH"},{"floor":23,"key":"REST"}],"neow_cost":"NONE","seed_source_timestamp":0,"circlet_count":0,"master_deck":["Strike_B","Strike_B","Strike_B","Defend_B","Defend_B","Defend_B","Zap+1","Dualcast+1","Sunder","Reboot","Glacier","White Noise+1","Coolheaded","Leap","Loop+1","Fission","Defragment+1","Capacitor","Electrodynamics","Ball Lightning"],"special_seed":0,"relics":["Cracked Core","NeowsBlessing","Happy Flower","Ancient Tea Set","Golden Idol","Membership Card","Lantern","Runic Pyramid","MawBank","Red Mask","Question Card"],"potions_floor_usage":[7,7,22,28,29],"damage_taken":[{"damage":0,"enemies":"Small Slimes","floor":1,"turns":1},{"damage":0,"enemies":"Cultist","floor":3,"turns":1},{"damage":0,"enemies":"Jaw Worm","floor":4,"turns":1},{"damage":0,"enemies":"2 Fungi Beasts","floor":5,"turns":2},{"damage":4,"enemies":"Looter","floor":6,"turns":4},{"damage":3,"enemies":"3 Sentries","floor":7,"turns":9},{"damage":15,"enemies":"The Guardian","floor":16,"turns":10},{"damage":20,"enemies":"Shell Parasite","floor":18,"turns":6},{"damage":0,"enemies":"Chosen","floor":20,"turns":4},{"damage":34,"enemies":"Centurion and Healer","floor":22,"turns":5},{"damage":1,"enemies":"Masked Bandits","floor":24,"turns":2},{"damage":5,"enemies":"Snake Plant","floor":27,"turns":4},{"damage":0,"enemies":"Shelled Parasite and Fungi","floor":28,"turns":6},{"damage":6,"enemies":"Colosseum Slavers","floor":29,"turns":2},{"damage":38,"enemies":"Colosseum Nobs","floor":29,"turns":2}],"seed_played":"7936464810622535062","potions_obtained":[{"floor":4,"key":"Dexterity Potion"},{"floor":5,"key":"SpeedPotion"},{"floor":6,"key":"FearPotion"},{"floor":7,"key":"Poison Potion"},{"floor":16,"key":"FearPotion"},{"floor":18,"key":"AttackPotion"},{"floor":28,"key":"Fruit Juice"}],"is_trial":false,"path_per_floor":["M","?","M","M","M","M","E","R","T","?","R","?","R","$","R","B",null,"M","?","M","$","M","R","?","?","T","M","M","?"],"character_chosen":"DEFECT","items_purchased":["Membership Card","Lantern","Capacitor"],"campfire_rested":1,"item_purchase_floors":[14,14,21],"current_hp_per_floor":[75,75,75,75,75,71,68,68,68,68,68,57,57,57,57,42,69,49,49,49,49,15,35,34,34,34,29,29,0],"gold":208,"neow_bonus":"THREE_ENEMY_KILL","is_prod":false,"is_daily":false,"chose_seed":false,"campfire_upgraded":4,"win_rate":0,"timestamp":1545120932,"path_taken":["M","?","?","M","M","M","E","R","T","?","R","?","R","$","R","BOSS","M","?","M","$","M","R","?","?","T","M","?","?"],"build_version":"2018-12-13","purchased_purges":2,"victory":false,"max_hp_per_floor":[75,75,75,75,75,75,75,75,75,69,69,69,69,69,69,69,69,69,69,69,69,69,69,69,69,69,69,69,74],"card_choices":[{"not_picked":["Cold Snap","Leap"],"picked":"Sunder","floor":1},{"not_picked":["Cold Snap","Self Repair"],"picked":"Glacier","floor":3},{"not_picked":["Force Field","Scrape"],"picked":"White Noise","floor":4},{"not_picked":["Sweeping Beam","Stack"],"picked":"Coolheaded","floor":5},{"not_picked":["Sweeping Beam","Stack"],"picked":"Leap","floor":6},{"not_picked":["Redo","Hologram"],"picked":"Loop","floor":7},{"not_picked":["Reboot","Rainbow"],"picked":"Fission","floor":16},{"not_picked":["White Noise","Stack"],"picked":"Defragment","floor":18},{"not_picked":["Hologram","Leap","Auto Shields"],"picked":"SKIP","floor":20},{"not_picked":["Go for the Eyes","Leap+1"],"picked":"Electrodynamics","floor":22},{"not_picked":["Reprogram+1","Redo","Tempest","Barrage"],"picked":"SKIP","floor":27},{"not_picked":["Coolheaded","Skim","Gash"],"picked":"Ball Lightning","floor":28}],"player_experience":62970,"relics_obtained":[{"floor":7,"key":"Happy Flower"},{"floor":9,"key":"Ancient Tea Set"},{"floor":24,"key":"Red Mask"},{"floor":26,"key":"Question Card"}],"event_choices":[{"damage_healed":0,"gold_gain":0,"cards_transformed":["Strike_B"],"player_choice":"Transformed","damage_taken":0,"max_hp_gain":0,"max_hp_loss":0,"event_name":"Transmorgrifier","floor":2,"gold_loss":0,"cards_obtained":["Reboot"]},{"damage_healed":0,"gold_gain":0,"player_choice":"Lose Max HP","damage_taken":0,"relics_obtained":["Golden Idol"],"max_hp_gain":0,"max_hp_loss":6,"event_name":"Golden Idol","floor":10,"gold_loss":0},{"damage_healed":0,"gold_gain":75,"player_choice":"Gather Gold","damage_taken":11,"max_hp_gain":0,"max_hp_loss":0,"event_name":"World of Goop","floor":12,"gold_loss":0},{"damage_healed":0,"gold_gain":0,"player_choice":"Opened","damage_taken":0,"relics_obtained":["MawBank"],"max_hp_gain":0,"max_hp_loss":0,"event_name":"The Mausoleum","floor":19,"gold_loss":0,"cards_obtained":["Writhe"]},{"damage_healed":0,"gold_gain":0,"player_choice":"Fought Bandits","damage_taken":0,"max_hp_gain":0,"max_hp_loss":0,"event_name":"Masked Bandits","floor":24,"gold_loss":0},{"damage_healed":0,"gold_gain":0,"player_choice":"Upgraded","damage_taken":0,"max_hp_gain":0,"max_hp_loss":0,"event_name":"Upgrade Shrine","floor":25,"gold_loss":0,"cards_upgraded":["Defragment"]},{"damage_healed":0,"gold_gain":0,"player_choice":"Fight","damage_taken":0,"max_hp_gain":0,"max_hp_loss":0,"event_name":"Colosseum","floor":29,"gold_loss":0},{"damage_healed":0,"gold_gain":0,"player_choice":"Fought Nobs","damage_taken":0,"max_hp_gain":0,"max_hp_loss":0,"event_name":"Colosseum","floor":29,"gold_loss":0}],"is_beta":false,"boss_relics":[{"not_picked":["Eternal Feather","Pandora\u0027s Box"],"picked":"Runic Pyramid"}],"items_purged_floors":[14,21],"is_endless":false,"potions_floor_spawned":[4,5,6,7,16,18,20,28,29],"killed_by":"Colosseum Nobs","ascension_level":3}