{"gold_per_floor":[114,133,160,170,89,89,124,138,138,151,176,187,41,55,55,159,159,179,190,202,202],"floor_reached":21,"playtime":1582,"items_purged":[],"score":195,"play_id":"8f85573e-a6c2-4e02-a766-50ae3eb9eabe","local_time":"20190210053654","is_ascension_mode":false,"campfire_choices":[{"data":"Metallicize","floor":6,"key":"SMITH"},{"data":"Barricade","floor":15,"key":"SMITH"}],"neow_cost":"NONE","seed_source_timestamp":170956282274989,"circlet_count":0,"master_deck":["Strike_R+1","Strike_R","Strike_R","Strike_R+1","Strike_R","Defend_R","Defend_R","Defend_R","Defend_R","Bash","Headbutt","Perfected Strike","Blood for Blood","Metallicize+1","Heavy Blade","Infernal Blade","Dropkick","Barricade+1","Perfected Strike","Pommel Strike","Reaper","Wild Strike+1","Flame Barrier+1"],"relics":["Coffee Dripper","Art of War","Pantograph","Peace Pipe","Oddly Smooth Stone","Whetstone","Black Star"],"potions_floor_usage":[19,21,21],"damage_taken":[{"damage":0,"enemies":"Cultist","floor":1,"turns":3},{"damage":0,"enemies":"Small Slimes","floor":2,"turns":2},{"damage":6,"enemies":"Jaw Worm","floor":4,"turns":2},{"damage":10,"enemies":"Gremlin Nob","floor":7,"turns":3},{"damage":18,"enemies":"Exordium Thugs","floor":8,"turns":4},{"damage":0,"enemies":"Large Slime","floor":10,"turns":3},{"damage":27,"enemies":"Lagavulin","floor":11,"turns":6},{"damage":8,"enemies":"Looter","floor":12,"turns":3},{"damage":0,"enemies":"Gremlin Gang","floor":14,"turns":5},{"damage":29,"enemies":"Slime Boss","floor":16,"turns":10},{"damage":8,"enemies":"Shell Parasite","floor":18,"turns":4},{"damage":10,"enemies":"2 Thieves","floor":19,"turns":2},{"damage":33,"enemies":"Cultist and Chosen","floor":20,"turns":5},{"damage":25,"enemies":"Colosseum Slavers","floor":21,"turns":6},{"damage":15,"enemies":"Colosseum Nobs","floor":21,"turns":2}],"seed_played":"-3530316111434392253","potions_obtained":[{"floor":2,"key":"Explosive Potion"},{"floor":4,"key":"FearPotion"},{"floor":8,"key":"Ancient Potion"},{"floor":19,"key":"SkillPotion"}],"is_trial":false,"path_per_floor":["M","M","T","M","$","R","E","M","T","M","E","M","$","M","R","B",null,"M","M","M","?"],"character_chosen":"IRONCLAD","items_purchased":["Metallicize","Whetstone"],"campfire_rested":0,"item_purchase_floors":[5,13],"current_hp_per_floor":[80,80,80,74,74,74,64,46,46,46,19,11,11,11,11,7,80,72,62,29,0],"gold":202,"neow_bonus":"BOSS_RELIC","is_prod":false,"is_daily":false,"chose_seed":false,"campfire_upgraded":2,"win_rate":0.0,"timestamp":1549773414,"path_taken":["M","M","?","M","$","R","E","M","T","M","E","?","?","M","R","BOSS","M","?","M","?"],"build_version":"2019-01-23","purchased_purges":0,"victory":false,"max_hp_per_floor":[80,80,80,80,80,80,80,80,80,80,80,80,80,80,80,80,80,80,80,80,80],"card_choices":[{"not_picked":["Corruption","Warcry"],"picked":"Headbutt","floor":1},{"not_picked":["Sword Boomerang","Intimidate"],"picked":"Perfected Strike","floor":2},{"not_picked":["Clothesline","Ghostly Armor"],"picked":"Blood for Blood","floor":4},{"not_picked":["Warcry","Body Slam"],"picked":"Heavy Blade","floor":7},{"not_picked":["Rampage","Thunderclap"],"picked":"Infernal Blade","floor":8},{"not_picked":["Clash","Clothesline"],"picked":"Dropkick","floor":10},{"not_picked":["Uppercut","Hemokinesis"],"picked":"Barricade","floor":11},{"not_picked":["Wild Strike","Sentinel"],"picked":"Perfected Strike","floor":12},{"not_picked":["Sword Boomerang","Flex"],"picked":"Pommel Strike","floor":14},{"not_picked":["Dark Embrace","Feed"],"picked":"Reaper","floor":16},{"not_picked":["Cleave","Dropkick","Heavy Blade"],"picked":"SKIP","floor":18},{"not_picked":["Body Slam","Dropkick"],"picked":"Wild Strike+1","floor":19},{"not_picked":["Twin Strike","Entrench"],"picked":"Flame Barrier+1","floor":20}],"player_experience":127746,"relics_obtained":[{"floor":3,"key":"Art of War"},{"floor":7,"key":"Pantograph"},{"floor":9,"key":"Peace Pipe"},{"floor":11,"key":"Oddly Smooth Stone"}],"event_choices":[{"damage_healed":0,"gold_gain":0,"player_choice":"Fight","damage_taken":0,"max_hp_gain":0,"max_hp_loss":0,"event_name":"Colosseum","floor":21,"gold_loss":0},{"damage_healed":0,"gold_gain":0,"player_choice":"Fought Nobs","damage_taken":0,"max_hp_gain":0,"max_hp_loss":0,"event_name":"Colosseum","floor":21,"gold_loss":0}],"is_beta":false,"boss_relics":[{"not_picked":["Tiny House","Snecko Eye"],"picked":"Black Star"}],"items_purged_floors":[],"is_endless":false,"potions_floor_spawned":[2,4,8,11,14,18,19,21],"killed_by":"Colosseum Nobs","ascension_level":0}