{"gold_per_floor":[109,122,122,142,155,166,166,185,212,222,222,222],"floor_reached":12,"playtime":1055,"items_purged":[],"score":78,"play_id":"6c23245e-320d-4ff6-9fc5-ba96f3bf2a13","local_time":"20190210210256","is_ascension_mode":true,"campfire_choices":[{"data":"1","floor":7,"key":"LIFT"}],"neow_cost":"NONE","seed_source_timestamp":1272523213132089,"circlet_count":0,"master_deck":["Defend_G","Defend_G+1","Defend_G","Defend_G","Defend_G","Strike_G","Strike_G","Strike_G+1","Strike_G","Strike_G","Survivor","Neutralize","Predator","Dash","Sucker Punch","Setup","Dodge and Roll","Cloak And Dagger"],"relics":["Ring of the Snake","NeowsBlessing","Girya","Omamori"],"potions_floor_usage":[5,8,10],"damage_taken":[{"damage":0,"enemies":"Cultist","floor":1,"turns":1},{"damage":0,"enemies":"2 Louse","floor":2,"turns":1},{"damage":0,"enemies":"Jaw Worm","floor":4,"turns":1},{"damage":3,"enemies":"Exordium Wildlife","floor":5,"turns":7},{"damage":18,"enemies":"Gremlin Gang","floor":6,"turns":6},{"damage":0,"enemies":"2 Fungi Beasts","floor":8,"turns":4},{"damage":7,"enemies":"Exordium Wildlife","floor":10,"turns":7},{"damage":18,"enemies":"Exordium Thugs","floor":12,"turns":4}],"seed_played":"1180432718518970491","potions_obtained":[{"floor":4,"key":"Energy Potion"},{"floor":6,"key":"Swift Potion"},{"floor":8,"key":"PowerPotion"},{"floor":10,"key":"Ancient Potion"}],"is_trial":false,"path_per_floor":["M","M","?","M","M","M","R","M","T","M","?","M"],"character_chosen":"THE_SILENT","items_purchased":[],"campfire_rested":0,"item_purchase_floors":[],"current_hp_per_floor":[70,70,58,58,55,37,37,37,37,30,16,0],"gold":222,"neow_bonus":"THREE_ENEMY_KILL","is_prod":false,"is_daily":false,"chose_seed":false,"campfire_upgraded":0,"win_rate":0,"timestamp":1549850576,"path_taken":["M","?","?","M","M","M","R","M","T","M","?","M"],"build_version":"2019-01-23","purchased_purges":0,"victory":false,"max_hp_per_floor":[70,70,70,70,70,70,70,70,70,70,70,70],"card_choices":[{"not_picked":["Dagger Throw","Concentrate","Reflex"],"picked":"SKIP","floor":1},{"not_picked":["Distraction","Caltrops"],"picked":"Predator","floor":2},{"not_picked":["Catalyst","Bane"],"picked":"Dash","floor":4},{"not_picked":["Underhanded Strike","Noxious Fumes"],"picked":"Sucker Punch","floor":5},{"not_picked":["Poisoned Stab","PiercingWail"],"picked":"Setup","floor":6},{"not_picked":["Bane","Slice"],"picked":"Dodge and Roll","floor":8},{"not_picked":["Outmaneuver","Deadly Poison"],"picked":"Cloak And Dagger","floor":10}],"player_experience":93602,"relics_obtained":[{"floor":9,"key":"Omamori"}],"event_choices":[{"damage_healed":0,"gold_gain":0,"player_choice":"Success","damage_taken":12,"relics_obtained":["Girya"],"max_hp_gain":0,"max_hp_loss":0,"event_name":"Scrap Ooze","floor":3,"gold_loss":0},{"damage_healed":0,"gold_gain":0,"player_choice":"Entered Light","damage_taken":14,"max_hp_gain":0,"max_hp_loss":0,"event_name":"Shining Light","floor":11,"gold_loss":0,"cards_upgraded":["Defend_G","Strike_G"]}],"is_beta":false,"boss_relics":[],"items_purged_floors":[],"is_endless":false,"potions_floor_spawned":[4,6,8,10],"killed_by":"Exordium Thugs","ascension_level":1}