{"gold_per_floor":[112,126,137,154,229,229,262,262,262,273,238,264,264,294,294,395,395,405,169,169,18,33,33,65,83,106,138,150,176,176,126,126,221,221,232,248,6,24,73,73,173,204,227,256,303,0,47,72,84,96],"floor_reached":51,"playtime":2608,"items_purged":["Strike_G"],"score":1185,"play_id":"121e31a5-fac6-403f-af25-6cb3e56e5814","local_time":"20190209095535","is_ascension_mode":true,"campfire_choices":[{"data":"Neutralize","floor":6.0,"key":"SMITH"},{"floor":8.0,"key":"REST"},{"data":"Catalyst","floor":13.0,"key":"SMITH"},{"data":"Noxious Fumes","floor":15.0,"key":"SMITH"},{"floor":23,"key":"REST"},{"floor":32,"key":"REST"},{"floor":40,"key":"REST"},{"floor":49,"key":"REST"}],"neow_cost":"NONE","seed_source_timestamp":663127879445800,"circlet_count":0,"master_deck":["Defend_G","Defend_G","Defend_G","Defend_G","Defend_G","Strike_G","Strike_G","Survivor","Neutralize+1","Noxious Fumes+1","Blur","Caltrops","Catalyst+1","Cloak And Dagger","Deadly Poison","PiercingWail","Adrenaline","Crippling Poison+1","Blur","Noxious Fumes","Footwork+1","Acrobatics","Escape Plan+1","Catalyst","Backflip+1","Deadly Poison+1","Noxious Fumes+1","Doppelganger","Backflip+1"],"special_seed":0,"relics":["Ring of the Snake","Boot","Potion Belt","Ancient Tea Set","The Courier","Bronze Scales","Fusion Hammer","Oddly Smooth Stone","PreservedInsect","Bottled Flame","Centennial Puzzle","Prayer Wheel","Kunai","Empty Cage","Gambling Chip","Dead Branch","Torii","Anchor","MawBank","Regal Pillow","Red Mask","Juzu Bracelet"],"potions_floor_usage":[16,16,29,29,39,39,44,45,45,50],"damage_taken":[{"damage":2.0,"enemies":"Small Slimes","floor":1.0,"turns":4.0},{"damage":5.0,"enemies":"2 Louse","floor":2.0,"turns":4.0},{"damage":0.0,"enemies":"Jaw Worm","floor":3.0,"turns":5.0},{"damage":18.0,"enemies":"Lots of Slimes","floor":4.0,"turns":4.0},{"damage":29.0,"enemies":"Gremlin Nob","floor":7.0,"turns":5.0},{"damage":4.0,"enemies":"3 Louse","floor":10.0,"turns":5.0},{"damage":15.0,"enemies":"Lagavulin","floor":12.0,"turns":7.0},{"damage":5.0,"enemies":"Gremlin Nob","floor":14.0,"turns":4.0},{"damage":1,"enemies":"Slime Boss","floor":16,"turns":9},{"damage":8,"enemies":"2 Thieves","floor":18,"turns":5},{"damage":8,"enemies":"Spheric Guardian","floor":22,"turns":5},{"damage":6,"enemies":"Slavers","floor":24,"turns":3},{"damage":0,"enemies":"Centurion and Healer","floor":25,"turns":6},{"damage":6,"enemies":"Book of Stabbing","floor":27,"turns":5},{"damage":2,"enemies":"Chosen and Byrds","floor":28,"turns":4},{"damage":8,"enemies":"Slavers","floor":29,"turns":5},{"damage":7,"enemies":"Automaton","floor":33,"turns":9},{"damage":1,"enemies":"3 Darklings","floor":35,"turns":4},{"damage":1,"enemies":"3 Shapes","floor":36,"turns":4},{"damage":0,"enemies":"Maw","floor":38,"turns":6},{"damage":10,"enemies":"2 Orb Walkers","floor":39,"turns":6},{"damage":0,"enemies":"Mind Bloom Boss Battle","floor":41,"turns":4},{"damage":0,"enemies":"Giant Head","floor":42,"turns":5},{"damage":0,"enemies":"3 Darklings","floor":44,"turns":4},{"damage":16,"enemies":"Reptomancer","floor":45,"turns":4},{"damage":0,"enemies":"Giant Head","floor":47,"turns":5},{"damage":0,"enemies":"4 Shapes","floor":48,"turns":5},{"damage":0,"enemies":"Time Eater","floor":50,"turns":6}],"seed_played":"-5930565493572824463","potions_obtained":[{"floor":1.0,"key":"Ancient Potion"},{"floor":2.0,"key":"SpeedPotion"},{"floor":10.0,"key":"Explosive Potion"},{"floor":14.0,"key":"Block Potion"},{"floor":16,"key":"Weak Potion"},{"floor":27,"key":"GamblersBrew"},{"floor":28,"key":"FearPotion"},{"floor":29,"key":"GamblersBrew"},{"floor":33,"key":"Dexterity Potion"},{"floor":36,"key":"GhostInAJar"},{"floor":39,"key":"PowerPotion"},{"floor":41,"key":"SteroidPotion"},{"floor":47,"key":"Explosive Potion"}],"is_trial":false,"path_per_floor":["M","M","M","M","?","R","E","R","T","M","?","E","R","E","R","B",null,"M","$","?","$","M","R","E","M","T","E","M","E","?","?","R","B",null,"M","M","$","M","?","R","?","E","T","M","E","?","E","M","R","B",null],"character_chosen":"THE_SILENT","items_purchased":["Oddly Smooth Stone","Crippling Poison","PreservedInsect","Blur","Gambling Chip"],"campfire_rested":5,"item_purchase_floors":[19,19,21,21,37],"current_hp_per_floor":[68,63,63,45,34,34,5,26,26,22,39,24,24,19,19,18,57,49,49,49,49,41,62,56,56,56,50,48,40,40,40,61,54,66,65,64,64,64,54,70,70,70,70,70,54,54,54,54,70,70],"gold":108,"neow_bonus":"RANDOM_COMMON_RELIC","is_prod":false,"is_daily":false,"chose_seed":false,"campfire_upgraded":3,"win_rate":0,"timestamp":1549731335,"path_taken":["M","M","M","M","?","R","E","R","T","M","?","E","R","E","R","BOSS","M","$","?","$","M","R","E","?","T","E","M","E","?","?","R","BOSS","M","M","$","M","?","R","?","E","T","M","E","?","E","M","R","BOSS"],"build_version":"2019-01-23","purchased_purges":1,"victory":true,"max_hp_per_floor":[70,70,70,70,70,70,70,70,70,70,70,70,70,70,70,70,70,70,70,70,70,70,70,70,70,70,70,70,70,70,70,70,70,70,70,70,70,70,70,70,70,70,70,70,70,70,70,70,70,70],"card_choices":[{"not_picked":["Flechettes","PiercingWail"],"picked":"Noxious Fumes","floor":1.0},{"not_picked":["Deadly Poison","Calculated Gamble"],"picked":"Blur","floor":2.0},{"not_picked":["Poisoned Stab","Terror"],"picked":"Caltrops","floor":3.0},{"not_picked":["Flying Knee","Underhanded Strike"],"picked":"Catalyst","floor":4.0},{"not_picked":["Prepared","A Thousand Cuts"],"picked":"Cloak And Dagger","floor":7.0},{"not_picked":["Sucker Punch","Heel Hook"],"picked":"Deadly Poison","floor":10.0},{"not_picked":["Bouncing Flask","Acrobatics"],"picked":"PiercingWail","floor":12.0},{"not_picked":["Outmaneuver","Quick Slash","Prepared"],"picked":"SKIP","floor":14.0},{"not_picked":["A Thousand Cuts","Wraith Form v2"],"picked":"Adrenaline","floor":16},{"not_picked":["Quick Slash","Poisoned Stab","Dodge and Roll"],"picked":"SKIP","floor":18},{"not_picked":["Expertise+1","Backflip"],"picked":"Noxious Fumes","floor":22},{"not_picked":["Quick Slash","Backflip+1"],"picked":"Footwork+1","floor":24},{"not_picked":["Sucker Punch+1","All Out Attack","Reflex"],"picked":"SKIP","floor":25},{"not_picked":["Calculated Gamble","Masterful Stab","Skewer"],"picked":"SKIP","floor":27},{"not_picked":["Slice+1","Poisoned Stab"],"picked":"Acrobatics","floor":28},{"not_picked":["Distraction","Sucker Punch","Underhanded Strike"],"picked":"SKIP","floor":28},{"not_picked":["Blade Dance","Setup"],"picked":"Escape Plan+1","floor":29},{"not_picked":["Bane+1","Quick Slash","Poisoned Stab"],"picked":"SKIP","floor":35},{"not_picked":["Predator","Escape Plan","Flying Knee"],"picked":"SKIP","floor":35},{"not_picked":["Sucker Punch+1","Well Laid Plans+1"],"picked":"Catalyst","floor":36},{"not_picked":["Riddle With Holes+1","Dash","Acrobatics"],"picked":"SKIP","floor":36},{"not_picked":["Blade Dance+1","Dash","Quick Slash+1"],"picked":"SKIP","floor":38},{"not_picked":["Sucker Punch+1","Acrobatics","Quick Slash"],"picked":"SKIP","floor":38},{"not_picked":["Flechettes+1","Blade Dance+1"],"picked":"Backflip+1","floor":39},{"not_picked":["Accuracy+1","Setup"],"picked":"Deadly Poison+1","floor":41},{"not_picked":["Dagger Throw+1","Sucker Punch+1","Skewer+1"],"picked":"SKIP","floor":42},{"not_picked":["Dagger Spray","Sucker Punch+1","Slice+1"],"picked":"SKIP","floor":44},{"not_picked":["Dagger Spray+1","Crippling Poison","Bane"],"picked":"SKIP","floor":44},{"not_picked":["Caltrops+1","Underhanded Strike"],"picked":"Noxious Fumes+1","floor":45},{"not_picked":["Leg Sweep","Caltrops+1"],"picked":"Doppelganger","floor":47},{"not_picked":["Dagger Throw+1","Outmaneuver+1"],"picked":"Backflip+1","floor":48},{"not_picked":["Deadly Poison+1","Reflex+1","Expertise+1"],"picked":"SKIP","floor":48}],"player_experience":313110,"relics_obtained":[{"floor":7.0,"key":"Potion Belt"},{"floor":9.0,"key":"Ancient Tea Set"},{"floor":12.0,"key":"The Courier"},{"floor":14.0,"key":"Bronze Scales"},{"floor":24,"key":"Bottled Flame"},{"floor":26,"key":"Centennial Puzzle"},{"floor":27,"key":"Prayer Wheel"},{"floor":29,"key":"Kunai"},{"floor":39,"key":"Dead Branch"},{"floor":41,"key":"Torii"},{"floor":42,"key":"Anchor"},{"floor":43,"key":"MawBank"},{"floor":45,"key":"Regal Pillow"},{"floor":47,"key":"Juzu Bracelet"}],"event_choices":[{"damage_healed":0.0,"max_hp_gain":0.0,"max_hp_loss":0.0,"gold_gain":75.0,"event_name":"World of Goop","player_choice":"Gather Gold","floor":5.0,"gold_loss":0.0,"damage_taken":11.0},{"damage_healed":17.0,"max_hp_gain":0.0,"max_hp_loss":0.0,"gold_gain":0.0,"event_name":"The Cleric","player_choice":"Healed","floor":11.0,"gold_loss":35.0,"damage_taken":0.0},{"damage_healed":0,"gold_gain":0,"player_choice":"Upgraded","damage_taken":0,"max_hp_gain":0,"max_hp_loss":0,"event_name":"Upgrade Shrine","floor":20,"gold_loss":0,"cards_upgraded":["Crippling Poison"]},{"damage_healed":0,"gold_gain":0,"player_choice":"Ignored","damage_taken":0,"max_hp_gain":0,"max_hp_loss":0,"event_name":"Cursed Tome","floor":30,"gold_loss":0},{"damage_healed":0,"gold_gain":0,"player_choice":"Bet on Murderer","damage_taken":0,"max_hp_gain":0,"max_hp_loss":0,"event_name":"The Joust","floor":31,"gold_loss":50},{"damage_healed":0,"gold_gain":0,"player_choice":"Fight","damage_taken":0,"max_hp_gain":0,"max_hp_loss":0,"event_name":"Mysterious Sphere","floor":39,"gold_loss":0},{"damage_healed":0,"gold_gain":0,"player_choice":"Fight","damage_taken":0,"max_hp_gain":0,"max_hp_loss":0,"event_name":"MindBloom","floor":41,"gold_loss":0},{"damage_healed":0,"gold_gain":0,"player_choice":"Paid","damage_taken":0,"relics_obtained":["Red Mask"],"max_hp_gain":0,"max_hp_loss":0,"event_name":"Tomb of Lord Red Mask","floor":46,"gold_loss":315}],"is_beta":false,"boss_relics":[{"not_picked":["Tiny House","Coffee Dripper"],"picked":"Fusion Hammer"},{"not_picked":["Ring of the Serpent","White Beast Statue"],"picked":"Empty Cage"}],"items_purged_floors":[19],"is_endless":false,"potions_floor_spawned":[1,2,10,14,16,27,28,29,33,36,38,39,41,47],"ascension_level":5}