{"gold_per_floor":[116,133,308,318,336,336,351,377,430,430,448,458,458],"floor_reached":13,"playtime":515,"items_purged":[],"score":111,"play_id":"9a578f4a-f8ed-46bb-8c03-0b7c7e24fdac","local_time":"20190104180701","is_ascension_mode":true,"campfire_choices":[{"data":"Perfected Strike","floor":6,"key":"SMITH"},{"data":"Shrug It Off","floor":10,"key":"SMITH"}],"neow_cost":"NONE","seed_source_timestamp":230707325921200,"circlet_count":0,"master_deck":["Strike_R","Strike_R","Strike_R","Strike_R","Strike_R","Defend_R","Defend_R","Defend_R","Defend_R","Bash","Twin Strike","Shrug It Off+1","Doubt","Perfected Strike+1","Flex","Wild Strike","Wild Strike"],"relics":["Burning Blood","Blood Vial","Oddly Smooth Stone"],"potions_floor_usage":[8],"damage_taken":[{"damage":9,"enemies":"Small Slimes","floor":1,"turns":5},{"damage":11,"enemies":"2 Louse","floor":2,"turns":2},{"damage":7,"enemies":"Jaw Worm","floor":4,"turns":4},{"damage":20,"enemies":"Looter","floor":5,"turns":4},{"damage":18,"enemies":"Large Slime","floor":7,"turns":7},{"damage":32,"enemies":"3 Sentries","floor":8,"turns":8},{"damage":7,"enemies":"3 Louse","floor":11,"turns":3},{"damage":17,"enemies":"Gremlin Gang","floor":12,"turns":7},{"damage":0,"enemies":"2 Fungi Beasts","floor":13,"turns":1}],"seed_played":"-5931187877746105764","potions_obtained":[{"floor":1,"key":"SpeedPotion"},{"floor":5,"key":"Strength Potion"},{"floor":11,"key":"FearPotion"},{"floor":12,"key":"Strength Potion"}],"is_trial":false,"path_per_floor":["M","M","?","M","M","R","M","E","T","R","M","M","M"],"character_chosen":"IRONCLAD","items_purchased":[],"campfire_rested":0,"item_purchase_floors":[],"current_hp_per_floor":[77,74,74,75,63,63,53,29,29,29,30,21,23],"gold":458,"neow_bonus":"RANDOM_COMMON_RELIC","is_prod":false,"is_daily":false,"chose_seed":false,"campfire_upgraded":2,"win_rate":0,"timestamp":1546621621,"path_taken":["M","M","?","M","M","R","M","E","T","R","M","M","M"],"build_version":"2019-01-03v3","purchased_purges":0,"victory":false,"max_hp_per_floor":[80,80,80,80,80,80,80,80,80,80,80,80,80],"card_choices":[{"not_picked":["Combust","Thunderclap"],"picked":"Twin Strike","floor":1},{"not_picked":["Heavy Blade","Iron Wave"],"picked":"Shrug It Off","floor":2},{"not_picked":["Twin Strike","Headbutt"],"picked":"Perfected Strike","floor":4},{"not_picked":["Clash","True Grit"],"picked":"Flex","floor":5},{"not_picked":["Body Slam","Shrug It Off","Thunderclap"],"picked":"SKIP","floor":7},{"not_picked":["Whirlwind","Power Through","Havoc"],"picked":"SKIP","floor":8},{"not_picked":["Whirlwind","Havoc"],"picked":"Wild Strike","floor":11},{"not_picked":["Heavy Blade","Second Wind"],"picked":"Wild Strike","floor":12}],"player_experience":833992,"relics_obtained":[{"floor":8,"key":"Oddly Smooth Stone"}],"event_choices":[{"damage_healed":0,"gold_gain":175,"player_choice":"AGREE","damage_taken":0,"max_hp_gain":0,"max_hp_loss":0,"event_name":"Liars Game","floor":3,"gold_loss":0,"cards_obtained":["Doubt"]}],"is_beta":false,"boss_relics":[],"items_purged_floors":[],"is_endless":false,"potions_floor_spawned":[1,5,11,12],"killed_by":"2 Fungi Beasts","ascension_level":5}