{"gold_per_floor":[111,111,36,55,79,79,79,115,191,215,215,140,140,161,161,252,252,271,271,19,19,38,38,38],"floor_reached":24,"playtime":734,"items_purged":["Writhe"],"score":353,"play_id":"4692825a-1eea-491e-974b-cfd3d76ba1d7","local_time":"20190209150800","is_ascension_mode":true,"campfire_choices":[{"data":"Perfected Strike","floor":6,"key":"SMITH"},{"floor":13,"key":"REST"},{"data":"Demon Form","floor":15,"key":"SMITH"},{"floor":23,"key":"REST"}],"neow_cost":"CURSE","seed_source_timestamp":1757990342922128,"circlet_count":0,"master_deck":["AscendersBane","Strike_R","Strike_R","Strike_R","Strike_R","Strike_R","Defend_R","Defend_R","Defend_R","Bash","Demon Form+1","Perfected Strike+1","Sword Boomerang","Flame Barrier","Iron Wave","Blood for Blood","Barricade","Pummel","Metallicize","Perfected Strike"],"relics":["Burning Blood","Golden Idol","Regal Pillow","Bottled Flame","Sozu","Bag of Preparation","Nilry\u0027s Codex"],"potions_floor_usage":[8,11,16,22],"damage_taken":[{"damage":13,"enemies":"Jaw Worm","floor":1,"turns":4},{"damage":2,"enemies":"2 Louse","floor":4,"turns":3},{"damage":4,"enemies":"Small Slimes","floor":5,"turns":3},{"damage":39,"enemies":"3 Sentries","floor":8,"turns":10},{"damage":1,"enemies":"3 Louse","floor":10,"turns":4},{"damage":0,"enemies":"Exordium Thugs","floor":11,"turns":1},{"damage":12,"enemies":"Looter","floor":14,"turns":3},{"damage":49,"enemies":"Hexaghost","floor":16,"turns":10},{"damage":12,"enemies":"Chosen","floor":18,"turns":4},{"damage":1,"enemies":"3 Byrds","floor":22,"turns":5},{"damage":90,"enemies":"Book of Stabbing","floor":24,"turns":6}],"seed_played":"-5015586786090707769","potions_obtained":[{"floor":1,"key":"Dexterity Potion"},{"floor":10,"key":"SmokeBomb"},{"floor":14,"key":"SpeedPotion"},{"floor":16,"key":"Energy Potion"}],"is_trial":false,"path_per_floor":["M","?","$","M","M","R","$","E","T","M","M","?","R","M","R","B",null,"M","?","$","?","M","R","E"],"character_chosen":"IRONCLAD","items_purchased":["Metallicize","Bag of Preparation"],"campfire_rested":2,"item_purchase_floors":[20,20],"current_hp_per_floor":[61,35,35,39,41,41,41,8,8,13,19,19,56,50,50,7,58,52,52,52,31,36,73,0],"gold":38,"neow_bonus":"THREE_RARE_CARDS","is_prod":false,"is_daily":false,"chose_seed":false,"campfire_upgraded":2,"win_rate":0,"timestamp":1549742880,"path_taken":["M","?","$","M","M","R","$","E","T","M","M","?","R","M","R","BOSS","M","?","$","?","M","R","E"],"build_version":"2019-02-06","purchased_purges":1,"victory":false,"max_hp_per_floor":[75,75,75,75,75,75,75,75,75,75,75,75,75,75,75,75,75,75,75,75,75,75,75,75],"card_choices":[{"not_picked":["Reaper","Fiend Fire"],"picked":"Demon Form","floor":0},{"not_picked":["Power Through","Disarm"],"picked":"Perfected Strike","floor":1},{"not_picked":["Disarm","Flex"],"picked":"Sword Boomerang","floor":4},{"not_picked":["Warcry","Disarm","Dropkick"],"picked":"SKIP","floor":5},{"not_picked":["Berserk","Bloodletting"],"picked":"Flame Barrier","floor":8},{"not_picked":["Rupture","Carnage"],"picked":"Iron Wave","floor":10},{"not_picked":["Dropkick","Wild Strike"],"picked":"Blood for Blood","floor":14},{"not_picked":["Demon Form","Brutality"],"picked":"Barricade","floor":16},{"not_picked":["Corruption","Wild Strike"],"picked":"Pummel","floor":18},{"not_picked":["Inflame","True Grit"],"picked":"Perfected Strike","floor":22}],"player_experience":648052,"relics_obtained":[{"floor":8,"key":"Regal Pillow"},{"floor":9,"key":"Bottled Flame"},{"floor":21,"key":"Nilry\u0027s Codex"}],"event_choices":[{"damage_healed":0,"gold_gain":0,"player_choice":"Take Damage","damage_taken":26,"relics_obtained":["Golden Idol"],"max_hp_gain":0,"max_hp_loss":0,"event_name":"Golden Idol","floor":2,"gold_loss":0},{"cards_removed":["Defend_R"],"damage_healed":0,"gold_gain":0,"player_choice":"Card Removal","damage_taken":0,"max_hp_gain":0,"max_hp_loss":0,"event_name":"The Cleric","floor":12,"gold_loss":75},{"damage_healed":0,"gold_gain":0,"player_choice":"Ignored","damage_taken":0,"max_hp_gain":0,"max_hp_loss":0,"event_name":"Beggar","floor":19,"gold_loss":0},{"damage_healed":0,"gold_gain":0,"player_choice":"Obtained Book","damage_taken":21,"max_hp_gain":0,"max_hp_loss":0,"event_name":"Cursed Tome","floor":21,"gold_loss":0}],"is_beta":true,"boss_relics":[{"not_picked":["Ectoplasm","Black Blood"],"picked":"Sozu"}],"items_purged_floors":[3],"is_endless":false,"potions_floor_spawned":[1,10,11,14,16,18,22],"killed_by":"Book of Stabbing","ascension_level":16}