{"gold_per_floor":[313,325,345,345,357,383,393,404,404,404,416,430,430,446,446,550,550,567,567,567,567,582,610,625,625,652,309,309],"floor_reached":28,"playtime":1864,"items_purged":["Choke"],"score":269,"play_id":"270582f0-404e-4d6b-9a04-1c6e75a4b036","local_time":"20190207215656","is_ascension_mode":false,"campfire_choices":[{"data":"Backflip","floor":15,"key":"SMITH"},{"floor":25,"key":"REST"}],"neow_cost":"NO_GOLD","seed_source_timestamp":1015754296770540,"circlet_count":0,"master_deck":["Defend_G","Defend_G","Defend_G","Defend_G","Defend_G","Strike_G","Strike_G","Strike_G","Strike_G","Survivor","Neutralize","Deadly Poison","Backflip+1","Crippling Poison","Poisoned Stab","Deadly Poison","Parasite","Unload","Quick Slash+1","Noxious Fumes+1","Catalyst","Caltrops+1","Terror"],"relics":["Ring of the Snake","Old Coin","Pear","Gremlin Horn","Sozu","MutagenicStrength","Bag of Marbles","PreservedInsect","TheAbacus"],"potions_floor_usage":[6,16,16,16],"damage_taken":[{"damage":1,"enemies":"Cultist","floor":1,"turns":4},{"damage":0,"enemies":"2 Louse","floor":2,"turns":3},{"damage":2,"enemies":"Jaw Worm","floor":3,"turns":5},{"damage":2,"enemies":"Exordium Wildlife","floor":5,"turns":6},{"damage":20,"enemies":"Lagavulin","floor":6,"turns":9},{"damage":0,"enemies":"2 Fungi Beasts","floor":7,"turns":5},{"damage":3,"enemies":"Blue Slaver","floor":8,"turns":5},{"damage":14,"enemies":"Looter","floor":11,"turns":4},{"damage":11,"enemies":"Large Slime","floor":12,"turns":6},{"damage":3,"enemies":"Exordium Wildlife","floor":14,"turns":6},{"damage":40,"enemies":"The Guardian","floor":16,"turns":9},{"damage":17,"enemies":"2 Thieves","floor":18,"turns":5},{"damage":0,"enemies":"Chosen","floor":22,"turns":4},{"damage":32,"enemies":"Slavers","floor":23,"turns":5},{"damage":15,"enemies":"Snake Plant","floor":24,"turns":3},{"damage":18,"enemies":"Colosseum Slavers","floor":28,"turns":4},{"damage":17,"enemies":"Colosseum Nobs","floor":28,"turns":2}],"seed_played":"-1082390649505074061","potions_obtained":[{"floor":3,"key":"Dexterity Potion"},{"floor":7,"key":"Ancient Potion"},{"floor":8,"key":"SpeedPotion"},{"floor":10,"key":"PowerPotion"}],"is_trial":false,"path_per_floor":["M","M","M","?","M","E","M","M","T","?","M","M","?","M","R","B",null,"M","?","?","?","M","E","M","R","T","$","?"],"character_chosen":"THE_SILENT","items_purchased":["Terror","TheAbacus"],"campfire_rested":1,"item_purchase_floors":[27,27],"current_hp_per_floor":[69,69,67,67,65,55,55,52,52,52,38,27,47,44,44,4,80,63,63,63,48,48,16,1,26,26,26,0],"gold":309,"neow_bonus":"ONE_RARE_RELIC","is_prod":false,"is_daily":false,"chose_seed":false,"campfire_upgraded":1,"win_rate":0,"timestamp":1549594616,"path_taken":["M","M","?","?","?","E","M","M","T","?","M","?","?","M","R","BOSS","M","?","?","?","M","E","M","R","T","$","?"],"build_version":"2019-01-23","purchased_purges":1,"victory":false,"max_hp_per_floor":[70,70,70,70,70,80,80,80,80,80,80,80,80,80,80,80,80,80,80,80,85,85,85,85,85,85,85,85],"card_choices":[{"not_picked":["PiercingWail","Escape Plan","Skewer"],"picked":"SKIP","floor":1},{"not_picked":["PiercingWail","Blur"],"picked":"Deadly Poison","floor":2},{"not_picked":["Predator","Finisher"],"picked":"Backflip","floor":3},{"not_picked":["Quick Slash","Slice"],"picked":"Crippling Poison","floor":5},{"not_picked":["Masterful Stab","Eviscerate"],"picked":"Poisoned Stab","floor":6},{"not_picked":["Prepared","Bouncing Flask","Underhanded Strike"],"picked":"SKIP","floor":7},{"not_picked":["Infinite Blades","PiercingWail"],"picked":"Deadly Poison","floor":8},{"not_picked":["Dagger Spray","Night Terror","Flying Knee"],"picked":"SKIP","floor":11},{"not_picked":["Flying Knee","Underhanded Strike","Dodge and Roll"],"picked":"SKIP","floor":12},{"not_picked":["Sucker Punch","Masterful Stab","Dagger Throw"],"picked":"SKIP","floor":14},{"not_picked":["Tools of the Trade","Doppelganger"],"picked":"Unload","floor":16},{"not_picked":["Escape Plan","Finisher+1"],"picked":"Quick Slash+1","floor":18},{"not_picked":["Dagger Throw","Backstab"],"picked":"Noxious Fumes+1","floor":22},{"not_picked":["Cloak And Dagger+1","Outmaneuver"],"picked":"Catalyst","floor":23},{"not_picked":["Blade Dance","Slice"],"picked":"Caltrops+1","floor":24}],"player_experience":84464,"relics_obtained":[{"floor":6,"key":"Pear"},{"floor":9,"key":"Gremlin Horn"},{"floor":23,"key":"Bag of Marbles"},{"floor":26,"key":"PreservedInsect"}],"event_choices":[{"damage_healed":0,"gold_gain":0,"cards_transformed":["Strike_G"],"player_choice":"Transformed","damage_taken":0,"max_hp_gain":0,"max_hp_loss":0,"event_name":"Transmorgrifier","floor":4,"gold_loss":0,"cards_obtained":["Choke"]},{"damage_healed":0,"gold_gain":0,"player_choice":"Got Potions","damage_taken":0,"max_hp_gain":0,"max_hp_loss":0,"event_name":"Lab","floor":10,"gold_loss":0},{"damage_healed":20,"gold_gain":0,"player_choice":"Healed and dodged fight","damage_taken":0,"max_hp_gain":0,"max_hp_loss":0,"event_name":"Mushrooms","floor":13,"gold_loss":0,"cards_obtained":["Parasite"]},{"damage_healed":0,"gold_gain":0,"player_choice":"Ignored","damage_taken":0,"max_hp_gain":0,"max_hp_loss":0,"event_name":"Cursed Tome","floor":19,"gold_loss":0},{"damage_healed":0,"gold_gain":0,"player_choice":"Inject Mutagens","damage_taken":0,"relics_obtained":["MutagenicStrength"],"max_hp_gain":0,"max_hp_loss":0,"event_name":"Drug Dealer","floor":20,"gold_loss":0},{"damage_healed":0,"gold_gain":0,"player_choice":"Shed Blood","damage_taken":20,"max_hp_gain":5,"max_hp_loss":0,"event_name":"Forgotten Altar","floor":21,"gold_loss":0},{"damage_healed":0,"gold_gain":0,"player_choice":"Fight","damage_taken":0,"max_hp_gain":0,"max_hp_loss":0,"event_name":"Colosseum","floor":28,"gold_loss":0},{"damage_healed":0,"gold_gain":0,"player_choice":"Fought Nobs","damage_taken":0,"max_hp_gain":0,"max_hp_loss":0,"event_name":"Colosseum","floor":28,"gold_loss":0}],"is_beta":false,"boss_relics":[{"not_picked":["Cursed Key","Runic Dome"],"picked":"Sozu"}],"items_purged_floors":[27],"is_endless":false,"potions_floor_spawned":[3,7,8,12,18,24],"killed_by":"Colosseum Nobs","ascension_level":0}