{"gold_per_floor":[110,110,127,145,70,70,84,109,109,130,130,110,110],"floor_reached":13,"playtime":774,"items_purged":["Strike_R"],"score":145,"play_id":"ac7b3703-e84f-44e4-b208-4c1281b88a13","local_time":"20190116201015","is_ascension_mode":true,"campfire_choices":[{"data":"Body Slam","floor":6,"key":"SMITH"},{"floor":11,"key":"REST"}],"neow_cost":"TEN_PERCENT_HP_LOSS","seed_source_timestamp":639035210151013,"circlet_count":0,"master_deck":["AscendersBane","Strike_R","Strike_R","Strike_R","Strike_R","Defend_R","Defend_R","Defend_R","Defend_R","Bash","Dropkick","Whirlwind","Body Slam+1","Disarm","True Grit","Armaments"],"relics":["Burning Blood","Incense Burner","Strawberry","Matryoshka","Odd Mushroom"],"potions_floor_usage":[8,13,13],"damage_taken":[{"damage":19,"enemies":"Small Slimes","floor":1,"turns":4},{"damage":0,"enemies":"Cultist","floor":3,"turns":3},{"damage":0,"enemies":"2 Louse","floor":4,"turns":1},{"damage":10,"enemies":"2 Fungi Beasts","floor":7,"turns":3},{"damage":35,"enemies":"3 Sentries","floor":8,"turns":8},{"damage":39,"enemies":"The Mushroom Lair","floor":10,"turns":5},{"damage":33,"enemies":"Lagavulin","floor":13,"turns":5}],"seed_played":"-5121367759691240569","potions_obtained":[{"floor":1,"key":"PowerPotion"},{"floor":4,"key":"EssenceOfSteel"},{"floor":12,"key":"PowerPotion"}],"is_trial":false,"path_per_floor":["M","?","M","M","$","R","M","E","T","?","R","?","E"],"character_chosen":"IRONCLAD","items_purchased":[],"campfire_rested":1,"item_purchase_floors":[],"current_hp_per_floor":[55,55,61,67,67,67,63,41,41,8,30,30,0],"gold":110,"neow_bonus":"ONE_RARE_RELIC","is_prod":false,"is_daily":false,"chose_seed":false,"campfire_upgraded":1,"win_rate":0,"timestamp":1547669415,"path_taken":["M","?","?","?","$","R","M","E","T","?","R","?","E"],"build_version":"2019-01-10","purchased_purges":1,"victory":false,"max_hp_per_floor":[68,68,68,68,68,68,68,75,75,75,75,75,75],"card_choices":[{"not_picked":["Flame Barrier","Headbutt"],"picked":"Dropkick","floor":1},{"not_picked":["Warcry","Sever Soul"],"picked":"Whirlwind","floor":3},{"not_picked":["Perfected Strike","Wild Strike"],"picked":"Body Slam","floor":4},{"not_picked":["Brutality","Havoc"],"picked":"Disarm","floor":7},{"not_picked":["Clothesline","Warcry"],"picked":"True Grit","floor":8},{"not_picked":["Body Slam","Clothesline"],"picked":"Armaments","floor":10}],"player_experience":1198199,"relics_obtained":[{"floor":8,"key":"Strawberry"},{"floor":9,"key":"Matryoshka"},{"floor":10,"key":"Odd Mushroom"}],"event_choices":[{"damage_healed":0,"gold_gain":0,"player_choice":"0 cards matched","damage_taken":0,"max_hp_gain":0,"max_hp_loss":0,"event_name":"Match and Keep!","floor":2,"gold_loss":0,"cards_obtained":[]},{"damage_healed":0,"gold_gain":0,"player_choice":"Fought Mushrooms","damage_taken":0,"max_hp_gain":0,"max_hp_loss":0,"event_name":"Mushrooms","floor":10,"gold_loss":0},{"damage_healed":0,"gold_gain":0,"player_choice":"Bought 1 Potion","damage_taken":0,"max_hp_gain":0,"max_hp_loss":0,"event_name":"The Woman in Blue","floor":12,"gold_loss":0}],"is_beta":false,"boss_relics":[],"items_purged_floors":[5],"is_endless":false,"potions_floor_spawned":[1,4],"killed_by":"Lagavulin","ascension_level":15}