{"gold_per_floor":[118,138,153,153,165,195,195,209,209,239,218,218,229,253,253,349,349,369,270,270,270,284,132,203,203,230,246,264,290,14,32,32,32],"floor_reached":33,"playtime":1652,"items_purged":["Strike_R","Strike_R","Writhe"],"score":360,"play_id":"01dbe90b-8f0b-457d-bffd-482401f85aad","local_time":"20190109182009","is_ascension_mode":true,"campfire_choices":[{"data":"Uppercut","floor":7,"key":"SMITH"},{"floor":15,"key":"REST"},{"data":"Whirlwind","floor":25,"key":"SMITH"},{"floor":32,"key":"REST"}],"neow_cost":"PERCENT_DAMAGE","seed_source_timestamp":14064166027430,"circlet_count":0,"master_deck":["Strike_R","Strike_R","Strike_R","Defend_R","Defend_R+1","Defend_R","Defend_R+1","Bash","Demon Form","Ghostly Armor","Warcry","Uppercut+1","Rage","Flame Barrier+1","Headbutt","Bludgeon","Shrug It Off+1","Shrug It Off","Dropkick","Whirlwind+1","Sword Boomerang","Sword Boomerang","Double Tap"],"relics":["Burning Blood","Shuriken","Ornamental Fan","Pen Nib","War Paint","Philosopher\u0027s Stone","Champion Belt","Frozen Egg 2","Ancient Tea Set","Bag of Preparation","Lantern"],"potions_floor_usage":[5,10,13,29],"damage_taken":[{"damage":8,"enemies":"Jaw Worm","floor":1,"turns":5},{"damage":4,"enemies":"Cultist","floor":2,"turns":5},{"damage":3,"enemies":"Small Slimes","floor":3,"turns":4},{"damage":17,"enemies":"Exordium Thugs","floor":5,"turns":4},{"damage":18,"enemies":"Gremlin Nob","floor":6,"turns":4},{"damage":0,"enemies":"Exordium Wildlife","floor":8,"turns":3},{"damage":49,"enemies":"3 Sentries","floor":10,"turns":9},{"damage":3,"enemies":"Blue Slaver","floor":13,"turns":3},{"damage":28,"enemies":"The Guardian","floor":16,"turns":12},{"damage":0,"enemies":"Spheric Guardian","floor":18,"turns":1},{"damage":10,"enemies":"Shell Parasite","floor":22,"turns":5},{"damage":16,"enemies":"Shelled Parasite and Fungi","floor":27,"turns":6},{"damage":17,"enemies":"3 Cultists","floor":28,"turns":5},{"damage":23,"enemies":"Slavers","floor":29,"turns":6},{"damage":23,"enemies":"Centurion and Healer","floor":31,"turns":6},{"damage":66,"enemies":"Collector","floor":33,"turns":6}],"seed_played":"4101941695166966275","potions_obtained":[{"floor":1,"key":"PowerPotion"},{"floor":3,"key":"AttackPotion"},{"floor":6,"key":"Regen Potion"},{"floor":16,"key":"Block Potion"},{"floor":31,"key":"FairyPotion"}],"is_trial":false,"path_per_floor":["M","M","M","?","M","E","R","M","T","E","?","?","M","T","R","B",null,"M","$","?","?","M","$","T","R","T","M","M","E","$","M","R","B"],"character_chosen":"IRONCLAD","items_purchased":["Shrug It Off","Sword Boomerang","Lantern"],"campfire_rested":2,"item_purchase_floors":[19,23,30],"current_hp_per_floor":[49,51,54,54,43,31,31,37,37,9,9,9,12,12,36,14,64,70,70,70,70,66,66,66,66,66,56,45,28,28,11,35,0],"gold":32,"neow_bonus":"THREE_RARE_CARDS","is_prod":false,"is_daily":false,"chose_seed":false,"campfire_upgraded":2,"win_rate":0,"timestamp":1547079609,"path_taken":["M","M","M","?","?","E","R","M","T","E","?","?","?","?","R","BOSS","M","$","?","?","M","$","?","R","T","M","M","E","$","?","R","BOSS"],"build_version":"2019-01-03v4","purchased_purges":3,"victory":false,"max_hp_per_floor":[80,80,80,80,80,80,80,80,80,80,80,80,80,80,80,80,80,80,80,80,80,80,80,80,80,80,80,80,80,80,80,80,80],"card_choices":[{"not_picked":["Feed","Barricade"],"picked":"Demon Form","floor":0},{"not_picked":["Anger","Sever Soul"],"picked":"Ghostly Armor","floor":1},{"not_picked":["Perfected Strike","Intimidate"],"picked":"Warcry","floor":2},{"not_picked":["Headbutt","Infernal Blade"],"picked":"Uppercut","floor":3},{"not_picked":["Sever Soul","Havoc","Iron Wave"],"picked":"SKIP","floor":5},{"not_picked":["Power Through","Reckless Charge"],"picked":"Rage","floor":6},{"not_picked":["Wild Strike","Shockwave","Second Wind"],"picked":"SKIP","floor":8},{"not_picked":["Immolate","Pommel Strike"],"picked":"Flame Barrier","floor":10},{"not_picked":["Pommel Strike","Shockwave"],"picked":"Headbutt","floor":13},{"not_picked":["Barricade","Exhume"],"picked":"Bludgeon","floor":16},{"not_picked":["Evolve+1","Entrench"],"picked":"Shrug It Off+1","floor":18},{"not_picked":["Dropkick","Flex"],"picked":"Whirlwind","floor":22},{"not_picked":["Perfected Strike","Cleave","Clash"],"picked":"SKIP","floor":27},{"not_picked":["Perfected Strike","Iron Wave"],"picked":"Sword Boomerang","floor":28},{"not_picked":["True Grit","Body Slam","Havoc"],"picked":"SKIP","floor":29},{"not_picked":["Clash","Wild Strike"],"picked":"Double Tap","floor":31}],"player_experience":135406,"relics_obtained":[{"floor":6,"key":"Shuriken"},{"floor":9,"key":"Ornamental Fan"},{"floor":10,"key":"Pen Nib"},{"floor":14,"key":"War Paint"},{"floor":24,"key":"Frozen Egg 2"},{"floor":26,"key":"Ancient Tea Set"},{"floor":29,"key":"Bag of Preparation"}],"event_choices":[{"damage_healed":0,"gold_gain":0,"player_choice":"Bought 0 Potions","damage_taken":0,"max_hp_gain":0,"max_hp_loss":0,"event_name":"The Woman in Blue","floor":4,"gold_loss":0},{"damage_healed":0,"gold_gain":0,"player_choice":"Left Gold","damage_taken":0,"max_hp_gain":0,"max_hp_loss":0,"event_name":"World of Goop","floor":11,"gold_loss":21},{"damage_healed":0,"gold_gain":0,"player_choice":"Upgraded","damage_taken":0,"max_hp_gain":0,"max_hp_loss":0,"event_name":"Upgrade Shrine","floor":12,"gold_loss":0,"cards_upgraded":["Flame Barrier"]},{"damage_healed":0,"gold_gain":0,"player_choice":"Read","damage_taken":0,"max_hp_gain":0,"max_hp_loss":0,"event_name":"The Library","floor":20,"gold_loss":0,"cards_obtained":["Dropkick"]},{"damage_healed":0,"gold_gain":0,"player_choice":"Opened","damage_taken":0,"relics_obtained":["Champion Belt"],"max_hp_gain":0,"max_hp_loss":0,"event_name":"The Mausoleum","floor":21,"gold_loss":0,"cards_obtained":["Writhe"]}],"is_beta":false,"boss_relics":[{"not_picked":["Astrolabe","Eternal Feather"],"picked":"Philosopher\u0027s Stone"}],"items_purged_floors":[19,23,30],"is_endless":false,"potions_floor_spawned":[1,3,6,16,31],"killed_by":"Collector","ascension_level":6}