{"gold_per_floor":[17,92,92,92,92,92,120,120,120,131,145,70,70,85,85,85],"floor_reached":16,"playtime":467,"items_purged":["Strike_R"],"score":167,"play_id":"ee6268f8-a72c-4632-9228-5fd9ff6b3947","local_time":"20190210111532","is_ascension_mode":true,"campfire_choices":[{"floor":6,"key":"REST"},{"floor":8,"key":"REST"},{"floor":15,"key":"REST"}],"neow_cost":"NO_GOLD","seed_source_timestamp":16669949894024,"circlet_count":0,"master_deck":["AscendersBane","Strike_R","Strike_R","Defend_R","Defend_R","Defend_R","Bash","Shrug It Off","Uppercut"],"relics":["Burning Blood","Happy Flower","Bag of Preparation","StoneCalendar","Golden Idol"],"potions_floor_usage":[16,16],"damage_taken":[{"damage":3,"enemies":"Small Slimes","floor":1,"turns":4},{"damage":54,"enemies":"Lagavulin","floor":7,"turns":10},{"damage":2,"enemies":"2 Louse","floor":10,"turns":4},{"damage":0,"enemies":"Jaw Worm","floor":11,"turns":3},{"damage":18,"enemies":"Lots of Slimes","floor":14,"turns":4},{"damage":50,"enemies":"The Guardian","floor":16,"turns":12}],"seed_played":"3548218409854228456","potions_obtained":[{"floor":7,"key":"EntropicBrew"}],"is_trial":false,"path_per_floor":["M","?","?","?","?","R","E","R","T","M","M","$","?","M","R","B"],"character_chosen":"IRONCLAD","items_purchased":[],"campfire_rested":3,"item_purchase_floors":[],"current_hp_per_floor":[71,60,53,46,46,68,20,42,42,46,52,52,34,22,44,0],"gold":85,"neow_bonus":"REMOVE_TWO","is_prod":false,"is_daily":false,"chose_seed":false,"campfire_upgraded":0,"win_rate":0,"timestamp":1549764932,"path_taken":["M","?","?","?","?","R","E","R","T","M","M","$","?","M","R","BOSS"],"build_version":"2019-01-23","purchased_purges":1,"victory":false,"max_hp_per_floor":[75,75,75,75,75,75,75,75,75,75,75,75,75,75,75,75],"card_choices":[{"not_picked":["True Grit","Perfected Strike"],"picked":"Shrug It Off","floor":1},{"not_picked":["Flex","Bludgeon","Armaments"],"picked":"SKIP","floor":7},{"not_picked":["Dual Wield","True Grit","Flex"],"picked":"SKIP","floor":10},{"not_picked":["True Grit","Shrug It Off"],"picked":"Uppercut","floor":11},{"not_picked":["Dropkick","Pommel Strike","Perfected Strike"],"picked":"SKIP","floor":14}],"player_experience":193882,"relics_obtained":[{"floor":7,"key":"Bag of Preparation"},{"floor":9,"key":"StoneCalendar"}],"event_choices":[{"damage_healed":0,"gold_gain":75,"player_choice":"Gather Gold","damage_taken":11,"max_hp_gain":0,"max_hp_loss":0,"event_name":"World of Goop","floor":2,"gold_loss":0},{"damage_healed":0,"gold_gain":0,"player_choice":"Success","damage_taken":7,"relics_obtained":["Happy Flower"],"max_hp_gain":0,"max_hp_loss":0,"event_name":"Scrap Ooze","floor":3,"gold_loss":0},{"cards_removed":["Strike_R"],"damage_healed":0,"gold_gain":0,"player_choice":"Card Removal","damage_taken":7,"max_hp_gain":0,"max_hp_loss":0,"event_name":"Golden Wing","floor":4,"gold_loss":0},{"damage_healed":0,"gold_gain":0,"player_choice":"Ignored","damage_taken":0,"max_hp_gain":0,"max_hp_loss":0,"event_name":"Liars Game","floor":5,"gold_loss":0},{"damage_healed":0,"gold_gain":0,"player_choice":"Take Damage","damage_taken":18,"relics_obtained":["Golden Idol"],"max_hp_gain":0,"max_hp_loss":0,"event_name":"Golden Idol","floor":13,"gold_loss":0}],"is_beta":false,"boss_relics":[],"items_purged_floors":[12],"is_endless":false,"potions_floor_spawned":[7],"killed_by":"The Guardian","ascension_level":14}