{"gold_per_floor":[117,131,147,147,147,147,62,100,176,176,201,151,165,185,185,185],"floor_reached":16,"playtime":1066,"items_purged":[],"score":107,"play_id":"9e54b049-762c-4c39-a306-3d1516e2f13b","local_time":"20190124160531","is_ascension_mode":true,"campfire_choices":[{"data":"Armaments","floor":6,"key":"SMITH"},{"floor":10,"key":"REST"},{"floor":15,"key":"REST"}],"neow_cost":"PERCENT_DAMAGE","seed_source_timestamp":9469987809585,"circlet_count":0,"master_deck":["Strike_R","Strike_R","Strike_R","Strike_R","Defend_R","Defend_R","Defend_R","Defend_R","Bash","Juggernaut","Armaments+1","Finesse","Warcry"],"relics":["Burning Blood","Golden Idol","Potion Belt","Mummified Hand"],"potions_floor_usage":[16],"damage_taken":[{"damage":1,"enemies":"2 Louse","floor":1,"turns":3},{"damage":3,"enemies":"Small Slimes","floor":2,"turns":3},{"damage":3,"enemies":"Jaw Worm","floor":3,"turns":5},{"damage":36,"enemies":"3 Sentries","floor":8,"turns":9},{"damage":7,"enemies":"Looter","floor":11,"turns":4},{"damage":8,"enemies":"Exordium Thugs","floor":13,"turns":5},{"damage":2,"enemies":"Blue Slaver","floor":14,"turns":4},{"damage":54,"enemies":"Slime Boss","floor":16,"turns":11}],"seed_played":"7877942692379557575","potions_obtained":[{"floor":1,"key":"SpeedPotion"}],"is_trial":false,"path_per_floor":["M","M","M","?","?","R","$","E","T","R","M","?","M","M","R","B"],"character_chosen":"IRONCLAD","items_purchased":["Finesse"],"campfire_rested":2,"item_purchase_floors":[7],"current_hp_per_floor":[61,64,67,67,47,47,47,17,17,41,40,40,38,42,66,12],"gold":185,"neow_bonus":"THREE_RARE_CARDS","is_prod":false,"is_daily":false,"chose_seed":false,"campfire_upgraded":1,"win_rate":0,"timestamp":1548313531,"path_taken":["M","M","M","?","?","R","$","E","T","R","M","?","M","M","R","BOSS"],"build_version":"2019-01-23","purchased_purges":0,"victory":false,"max_hp_per_floor":[80,80,80,80,80,80,80,80,80,80,80,80,80,80,80,80],"card_choices":[{"not_picked":["Exhume","Offering"],"picked":"Juggernaut","floor":0},{"not_picked":["Bloodletting","Searing Blow","Iron Wave"],"picked":"SKIP","floor":1},{"not_picked":["Cleave","Sword Boomerang","Body Slam"],"picked":"SKIP","floor":2},{"not_picked":["Entrench","Dark Embrace"],"picked":"Armaments","floor":3},{"not_picked":["Body Slam","Limit Break","True Grit"],"picked":"SKIP","floor":8},{"not_picked":["Sword Boomerang","Perfected Strike"],"picked":"Warcry","floor":11},{"not_picked":["Pommel Strike","True Grit","Wild Strike"],"picked":"SKIP","floor":13},{"not_picked":["Corruption","Thunderclap","Double Tap"],"picked":"SKIP","floor":14}],"player_experience":84617,"relics_obtained":[{"floor":8,"key":"Potion Belt"},{"floor":9,"key":"Mummified Hand"}],"event_choices":[{"damage_healed":0,"gold_gain":0,"player_choice":"Ignored","damage_taken":0,"max_hp_gain":0,"max_hp_loss":0,"event_name":"Liars Game","floor":4,"gold_loss":0},{"damage_healed":0,"gold_gain":0,"player_choice":"Take Damage","damage_taken":20,"relics_obtained":["Golden Idol"],"max_hp_gain":0,"max_hp_loss":0,"event_name":"Golden Idol","floor":5,"gold_loss":0},{"cards_removed":["Strike_R"],"damage_healed":0,"gold_gain":0,"player_choice":"Card Removal","damage_taken":0,"max_hp_gain":0,"max_hp_loss":0,"event_name":"The Cleric","floor":12,"gold_loss":50}],"is_beta":false,"boss_relics":[],"items_purged_floors":[],"is_endless":false,"potions_floor_spawned":[1],"killed_by":"Slime Boss","ascension_level":1}