{"gold_per_floor":[113,123,123,123,135,135,152,162,162,162,179,198,198,213,213,317,317,327,341,108,127,127,156,156,156,156,168,196,224,43,60,60,163,163,180,180,67,67,77,77,477,502,502,502],"floor_reached":44,"playtime":2970,"items_purged":["Strike_B"],"score":477,"play_id":"d4aa3657-9368-49fa-b883-bf64db741db3","local_time":"20190204043005","is_ascension_mode":false,"campfire_choices":[{"data":"Zap","floor":6.0,"key":"SMITH"},{"data":"Fusion","floor":13.0,"key":"SMITH"},{"data":"White Noise","floor":15.0,"key":"SMITH"},{"data":"Coolheaded","floor":27.0,"key":"SMITH"},{"floor":32.0,"key":"REST"},{"data":"Discovery","floor":40,"key":"SMITH"}],"neow_cost":"NONE","seed_source_timestamp":0,"circlet_count":0,"master_deck":["Strike_B","Strike_B","Strike_B+1","Defend_B","Defend_B","Defend_B","Defend_B","Zap+1","Dualcast+1","Impatience","Fusion+1","Auto Shields","Ball Lightning","White Noise+1","Conserve Battery","Compile Driver","Core Surge","Rip and Tear+1","Ball Lightning","Coolheaded+1","Chaos+1","Glacier+1","Self Repair","Conserve Battery","Biased Cognition+1","Static Discharge+1","Zap","Loop+1","Discovery+1","Swift Strike","Master of Strategy","Darkness"],"special_seed":0,"relics":["Cracked Core","Pocketwatch","Busted Crown","Membership Card","Symbiotic Virus","Anchor","MawBank","Frozen Egg 2","Philosopher\u0027s Stone","Bronze Scales","Old Coin","Prayer Wheel","Gremlin Horn"],"potions_floor_usage":[],"damage_taken":[{"damage":2.0,"enemies":"2 Louse","floor":1.0,"turns":3.0},{"damage":12.0,"enemies":"Small Slimes","floor":2.0,"turns":3.0},{"damage":1.0,"enemies":"Cultist","floor":5.0,"turns":3.0},{"damage":13.0,"enemies":"Large Slime","floor":7.0,"turns":5.0},{"damage":4.0,"enemies":"Gremlin Gang","floor":8.0,"turns":4.0},{"damage":6.0,"enemies":"Red Slaver","floor":11.0,"turns":3.0},{"damage":5.0,"enemies":"2 Fungi Beasts","floor":12.0,"turns":4.0},{"damage":2.0,"enemies":"Blue Slaver","floor":14.0,"turns":3.0},{"damage":33.0,"enemies":"Hexaghost","floor":16.0,"turns":9.0},{"damage":19.0,"enemies":"2 Thieves","floor":18.0,"turns":4.0},{"damage":0.0,"enemies":"Chosen","floor":19.0,"turns":4.0},{"damage":15.0,"enemies":"Centurion and Healer","floor":21.0,"turns":6.0},{"damage":15.0,"enemies":"Gremlin Leader","floor":23.0,"turns":4.0},{"damage":11.0,"enemies":"Sentry and Sphere","floor":28.0,"turns":4.0},{"damage":14.0,"enemies":"Chosen and Byrds","floor":29.0,"turns":5.0},{"damage":10.0,"enemies":"Snake Plant","floor":31.0,"turns":3.0},{"damage":28.0,"enemies":"Collector","floor":33.0,"turns":12.0},{"damage":0,"enemies":"3 Darklings","floor":35,"turns":2},{"damage":3,"enemies":"3 Shapes","floor":39,"turns":4},{"damage":11,"enemies":"Mind Bloom Boss Battle","floor":41,"turns":8},{"damage":51,"enemies":"Reptomancer","floor":42,"turns":6},{"damage":26,"enemies":"Maw","floor":44,"turns":3}],"seed_played":"-3208735889105958378","potions_obtained":[{"floor":1.0,"key":"Swift Potion"},{"floor":11.0,"key":"Ancient Potion"},{"floor":16.0,"key":"Fruit Juice"},{"floor":19.0,"key":"FearPotion"},{"floor":28.0,"key":"PowerPotion"},{"floor":29.0,"key":"FairyPotion"},{"floor":31.0,"key":"GamblersBrew"},{"floor":35,"key":"FocusPotion"}],"is_trial":false,"path_per_floor":["M","M","?","?","M","R","M","M","T","?","M","M","R","M","R","B",null,"M","M","$","M","?","E","T","?","T","R","M","M","$","M","R","B",null,"M","?","$","?","M","R","?","E","T","M"],"character_chosen":"DEFECT","items_purchased":["Membership Card","Self Repair","Frozen Egg 2","Conserve Battery","Loop+1","Bronze Scales"],"campfire_rested":1,"item_purchase_floors":[20,30,30,30,37,37],"current_hp_per_floor":[73,61,46,46,45,45,32,28,28,75,69,64,64,62,62,29,80,61,61,61,46,46,31,31,31,31,31,20,6,6,8,32,11,80,80,80,80,70,74,74,70,26,26,0],"gold":502,"neow_bonus":"RANDOM_COLORLESS","is_prod":false,"is_daily":false,"chose_seed":false,"campfire_upgraded":5,"win_rate":0,"timestamp":1549276205,"path_taken":["M","M","?","?","?","R","M","M","T","?","M","M","R","M","R","BOSS","M","?","?","M","?","E","?","?","T","R","M","?","$","M","R","BOSS","M","?","$","?","M","R","?","E","T","?"],"build_version":"2019-01-23","purchased_purges":1,"victory":false,"max_hp_per_floor":[75,75,75,75,75,75,75,75,75,75,75,75,75,75,75,75,80,80,80,80,80,80,80,80,80,80,80,80,80,80,80,80,80,80,80,80,80,80,80,80,80,80,80,80],"card_choices":[{"not_picked":["Doom and Gloom","Stack"],"picked":"Fusion","floor":1.0},{"not_picked":["Stack","BootSequence"],"picked":"Loop","floor":2.0},{"not_picked":["Leap","Redo"],"picked":"Auto Shields","floor":5.0},{"not_picked":["Beam Cell","Streamline"],"picked":"Ball Lightning","floor":7.0},{"not_picked":["Barrage","Gash"],"picked":"White Noise","floor":8.0},{"not_picked":["Auto Shields","Consume"],"picked":"Conserve Battery","floor":11.0},{"not_picked":["Loop","Redo"],"picked":"Compile Driver","floor":12.0},{"not_picked":["Rebound","Gash","Turbo"],"picked":"SKIP","floor":14.0},{"not_picked":["Seek","Fission"],"picked":"Core Surge","floor":16.0},{"not_picked":[],"picked":"Rip and Tear+1","floor":18.0},{"not_picked":["Stack"],"picked":"SKIP","floor":19.0},{"not_picked":[],"picked":"Ball Lightning","floor":21.0},{"not_picked":[],"picked":"Chaos+1","floor":23.0},{"not_picked":["Beam Cell"],"picked":"SKIP","floor":28.0},{"not_picked":[],"picked":"Glacier+1","floor":29.0},{"not_picked":["Go for the Eyes"],"picked":"SKIP","floor":31.0},{"not_picked":[],"picked":"Biased Cognition+1","floor":33.0},{"not_picked":[],"picked":"Static Discharge+1","floor":35},{"not_picked":[],"picked":"Discovery","floor":38},{"not_picked":[],"picked":"Swift Strike","floor":38},{"not_picked":[],"picked":"Master of Strategy","floor":38},{"not_picked":["Barrage"],"picked":"SKIP","floor":39},{"not_picked":[],"picked":"Darkness","floor":42}],"player_experience":728750,"relics_obtained":[{"floor":9.0,"key":"Pocketwatch"},{"floor":23.0,"key":"Symbiotic Virus"},{"floor":24.0,"key":"Anchor"},{"floor":26.0,"key":"MawBank"},{"floor":41,"key":"Old Coin"},{"floor":42,"key":"Prayer Wheel"},{"floor":43,"key":"Gremlin Horn"}],"event_choices":[{"damage_healed":0.0,"max_hp_gain":0.0,"max_hp_loss":0.0,"gold_gain":0.0,"event_name":"Shining Light","player_choice":"Entered Light","floor":3.0,"gold_loss":0.0,"damage_taken":15.0,"cards_upgraded":["Strike_B","Dualcast"]},{"damage_healed":0.0,"max_hp_gain":0.0,"max_hp_loss":0.0,"gold_gain":0.0,"event_name":"The Woman in Blue","player_choice":"Bought 0 Potions","floor":4.0,"gold_loss":0.0,"damage_taken":0.0},{"cards_removed":["Loop"],"damage_healed":47.0,"max_hp_gain":0.0,"max_hp_loss":0.0,"gold_gain":0.0,"event_name":"Bonfire Elementals","player_choice":"Offered Uncommon","floor":10.0,"gold_loss":0.0,"damage_taken":0.0},{"damage_healed":0.0,"max_hp_gain":0.0,"max_hp_loss":0.0,"gold_gain":0.0,"event_name":"The Library","player_choice":"Read","floor":22.0,"gold_loss":0.0,"damage_taken":0.0,"cards_obtained":["Coolheaded"]},{"damage_healed":0.0,"max_hp_gain":0.0,"max_hp_loss":0.0,"gold_gain":0.0,"event_name":"Vampires","player_choice":"Ignored","floor":25.0,"gold_loss":0.0,"damage_taken":0.0},{"damage_healed":0,"gold_gain":0,"player_choice":"1 cards matched","damage_taken":0,"max_hp_gain":0,"max_hp_loss":0,"event_name":"Match and Keep!","floor":36,"gold_loss":0,"cards_obtained":["Zap"]},{"damage_healed":0,"gold_gain":0,"player_choice":"Memory 3","damage_taken":10,"max_hp_gain":0,"max_hp_loss":0,"event_name":"SensoryStone","floor":38,"gold_loss":0},{"damage_healed":0,"gold_gain":0,"player_choice":"Fight","damage_taken":0,"max_hp_gain":0,"max_hp_loss":0,"event_name":"MindBloom","floor":41,"gold_loss":0}],"is_beta":false,"boss_relics":[{"not_picked":["Runic Dome","Black Star"],"picked":"Busted Crown"},{"not_picked":["Pandora\u0027s Box","Snecko Eye"],"picked":"Philosopher\u0027s Stone"}],"items_purged_floors":[20],"is_endless":false,"potions_floor_spawned":[1,11,16,19,28,29,31,35,41],"killed_by":"Maw","ascension_level":0}