{"gold_per_floor":[211,230,87,107,107,140,140,164,164,12,12,12,36,79,79,203,203,143,166,166,166,166,166,166],"floor_reached":24,"playtime":2324,"items_purged":["Strike_R"],"score":200,"play_id":"5bd0d65b-de44-46c8-8afa-d69274f19fdf","local_time":"20190211105117","is_ascension_mode":false,"campfire_choices":[{"data":"Brutality","floor":7,"key":"SMITH"},{"data":"Shockwave","floor":15,"key":"SMITH"},{"data":"Whirlwind","floor":23,"key":"SMITH"}],"neow_cost":"NONE","seed_source_timestamp":0,"circlet_count":0,"master_deck":["Strike_R","Strike_R","Strike_R","Defend_R","Defend_R","Defend_R","Bash","Heavy Blade","Shockwave+1","Thunderclap","Brutality+1","Dropkick","Flame Barrier+1","Flex+1","Juggernaut","Decay","Normality","Doubt","Inflame","Whirlwind+1","J.A.X.+1"],"special_seed":0,"relics":["Burning Blood","Bronze Scales","Toxic Egg 2","Odd Mushroom","Paper Frog","Golden Idol","Mango","Calling Bell","Omamori","Meat on the Bone","Nloth\u0027s Gift"],"potions_floor_usage":[14,14,14],"damage_taken":[{"damage":1,"enemies":"Jaw Worm","floor":1,"turns":4},{"damage":6,"enemies":"2 Louse","floor":2,"turns":2},{"damage":0,"enemies":"Small Slimes","floor":4,"turns":3},{"damage":44,"enemies":"Lagavulin","floor":6,"turns":7},{"damage":13,"enemies":"The Mushroom Lair","floor":8,"turns":5},{"damage":1,"enemies":"Exordium Thugs","floor":13,"turns":5},{"damage":10,"enemies":"3 Sentries","floor":14,"turns":6},{"damage":21,"enemies":"The Guardian","floor":16,"turns":10},{"damage":24,"enemies":"2 Thieves","floor":18,"turns":4},{"damage":7,"enemies":"3 Byrds","floor":19,"turns":4},{"damage":84,"enemies":"Slavers","floor":24,"turns":4}],"seed_played":"-6404281990411652582","potions_obtained":[{"floor":4,"key":"BloodPotion"},{"floor":6,"key":"PowerPotion"},{"floor":8,"key":"EssenceOfSteel"},{"floor":16,"key":"Explosive Potion"}],"is_trial":false,"path_per_floor":["M","M","$","M","?","E","R","?","T","$","?","?","M","E","R","B",null,"M","M","?","?","?","R","E"],"character_chosen":"IRONCLAD","items_purchased":["Bronze Scales","Flame Barrier+1"],"campfire_rested":0,"item_purchase_floors":[3,10],"current_hp_per_floor":[80,80,80,80,80,42,42,35,35,35,28,8,13,31,31,16,94,76,75,75,75,75,75,0],"gold":166,"neow_bonus":"HUNDRED_GOLD","is_prod":false,"is_daily":false,"chose_seed":false,"campfire_upgraded":3,"win_rate":0.0,"timestamp":1549878677,"path_taken":["M","M","$","M","?","E","R","?","T","?","?","?","M","E","R","BOSS","M","M","?","?","?","R","E"],"build_version":"2019-01-23","purchased_purges":1,"victory":false,"max_hp_per_floor":[80,80,80,80,80,80,80,80,80,80,80,80,80,94,94,94,94,94,94,94,94,94,94,94],"card_choices":[{"not_picked":["Havoc","Cleave"],"picked":"Heavy Blade","floor":1},{"not_picked":["Sentinel","Havoc"],"picked":"Shockwave","floor":2},{"not_picked":["Sword Boomerang","Clash"],"picked":"Thunderclap","floor":4},{"not_picked":["Perfected Strike","Power Through"],"picked":"Brutality","floor":6},{"not_picked":["Fire Breathing","Clothesline"],"picked":"Dropkick","floor":8},{"not_picked":["Ghostly Armor+1","Twin Strike"],"picked":"Flex+1","floor":13},{"not_picked":["Havoc+1","Corruption","Sentinel+1"],"picked":"SKIP","floor":14},{"not_picked":["Brutality","Impervious+1"],"picked":"Juggernaut","floor":16},{"not_picked":["Pummel","Sword Boomerang"],"picked":"Inflame","floor":18},{"not_picked":["Headbutt+1","Carnage+1"],"picked":"Whirlwind","floor":19}],"player_experience":190381,"relics_obtained":[{"floor":6,"key":"Toxic Egg 2"},{"floor":8,"key":"Odd Mushroom"},{"floor":9,"key":"Paper Frog"},{"floor":14,"key":"Mango"},{"floor":17,"key":"Omamori"},{"floor":17,"key":"Meat on the Bone"},{"floor":17,"key":"Dead Branch"}],"event_choices":[{"cards_removed":["Strike_R"],"damage_healed":0,"gold_gain":0,"player_choice":"Forget","damage_taken":0,"max_hp_gain":0,"max_hp_loss":0,"event_name":"Living Wall","floor":5,"gold_loss":0},{"damage_healed":0,"gold_gain":0,"player_choice":"Fought Mushrooms","damage_taken":0,"max_hp_gain":0,"max_hp_loss":0,"event_name":"Mushrooms","floor":8,"gold_loss":0},{"cards_removed":["Defend_R"],"damage_healed":0,"gold_gain":0,"player_choice":"Card Removal","damage_taken":7,"max_hp_gain":0,"max_hp_loss":0,"event_name":"Golden Wing","floor":11,"gold_loss":0},{"damage_healed":0,"gold_gain":0,"player_choice":"Take Damage","damage_taken":20,"relics_obtained":["Golden Idol"],"max_hp_gain":0,"max_hp_loss":0,"event_name":"Golden Idol","floor":12,"gold_loss":0},{"damage_healed":0,"gold_gain":0,"player_choice":"Obtain J.A.X.","damage_taken":0,"max_hp_gain":0,"max_hp_loss":0,"event_name":"Drug Dealer","floor":20,"gold_loss":0,"cards_obtained":["J.A.X."]},{"damage_healed":0,"gold_gain":0,"player_choice":"Ignored","damage_taken":0,"max_hp_gain":0,"max_hp_loss":0,"event_name":"Vampires","floor":21,"gold_loss":0},{"damage_healed":0,"gold_gain":0,"player_choice":"Traded Relic","damage_taken":0,"relics_obtained":["Nloth\u0027s Gift"],"max_hp_gain":0,"max_hp_loss":0,"event_name":"N\u0027loth","floor":22,"relics_lost":["Dead Branch"],"gold_loss":0}],"is_beta":false,"boss_relics":[{"not_picked":["Astrolabe","Philosopher\u0027s Stone"],"picked":"Calling Bell"}],"items_purged_floors":[10],"is_endless":false,"potions_floor_spawned":[4,6,8,16],"killed_by":"Slavers","ascension_level":0}