{"gold_per_floor":[112,112,123,141,156,156,36,36,36,46,46,121,139,471,471,568,568,585,684,704,69,69,69,87,87,114,126,151,174,204,251,263,375,387,417,429,441,24,34,34,34],"floor_reached":41,"playtime":3483,"items_purged":["Strike_R","Strike_R","Defend_R"],"score":463,"play_id":"1314714a-1db7-400c-9ca8-15a164dba5e2","local_time":"20180803000316","is_ascension_mode":false,"campfire_choices":[{"data":"Body Slam","floor":6,"key":"SMITH"},{"data":"True Grit","floor":8,"key":"SMITH"},{"floor":15,"key":"REST"},{"data":"True Grit","floor":23,"key":"SMITH"},{"data":"Berserk","floor":25,"key":"SMITH"},{"data":"Secret Weapon","floor":27,"key":"SMITH"},{"floor":32,"key":"REST"},{"data":"Armaments","floor":40,"key":"SMITH"}],"neow_cost":"NONE","seed_source_timestamp":1071028284601331,"circlet_count":0,"master_deck":["Defend_R","Defend_R","Defend_R","Bash","Body Slam+1","Warcry","Shrug It Off","Thunderclap","True Grit+1","Shrug It Off","Berserk+1","True Grit+1","Juggernaut","Shrug It Off","Ghostly Armor","Ghostly Armor","Secret Weapon+1","Shrug It Off+1","Armaments+1","Iron Wave+1","Shrug It Off","Rampage+1","Barricade","Dual Wield","Madness","Madness","Metallicize","Rampage","Thinking Ahead","Metallicize"],"relics":["Eternal Feather","Champion Belt","Old Coin","Sozu","Meat on the Bone","MawBank","Orichalcum","Lizard Tail"],"potions_floor_usage":[],"damage_taken":[{"damage":1,"enemies":"Cultist","floor":1,"turns":4},{"damage":8,"enemies":"Jaw Worm","floor":3,"turns":4},{"damage":7,"enemies":"Small Slimes","floor":4,"turns":4},{"damage":6,"enemies":"Blue Slaver","floor":5,"turns":4},{"damage":3,"enemies":"2 Fungi Beasts","floor":10,"turns":4},{"damage":0,"enemies":"Looter","floor":13,"turns":3},{"damage":33,"enemies":"3 Sentries","floor":14,"turns":10},{"damage":18,"enemies":"The Guardian","floor":16,"turns":14},{"damage":16,"enemies":"2 Thieves","floor":18,"turns":4},{"damage":19,"enemies":"3 Byrds","floor":20,"turns":6},{"damage":7,"enemies":"Slaver and Parasite","floor":24,"turns":6},{"damage":12,"enemies":"Snecko","floor":28,"turns":7},{"damage":2,"enemies":"Sentry and Sphere","floor":29,"turns":6},{"damage":1,"enemies":"Centurion and Healer","floor":30,"turns":8},{"damage":21,"enemies":"Gremlin Leader","floor":31,"turns":8},{"damage":60,"enemies":"Collector","floor":33,"turns":12},{"damage":53,"enemies":"Flame Bruiser 1 Orb","floor":35,"turns":7},{"damage":18,"enemies":"3 Shapes","floor":39,"turns":7},{"damage":118,"enemies":"2 Orb Walkers","floor":41,"turns":9}],"seed_played":"3064850303134143569","potions_obtained":[{"floor":1,"key":"SteroidPotion"}],"is_trial":false,"path_per_floor":["M","?","M","M","M","R","$","R","T","M","?","?","M","E","R","B",null,"M","?","M","$","?","R","M","R","T","R","M","M","M","E","R","B",null,"M","?","?","$","M","R"],"character_chosen":"IRONCLAD","items_purchased":["True Grit","Ghostly Armor","Secret Weapon","Meat on the Bone","Metallicize","Rampage","Thinking Ahead"],"campfire_rested":2,"item_purchase_floors":[7,21,21,21,38,38,38],"current_hp_per_floor":[79,72,64,57,51,57,57,63,63,60,60,49,49,16,49,31,80,64,64,45,45,45,54,47,56,56,65,53,51,50,41,77,29,80,39,29,70,70,52,70,0],"gold":34,"neow_bonus":"BOSS_RELIC","is_prod":false,"is_daily":false,"chose_seed":false,"campfire_upgraded":6,"win_rate":0,"timestamp":1533268996,"path_taken":["M","?","M","?","M","R","$","R","T","M","?","?","M","E","R","BOSS","M","?","M","$","?","R","M","R","T","R","M","M","M","E","R","BOSS","M","?","?","?","M","R","E"],"build_version":"2018-08-02","purchased_purges":3,"victory":false,"max_hp_per_floor":[80,80,80,80,80,80,80,80,80,80,80,80,80,80,80,80,80,80,80,80,80,80,80,80,80,80,80,80,80,80,80,80,80,80,80,80,70,70,70,70,70],"card_choices":[{"not_picked":["Pummel","Cleave"],"picked":"Body Slam","floor":1},{"not_picked":["Wild Strike","Perfected Strike"],"picked":"Warcry","floor":3},{"not_picked":["Reckless Charge","Perfected Strike"],"picked":"Shrug It Off","floor":4},{"not_picked":["Sever Soul","Clothesline"],"picked":"Thunderclap","floor":5},{"not_picked":["Warcry","Twin Strike"],"picked":"Shrug It Off","floor":10},{"not_picked":["Second Wind","Anger"],"picked":"Berserk","floor":13},{"not_picked":["Clothesline","Reaper"],"picked":"True Grit","floor":14},{"not_picked":["Brutality","Reaper"],"picked":"Juggernaut","floor":16},{"not_picked":["Clash","Body Slam"],"picked":"Shrug It Off","floor":18},{"not_picked":["Clash","Whirlwind"],"picked":"Ghostly Armor","floor":20},{"not_picked":["Anger","Bloodletting"],"picked":"Shrug It Off+1","floor":24},{"not_picked":["Twin Strike+1","Anger"],"picked":"Armaments","floor":28},{"not_picked":["Headbutt","Cleave"],"picked":"Iron Wave+1","floor":29},{"not_picked":["Sword Boomerang","Carnage"],"picked":"Shrug It Off","floor":30},{"not_picked":["True Grit","Immolate"],"picked":"Rampage+1","floor":31},{"not_picked":["Demon Form","Bludgeon"],"picked":"Barricade","floor":33},{"not_picked":["Clash","Sever Soul"],"picked":"Dual Wield","floor":35},{"not_picked":["Dropkick","Clothesline+1"],"picked":"Metallicize","floor":39}],"player_experience":112264,"relics_obtained":[{"floor":9,"key":"Champion Belt"},{"floor":14,"key":"Old Coin"},{"floor":26,"key":"MawBank"},{"floor":31,"key":"Orichalcum"}],"event_choices":[{"event_name":"Golden Wing","player_choice":"Card Removal","floor":2,"damage_taken":0},{"event_name":"Living Wall","player_choice":"Forget","floor":11,"damage_taken":0},{"event_name":"World of Goop","player_choice":"Gather Gold","floor":12,"damage_taken":0},{"event_name":"Nest","player_choice":"Stole From Cult","floor":19,"damage_taken":0},{"event_name":"Back to Basics","player_choice":"Elegance","floor":22,"damage_taken":0},{"event_name":"Winding Halls","player_choice":"Embrace Madness","floor":36,"damage_taken":0},{"event_name":"The Moai Head","player_choice":"Heal","floor":37,"damage_taken":0}],"is_beta":false,"boss_relics":[{"not_picked":["Philosopher\u0027s Stone","Snecko Eye"],"picked":"Sozu"},{"not_picked":["Velvet Choker","Calling Bell"],"picked":"Lizard Tail"}],"items_purged_floors":[7,21,38],"is_endless":false,"potions_floor_spawned":[1,20,29,30,35],"killed_by":"2 Orb Walkers","ascension_level":0}