{"gold_per_floor":[111,111,111,111,131,148,148,182,182,257,271,271,47,67,67,163,163,143,233,245,256,56,56,74,74,74,74,89,105,118,144,144,243,243,258,258,14,14,14,14,14,14,14,14,27,38,48,68,68,68,68,68,19,45,45],"floor_reached":55,"playtime":8761,"items_purged":["Strike_R","Defend_R"],"score":706,"play_id":"45c8fe7a-fe94-4afa-b7bd-a0817df75b12","local_time":"20190210223618","is_ascension_mode":true,"campfire_choices":[{"floor":7.0,"key":"REST"},{"floor":12.0,"key":"REST"},{"floor":15.0,"key":"REST"},{"floor":23.0,"key":"REST"},{"floor":25.0,"key":"REST"},{"floor":27.0,"key":"REST"},{"floor":32.0,"key":"REST"},{"floor":40.0,"key":"RECALL"},{"data":"Armaments","floor":42.0,"key":"SMITH"},{"data":"True Grit","floor":44.0,"key":"SMITH"},{"data":"Shockwave","floor":49.0,"key":"SMITH"},{"data":"Anger","floor":52.0,"key":"SMITH"}],"neow_cost":"NONE","seed_source_timestamp":599114151672100,"circlet_count":0,"master_deck":["Defend_R","Defend_R","Bash","Anger+1","Evolve","Armaments+1","Anger","Iron Wave","Offering","Feel No Pain","Shockwave+1","Demon Form","Blind","Flex+1","True Grit+1","Wild Strike+1","Metallicize+1","Reaper","Madness","Madness","Deep Breath","Battle Trance+1","Iron Wave+1","Seeing Red+1","Dark Embrace"],"special_seed":0,"relics":["Burning Blood","Letter Opener","Happy Flower","Singing Bowl","Empty Cage","TheAbacus","Anchor","Mark of Pain","Bag of Marbles","Gremlin Horn","Charon\u0027s Ashes"],"potions_floor_usage":[55],"damage_taken":[{"damage":9.0,"enemies":"2 Louse","floor":1.0,"turns":3.0},{"damage":1.0,"enemies":"Jaw Worm","floor":5.0,"turns":4.0},{"damage":8.0,"enemies":"Small Slimes","floor":6.0,"turns":4.0},{"damage":23.0,"enemies":"3 Sentries","floor":8.0,"turns":10.0},{"damage":6.0,"enemies":"Looter","floor":11.0,"turns":3.0},{"damage":8.0,"enemies":"Blue Slaver","floor":14.0,"turns":5.0},{"damage":54.0,"enemies":"Hexaghost","floor":16.0,"turns":9.0},{"damage":23.0,"enemies":"2 Thieves","floor":18.0,"turns":4.0},{"damage":13.0,"enemies":"Shell Parasite","floor":20.0,"turns":5.0},{"damage":37.0,"enemies":"Snecko","floor":21.0,"turns":7.0},{"damage":12.0,"enemies":"Cultist and Chosen","floor":24.0,"turns":7.0},{"damage":28.0,"enemies":"Snake Plant","floor":28.0,"turns":6.0},{"damage":26.0,"enemies":"Chosen and Byrds","floor":29.0,"turns":7.0},{"damage":9.0,"enemies":"Centurion and Healer","floor":30.0,"turns":7.0},{"damage":45.0,"enemies":"Collector","floor":33.0,"turns":9.0},{"damage":11.0,"enemies":"Orb Walker","floor":35.0,"turns":4.0},{"damage":14.0,"enemies":"3 Shapes","floor":45.0,"turns":8.0},{"damage":13.0,"enemies":"Transient","floor":46.0,"turns":5.0},{"damage":6.0,"enemies":"Spire Growth","floor":47.0,"turns":4.0},{"damage":18.0,"enemies":"4 Shapes","floor":48.0,"turns":8.0},{"damage":32.0,"enemies":"Donu and Deca","floor":50.0,"turns":7.0},{"damage":36.0,"enemies":"Shield and Spear","floor":54.0,"turns":6.0},{"damage":101,"enemies":"The Heart","floor":55,"turns":8}],"seed_played":"3838423825040205075","potions_obtained":[{"floor":1.0,"key":"AttackPotion"},{"floor":8.0,"key":"Fruit Juice"},{"floor":11.0,"key":"Energy Potion"},{"floor":24.0,"key":"SkillPotion"},{"floor":28.0,"key":"PowerPotion"},{"floor":29.0,"key":"Block Potion"},{"floor":33.0,"key":"PowerPotion"},{"floor":47.0,"key":"SteroidPotion"},{"floor":54.0,"key":"Swift Potion"}],"is_trial":false,"path_per_floor":["M","?","?","?","M","M","R","E","T","?","M","R","$","M","R","B",null,"M","?","M","M","$","R","M","R","T","R","M","M","M","T","R","B",null,"M","?","$","?","?","R","$","R","T","R","M","M","M","M","R","B",null,"R","$","E","B"],"character_chosen":"IRONCLAD","items_purchased":["Offering","Feel No Pain","TheAbacus","Bag of Marbles","Block Potion"],"campfire_rested":7,"item_purchase_floors":[13,13,22,37,53],"current_hp_per_floor":[77,77,44,37,42,40,64,47,47,36,36,60,60,63,85,37,85,70,46,39,8,8,34,28,54,54,80,58,40,39,39,66,27,91,93,93,93,81,81,81,81,81,81,81,90,93,93,95,95,95,95,95,95,80,0],"gold":45,"neow_bonus":"REMOVE_CARD","is_prod":false,"is_daily":false,"chose_seed":false,"campfire_upgraded":4,"win_rate":0,"timestamp":1549834578,"path_taken":["M","?","?","?","M","M","R","E","T","?","?","R","$","M","R","BOSS","M","?","M","M","?","R","M","R","T","R","M","M","?","?","R","BOSS","M","?","$","?","?","R","?","R","T","R","?","M","M","M","R","BOSS","R","$","E","BOSS"],"build_version":"2019-01-23","purchased_purges":2,"victory":false,"max_hp_per_floor":[80,80,80,80,80,80,80,80,80,80,80,80,80,85,85,85,85,87,87,87,87,87,87,87,87,87,87,87,89,91,91,91,91,91,93,93,93,93,93,93,93,93,93,93,93,93,93,95,95,95,95,95,95,95,95],"card_choices":[{"not_picked":["Pummel","Warcry"],"picked":"Anger","floor":1.0},{"not_picked":["Sword Boomerang","Cleave"],"picked":"Evolve","floor":5.0},{"not_picked":["Whirlwind","Clothesline"],"picked":"Armaments","floor":6.0},{"not_picked":["Infernal Blade","Sword Boomerang"],"picked":"Anger","floor":8.0},{"not_picked":["Clothesline","Shrug It Off"],"picked":"Iron Wave","floor":11.0},{"not_picked":["Pummel","Heavy Blade"],"picked":"Shockwave","floor":14.0},{"not_picked":["Feed","Barricade"],"picked":"Demon Form","floor":16.0},{"not_picked":["Burning Pact","Warcry","Evolve"],"picked":"Singing Bowl","floor":18.0},{"not_picked":["Combust+1","Disarm"],"picked":"Flex+1","floor":20.0},{"not_picked":["Feel No Pain","Bloodletting"],"picked":"True Grit","floor":21.0},{"not_picked":["Reckless Charge+1","Sentinel+1"],"picked":"Wild Strike+1","floor":24.0},{"not_picked":["Uppercut","Body Slam"],"picked":"Metallicize+1","floor":28.0},{"not_picked":["Anger","Body Slam","Twin Strike"],"picked":"Singing Bowl","floor":29.0},{"not_picked":["Shockwave+1","Iron Wave","Carnage"],"picked":"Singing Bowl","floor":30.0},{"not_picked":["Barricade","Berserk"],"picked":"Reaper","floor":33.0},{"not_picked":["Sentinel+1","Twin Strike","Combust"],"picked":"Singing Bowl","floor":35.0},{"not_picked":["Jack Of All Trades","Metamorphosis"],"picked":"Deep Breath","floor":39.0},{"not_picked":["Iron Wave","Headbutt+1"],"picked":"Battle Trance+1","floor":45.0},{"not_picked":["True Grit","Blood for Blood+1"],"picked":"Iron Wave+1","floor":46.0},{"not_picked":["Warcry+1","Clothesline+1"],"picked":"Seeing Red+1","floor":47.0},{"not_picked":["Pummel+1","Body Slam","Pommel Strike+1"],"picked":"Singing Bowl","floor":48.0},{"not_picked":["Seeing Red+1","Clash"],"picked":"Dark Embrace","floor":54.0}],"player_experience":367459,"relics_obtained":[{"floor":8.0,"key":"Happy Flower"},{"floor":9.0,"key":"Singing Bowl"},{"floor":31.0,"key":"Anchor"},{"floor":43.0,"key":"Gremlin Horn"},{"floor":54.0,"key":"Charon\u0027s Ashes"}],"event_choices":[{"cards_removed":["Strike_R"],"damage_healed":0.0,"max_hp_gain":0.0,"max_hp_loss":0.0,"gold_gain":0.0,"event_name":"Living Wall","player_choice":"Forget","floor":2.0,"gold_loss":0.0,"damage_taken":0.0},{"damage_healed":0.0,"max_hp_gain":0.0,"max_hp_loss":0.0,"gold_gain":0.0,"event_name":"Scrap Ooze","player_choice":"Success","floor":3.0,"gold_loss":0.0,"damage_taken":33.0,"relics_obtained":["Letter Opener"]},{"cards_removed":["Strike_R"],"damage_healed":0.0,"max_hp_gain":0.0,"max_hp_loss":0.0,"gold_gain":0.0,"event_name":"Golden Wing","player_choice":"Card Removal","floor":4.0,"gold_loss":0.0,"damage_taken":7.0},{"damage_healed":0.0,"max_hp_gain":0.0,"max_hp_loss":0.0,"gold_gain":75.0,"event_name":"World of Goop","player_choice":"Gather Gold","floor":10.0,"gold_loss":0.0,"damage_taken":11.0},{"damage_healed":0.0,"max_hp_gain":0.0,"max_hp_loss":0.0,"gold_gain":90.0,"event_name":"Knowing Skull","player_choice":"GOLD CARD ","floor":19.0,"potions_obtained":[],"gold_loss":0.0,"damage_taken":24.0,"cards_obtained":["Blind"]},{"damage_healed":0.0,"max_hp_gain":0.0,"max_hp_loss":0.0,"gold_gain":0.0,"event_name":"Tomb of Lord Red Mask","player_choice":"Ignored","floor":36.0,"gold_loss":0.0,"damage_taken":0.0},{"damage_healed":0.0,"max_hp_gain":0.0,"max_hp_loss":0.0,"gold_gain":0.0,"event_name":"Winding Halls","player_choice":"Embrace Madness","floor":38.0,"gold_loss":0.0,"damage_taken":12.0,"cards_obtained":["Madness","Madness"]},{"damage_healed":0.0,"max_hp_gain":0.0,"max_hp_loss":0.0,"gold_gain":0.0,"event_name":"SensoryStone","player_choice":"Memory 1","floor":39.0,"gold_loss":0.0,"damage_taken":0.0}],"is_beta":false,"boss_relics":[{"not_picked":["Snecko Eye","Velvet Choker"],"picked":"Empty Cage"},{"not_picked":["Calling Bell","Black Blood"],"picked":"Mark of Pain"}],"items_purged_floors":[13,37],"is_endless":false,"potions_floor_spawned":[1,8,11,24,28,29,33,47,54],"killed_by":"The Heart","ascension_level":2}