{"gold_per_floor":[111,129,57,76,95,95,122,122,122,142,142,161,177,196,196,299,599,583,601,617,33,53,53,88,88,88,88,123,123,138,154,154,253,253,272,11,0,12,12,12,42,55,55,82,82,99,111,111,111,111],"floor_reached":51,"playtime":3770,"items_purged":["Decay"],"score":753,"play_id":"7b459727-81a8-4e65-abb0-b142a9654691","local_time":"20180628015136","is_ascension_mode":false,"campfire_choices":[{"floor":6,"key":"REST"},{"floor":15,"key":"REST"},{"floor":23,"key":"REST"},{"floor":29,"key":"REST"},{"floor":32,"key":"REST"},{"floor":40,"key":"REST"},{"floor":45,"key":"REST"},{"floor":49,"key":"REST"}],"neow_cost":"NONE","seed_source_timestamp":844520091909468,"circlet_count":0,"master_deck":["Defend_G","Defend_G","Defend_G","Defend_G","Defend_G","Strike_G","Strike_G","Strike_G","Strike_G","Survivor","Neutralize","Well Laid Plans","Dash","Infinite Blades","Skewer","Finisher","Dagger Spray","Outmaneuver","Sucker Punch+1","Slice+1","Flechettes+1","Die Die Die+1","Parasite","Injury","Dagger Spray+1","Acrobatics","Blade Dance","Tools of the Trade","Infinite Blades+1","Flechettes+1","Choke+1","Phantasmal Killer","Outmaneuver","Flying Knee+1","Night Terror","Dodge and Roll+1","Leg Sweep+1","Finisher+1","Predator+1","Heel Hook+1","Distraction+1"],"relics":["Fusion Hammer","Strawberry","Lantern","Paper Crane","Molten Egg 2","Calling Bell","Centennial Puzzle","Boot","Old Coin","Toolbox","Mummified Hand","Dream Catcher","Shuriken","Darkstone Periapt","Kunai","Empty Cage","Pantograph","Red Mask","Happy Flower","Vajra","Omamori"],"potions_floor_usage":[10,16,16,22,24,24,44,50,50,50,50,50],"damage_taken":[{"damage":1,"enemies":"Cultist","floor":1,"turns":5},{"damage":0,"enemies":"Small Slimes","floor":2,"turns":4},{"damage":0,"enemies":"Jaw Worm","floor":4,"turns":4},{"damage":0,"enemies":"Blue Slaver","floor":5,"turns":3},{"damage":34,"enemies":"Gremlin Nob","floor":7,"turns":5},{"damage":0,"enemies":"Looter","floor":10,"turns":1},{"damage":3,"enemies":"2 Fungi Beasts","floor":12,"turns":2},{"damage":4,"enemies":"Gremlin Gang","floor":13,"turns":3},{"damage":14,"enemies":"3 Louse","floor":14,"turns":3},{"damage":2,"enemies":"Slime Boss","floor":16,"turns":10},{"damage":17,"enemies":"2 Thieves","floor":18,"turns":4},{"damage":7,"enemies":"Chosen","floor":19,"turns":5},{"damage":13,"enemies":"Snake Plant","floor":20,"turns":4},{"damage":3,"enemies":"Cultist and Chosen","floor":22,"turns":5},{"damage":7,"enemies":"Slavers","floor":24,"turns":4},{"damage":26,"enemies":"Book of Stabbing","floor":28,"turns":5},{"damage":4,"enemies":"Sentry and Sphere","floor":30,"turns":3},{"damage":9,"enemies":"3 Cultists","floor":31,"turns":3},{"damage":27,"enemies":"Collector","floor":33,"turns":7},{"damage":5,"enemies":"Orb Walker","floor":35,"turns":2},{"damage":3,"enemies":"3 Darklings","floor":38,"turns":3},{"damage":25,"enemies":"2 Orb Walkers","floor":41,"turns":3},{"damage":34,"enemies":"Maw","floor":42,"turns":6},{"damage":0,"enemies":"Nemesis","floor":44,"turns":3},{"damage":4,"enemies":"4 Shapes","floor":46,"turns":2},{"damage":8,"enemies":"3 Darklings","floor":47,"turns":5},{"damage":24,"enemies":"Time Eater","floor":50,"turns":7}],"seed_played":"471946995634271402","potions_obtained":[{"floor":2,"key":"Energy Potion"},{"floor":5,"key":"EssenceOfSteel"},{"floor":7,"key":"LiquidBronze"},{"floor":10,"key":"EssenceOfSteel"},{"floor":12,"key":"EssenceOfSteel"},{"floor":18,"key":"EssenceOfSteel"},{"floor":19,"key":"Block Potion"},{"floor":35,"key":"PowerPotion"},{"floor":41,"key":"Swift Potion"},{"floor":44,"key":"Dexterity Potion"},{"floor":47,"key":"Strength Potion"},{"floor":48,"key":"EntropicBrew"}],"is_trial":false,"path_per_floor":["M","M","$","M","M","R","E","T","T","M","?","M","M","M","R","B",null,"M","M","M","$","M","R","E","?","T","?","E","R","M","M","R","B",null,"M","$","?","M","$","R","E","M","T","E","R","M","M","?","R","B"],"character_chosen":"THE_SILENT","items_purchased":["Infinite Blades","Toolbox","Mummified Hand","Pantograph"],"campfire_rested":8,"item_purchase_floors":[3,21,21,36],"current_hp_per_floor":[69,69,69,69,69,70,43,43,43,43,40,37,33,19,42,40,77,60,53,40,40,37,60,53,53,53,53,27,50,46,37,60,33,77,72,72,72,69,69,77,52,18,18,18,41,37,29,29,52,53],"gold":111,"neow_bonus":"BOSS_RELIC","is_prod":false,"is_daily":false,"chose_seed":false,"campfire_upgraded":0,"win_rate":0.0,"timestamp":1530165096,"path_taken":["M","M","$","M","M","R","E","?","T","M","?","M","?","M","R","BOSS","M","M","M","$","M","R","E","?","T","?","E","R","M","M","R","BOSS","M","$","?","M","?","R","E","M","T","E","R","M","?","?","R","BOSS"],"build_version":"2018-06-21v2","purchased_purges":1,"victory":true,"max_hp_per_floor":[70,70,70,70,70,70,77,77,77,77,77,77,77,77,77,77,77,77,77,77,77,77,77,77,77,77,77,77,77,77,77,77,77,77,77,77,77,77,77,77,77,77,77,77,77,77,77,77,77,77],"card_choices":[{"not_picked":["Dagger Spray","Bouncing Flask"],"picked":"Well Laid Plans","floor":1},{"not_picked":["Poisoned Stab","Riddle With Holes"],"picked":"Dash","floor":2},{"not_picked":["Deadly Poison","Crippling Poison"],"picked":"Skewer","floor":4},{"not_picked":["Acrobatics","Prepared"],"picked":"Finisher","floor":5},{"not_picked":["Deflect","Bane"],"picked":"Dagger Spray","floor":7},{"not_picked":["Dagger Spray","Slice"],"picked":"Outmaneuver","floor":10},{"not_picked":["Underhanded Strike+1","Flying Knee+1"],"picked":"Sucker Punch+1","floor":12},{"not_picked":["Poisoned Stab+1","Endless Agony+1"],"picked":"Slice+1","floor":13},{"not_picked":["Well Laid Plans","Crippling Poison"],"picked":"Flechettes+1","floor":14},{"not_picked":["Bullet Time","Adrenaline"],"picked":"Die Die Die+1","floor":16},{"not_picked":["Distraction","Backflip+1"],"picked":"Dagger Spray+1","floor":18},{"not_picked":["Catalyst","Leg Sweep"],"picked":"Acrobatics","floor":19},{"not_picked":["Blur+1","Riddle With Holes+1"],"picked":"Blade Dance","floor":20},{"not_picked":["Flechettes+1","Quick Slash+1"],"picked":"Tools of the Trade","floor":22},{"not_picked":["Dagger Throw+1","Bouncing Flask+1"],"picked":"Infinite Blades+1","floor":24},{"not_picked":["Blur","Dodge and Roll"],"picked":"Flechettes+1","floor":28},{"not_picked":["Eviscerate+1","Poisoned Stab+1"],"picked":"Choke+1","floor":29},{"not_picked":["PiercingWail+1","Underhanded Strike+1"],"picked":"Phantasmal Killer","floor":30},{"not_picked":["Acrobatics","Dodge and Roll"],"picked":"Outmaneuver","floor":31},{"not_picked":["Deflect+1","Escape Plan"],"picked":"Flying Knee+1","floor":32},{"not_picked":["Die Die Die+1","Glass Knife+1"],"picked":"Night Terror","floor":33},{"not_picked":["Well Laid Plans","Catalyst+1"],"picked":"Dodge and Roll+1","floor":35},{"not_picked":["Prepared","Footwork"],"picked":"Leg Sweep+1","floor":38},{"not_picked":["Flechettes+1","Glass Knife+1"],"picked":"Finisher+1","floor":41},{"not_picked":["Dagger Throw+1","Dash+1"],"picked":"Predator+1","floor":42},{"not_picked":["Masterful Stab+1","Slice+1","Malaise"],"picked":"SKIP","floor":44},{"not_picked":["Infinite Blades","Flying Knee+1"],"picked":"Heel Hook+1","floor":45},{"not_picked":["Slice+1","Deadly Poison","Dagger Throw+1"],"picked":"SKIP","floor":46},{"not_picked":["Acrobatics","Bouncing Flask+1"],"picked":"Distraction+1","floor":47}],"player_experience":30164,"relics_obtained":[{"floor":7,"key":"Strawberry"},{"floor":8,"key":"Lantern"},{"floor":9,"key":"Paper Crane"},{"floor":17,"key":"Centennial Puzzle"},{"floor":17,"key":"Boot"},{"floor":17,"key":"Old Coin"},{"floor":24,"key":"Dream Catcher"},{"floor":26,"key":"Darkstone Periapt"},{"floor":28,"key":"Kunai"},{"floor":41,"key":"Happy Flower"},{"floor":43,"key":"Vajra"},{"floor":44,"key":"Omamori"}],"event_choices":[{"event_name":"Scrap Ooze","player_choice":"success","floor":11,"damage_taken":3},{"event_name":"The Mausoleum","player_choice":"Yes","floor":25,"damage_taken":0},{"event_name":"Ghosts","player_choice":"Ignored","floor":27,"damage_taken":0},{"event_name":"Tomb of Lord Red Mask","player_choice":"Paid","floor":37,"damage_taken":0},{"event_name":"The Lab","player_choice":"Got Potions","floor":48,"damage_taken":0}],"boss_relics":[{"not_picked":["Philosopher\u0027s Stone","Coffee Dripper"],"picked":"Calling Bell"},{"not_picked":["Black Star","Orrery"],"picked":"Empty Cage"}],"items_purged_floors":[21],"is_endless":false,"potions_floor_spawned":[2,5,7,10,12,18,19,20,35,41,44,47],"ascension_level":0}