{"gold_per_floor":[115,135,310,25,43,43,70,70,70,70,100,100,114,36,36,36],"floor_reached":16,"playtime":413,"items_purged":["Doubt"],"score":135,"play_id":"3a4ec61a-0f1f-4cbb-bbd7-6cc7604ba337","local_time":"20190120031203","is_ascension_mode":true,"campfire_choices":[{"data":"Deadly Poison","floor":6,"key":"SMITH"},{"data":"Deadly Poison","floor":8,"key":"SMITH"},{"data":"Deadly Poison","floor":10,"key":"SMITH"},{"floor":12,"key":"REST"},{"floor":15,"key":"REST"}],"neow_cost":"NONE","seed_source_timestamp":10268195170000,"circlet_count":0,"master_deck":["Defend_G","Defend_G","Defend_G","Defend_G","Defend_G","Strike_G","Strike_G","Strike_G","Strike_G","Strike_G","Survivor","Neutralize","Deadly Poison+1","Deadly Poison+1","Deadly Poison+1","Well Laid Plans","Noxious Fumes"],"relics":["Ring of the Snake","NeowsBlessing","DollysMirror","Ginger","Strawberry"],"potions_floor_usage":[13],"damage_taken":[{"damage":0,"enemies":"Small Slimes","floor":1,"turns":1},{"damage":0,"enemies":"2 Louse","floor":2,"turns":1},{"damage":0,"enemies":"Cultist","floor":5,"turns":1},{"damage":29,"enemies":"3 Sentries","floor":7,"turns":9},{"damage":30,"enemies":"Lagavulin","floor":11,"turns":5},{"damage":35,"enemies":"Gremlin Gang","floor":13,"turns":4},{"damage":54,"enemies":"Slime Boss","floor":16,"turns":9}],"seed_played":"-3061189764118733057","potions_obtained":[{"floor":1,"key":"Poison Potion"},{"floor":11,"key":"FairyPotion"}],"is_trial":false,"path_per_floor":["M","M","?","$","M","R","E","R","T","R","E","R","M","$","R","B"],"character_chosen":"THE_SILENT","items_purchased":["DollysMirror","Noxious Fumes"],"campfire_rested":2,"item_purchase_floors":[4,14],"current_hp_per_floor":[70,70,70,70,70,70,41,41,41,41,18,41,6,6,29,0],"gold":36,"neow_bonus":"THREE_ENEMY_KILL","is_prod":false,"is_daily":false,"chose_seed":false,"campfire_upgraded":3,"win_rate":0,"timestamp":1547950323,"path_taken":["M","M","?","$","M","R","E","R","T","R","E","R","M","$","R","BOSS"],"build_version":"2019-01-17v2","purchased_purges":1,"victory":false,"max_hp_per_floor":[70,70,70,70,70,70,70,70,70,70,77,77,77,77,77,77],"card_choices":[{"not_picked":["Predator","Sucker Punch","Dodge and Roll"],"picked":"SKIP","floor":1},{"not_picked":["All Out Attack","Underhanded Strike"],"picked":"Deadly Poison","floor":2},{"not_picked":["Poisoned Stab","Underhanded Strike"],"picked":"Deadly Poison","floor":5},{"not_picked":["Dagger Throw","Dash"],"picked":"Well Laid Plans","floor":7},{"not_picked":["Dagger Throw","Expertise","Acrobatics"],"picked":"SKIP","floor":11},{"not_picked":["Quick Slash","Setup","Sucker Punch"],"picked":"SKIP","floor":13}],"player_experience":844068,"relics_obtained":[{"floor":7,"key":"Ginger"},{"floor":11,"key":"Strawberry"}],"event_choices":[{"damage_healed":0,"gold_gain":175,"player_choice":"AGREE","damage_taken":0,"max_hp_gain":0,"max_hp_loss":0,"event_name":"Liars Game","floor":3,"gold_loss":0,"cards_obtained":["Doubt"]}],"is_beta":false,"boss_relics":[],"items_purged_floors":[4],"is_endless":false,"potions_floor_spawned":[1,11],"killed_by":"Slime Boss","ascension_level":5}