{"gold_per_floor":[362,34,47,197,122,122,422,422,449,459,62,62,72,72,72,147,147,161,173,88,99,118,118,118,118,118,118,138,56,106,0,0,71,71,83,1082,1097,560,560,273,273,273,273,285,285,299,299],"floor_reached":47,"playtime":1505,"items_purged":["Regret","Normality","Normality"],"score":872,"play_id":"95aa1780-a817-4e03-803d-7d64d0637073","local_time":"20181014093541","is_ascension_mode":true,"campfire_choices":[{"data":"Defragment","floor":6.0,"key":"SMITH"},{"data":"Loop","floor":8.0,"key":"SMITH"},{"data":"Defragment","floor":12.0,"key":"SMITH"},{"data":"Zap","floor":15.0,"key":"SMITH"},{"floor":23.0,"key":"REST"},{"floor":25.0,"key":"REST"},{"floor":27.0,"key":"REST"},{"data":"Loop","floor":32.0,"key":"SMITH"},{"floor":42,"key":"REST"},{"floor":45,"key":"REST"}],"neow_cost":"TEN_PERCENT_HP_LOSS","seed_source_timestamp":217133517515094,"circlet_count":0,"master_deck":["Strike_B","Defend_B","Defend_B","Defend_B","Defend_B","Zap+1","Dualcast","AscendersBane","Glacier","Defragment+1","Loop+1","Conserve Battery","Defragment+1","Fission","Force Field+1","Go for the Eyes+1","FTL+1","Leap","Leap","Decay","Rip and Tear+1","Cold Snap+1","Streamline+1","Loop+1","Thunder Strike+1","Ball Lightning+1","Self Repair","Steam","Mayhem+1","Static Discharge","Leap","Lockon+1","Storm+1"],"special_seed":0,"relics":["Cracked Core","ClockworkSouvenir","Old Coin","Potion Belt","Mercury Hourglass","Astrolabe","Dream Catcher","Molten Egg 2","Inserter","Membership Card","Tiny Chest","Juzu Bracelet"],"potions_floor_usage":[37,44,46,46],"damage_taken":[{"damage":2.0,"enemies":"2 Louse","floor":1.0,"turns":3.0},{"damage":7.0,"enemies":"Jaw Worm","floor":3.0,"turns":4.0},{"damage":23.0,"enemies":"Small Slimes","floor":10.0,"turns":4.0},{"damage":6.0,"enemies":"Exordium Thugs","floor":13.0,"turns":5.0},{"damage":18.0,"enemies":"The Guardian","floor":16.0,"turns":12.0},{"damage":9.0,"enemies":"3 Byrds","floor":18.0,"turns":4.0},{"damage":16.0,"enemies":"Shell Parasite","floor":19.0,"turns":6.0},{"damage":9.0,"enemies":"Snake Plant","floor":21.0,"turns":4.0},{"damage":14.0,"enemies":"3 Cultists","floor":22.0,"turns":5.0},{"damage":0.0,"enemies":"Cultist and Chosen","floor":28.0,"turns":7.0},{"damage":28.0,"enemies":"Champ","floor":33.0,"turns":13.0},{"damage":19.0,"enemies":"Orb Walker","floor":35.0,"turns":4.0},{"damage":31,"enemies":"3 Shapes","floor":37,"turns":4},{"damage":16,"enemies":"Spire Growth","floor":44,"turns":5},{"damage":0,"enemies":"Jaw Worm Horde","floor":46,"turns":5},{"damage":52,"enemies":"4 Shapes","floor":47,"turns":3}],"seed_played":"7044211421949954251","potions_obtained":[{"floor":1.0,"key":"Block Potion"},{"floor":13.0,"key":"Energy Potion"},{"floor":18.0,"key":"Ancient Potion"},{"floor":21.0,"key":"FocusPotion"},{"floor":35.0,"key":"FearPotion"}],"is_trial":false,"path_per_floor":["M","$","M","?","?","R","?","R","T","M","$","R","M","$","R","B",null,"M","M","?","M","M","R","?","R","T","R","M","$","?","?","R","B",null,"M","?","M","$","?","$","?","R","T","M","R","M"],"character_chosen":"DEFECT","items_purchased":["ClockworkSouvenir","Defragment","Mercury Hourglass","Defragment","Loop","Self Repair","Membership Card","Steam","Fire Potion","FocusPotion","Fire Potion","Tiny Chest","Mayhem","Swift Potion","Static Discharge"],"campfire_rested":5,"item_purchase_floors":[2,2,11,11,29,38,38,38,38,38,38,40,40,40,40],"current_hp_per_floor":[62,62,55,55,55,55,55,55,55,32,32,32,26,26,26,8,50,41,25,25,16,2,21,21,40,40,59,59,59,59,59,59,31,56,37,37,6,6,6,6,6,24,24,8,26,33,0],"gold":299,"neow_bonus":"TWO_FIFTY_GOLD","is_prod":false,"is_daily":false,"chose_seed":false,"campfire_upgraded":5,"win_rate":0,"timestamp":1539524141,"path_taken":["M","$","M","?","?","R","?","R","T","M","$","R","M","$","R","BOSS","M","M","?","M","M","R","?","R","T","R","?","$","?","?","R","BOSS","M","?","?","$","?","$","?","R","T","M","R","M","M"],"build_version":"2018-10-11","purchased_purges":3,"victory":false,"max_hp_per_floor":[64,64,64,64,64,64,64,64,64,64,64,64,64,64,64,64,64,64,64,64,64,64,64,64,64,64,64,64,64,64,64,64,64,64,64,64,64,64,61,61,61,61,61,61,61,61,61],"card_choices":[{"not_picked":["Chill","Auto Shields"],"picked":"Glacier","floor":1.0},{"not_picked":["Scrape","Beam Cell"],"picked":"Loop","floor":3.0},{"not_picked":["Hello World","Steam"],"picked":"Conserve Battery","floor":10.0},{"not_picked":["Sweeping Beam","Force Field","Sunder"],"picked":"SKIP","floor":13.0},{"not_picked":["Reboot","Machine Learning"],"picked":"Fission","floor":16.0},{"not_picked":["Undo","Cold Snap"],"picked":"Leap","floor":18.0},{"not_picked":["Fusion","Lockon+1","Compile Driver"],"picked":"SKIP","floor":19.0},{"not_picked":["Steam Power","Reprogram","Turbo"],"picked":"SKIP","floor":21.0},{"not_picked":["Compile Driver","Steam+1"],"picked":"Leap","floor":22.0},{"not_picked":["Rebound","Compile Driver"],"picked":"Rip and Tear+1","floor":25.0},{"not_picked":["Conserve Battery","Rebound+1"],"picked":"Cold Snap+1","floor":27.0},{"not_picked":["Leap+1","Recycle"],"picked":"Streamline+1","floor":28.0},{"not_picked":["Buffer","Seek"],"picked":"Thunder Strike+1","floor":33.0},{"not_picked":["Sweeping Beam+1","Rip and Tear+1","Redo"],"picked":"SKIP","floor":35.0},{"not_picked":["Leap+1","Go for the Eyes+1"],"picked":"Ball Lightning+1","floor":37},{"not_picked":["Cold Snap+1","Conserve Battery"],"picked":"Leap","floor":42},{"not_picked":["Double Energy","White Noise"],"picked":"Lockon+1","floor":44},{"not_picked":["Doom and Gloom+1","Turbo"],"picked":"Storm+1","floor":45},{"not_picked":["Steam","Rebound+1","Leap"],"picked":"SKIP","floor":46}],"player_experience":488226,"relics_obtained":[{"floor":9.0,"key":"Potion Belt"},{"floor":26.0,"key":"Molten Egg 2"},{"floor":43,"key":"Juzu Bracelet"}],"event_choices":[{"event_name":"Liars Game","player_choice":"agreed","floor":4.0,"damage_taken":0.0},{"event_name":"The Cleric","player_choice":"Card Removal","floor":5.0,"damage_taken":0.0},{"event_name":"Big Fish","player_choice":"Box","floor":7.0,"damage_taken":0.0},{"event_name":"Addict","player_choice":"Obtained Relic","floor":20.0,"damage_taken":0.0},{"event_name":"Forgotten Altar","player_choice":"Smashed Altar","floor":24.0,"damage_taken":0.0},{"event_name":"Golden Shrine","player_choice":"Pray","floor":30.0,"damage_taken":0.0},{"event_name":"Masked Bandits","player_choice":"Paid Fearfully","floor":31.0,"damage_taken":0.0},{"event_name":"MindBloom","player_choice":"Gold","floor":36.0,"damage_taken":0.0},{"event_name":"Winding Halls","player_choice":"Max HP","floor":39,"damage_taken":0},{"event_name":"Accursed Blacksmith","player_choice":"Forge","floor":41,"damage_taken":0}],"is_beta":true,"boss_relics":[{"not_picked":["Coffee Dripper","Fusion Hammer"],"picked":"Astrolabe"},{"not_picked":["Black Star","Tiny House"],"picked":"Inserter"}],"items_purged_floors":[11,38,40],"is_endless":false,"potions_floor_spawned":[1,13,18,21,35],"killed_by":"4 Shapes","ascension_level":20}