{"gold_per_floor":[119,119,137,11,11,37,55,74,74,90,108,121,21,21,21,122,122,135,235,254,353,353,379,62,62,62,62,62,97,113,123,123,225,225,236,236,250,250,250,250,46,0,27,39,76,114,126,151,163,175],"floor_reached":51,"playtime":4197,"items_purged":["Strike_R","Strike_R"],"score":738,"play_id":"d2423826-9ded-4435-9bc9-fb7ef572a3d9","local_time":"20190211163333","is_ascension_mode":false,"campfire_choices":[{"data":"Armaments","floor":15,"key":"SMITH"},{"floor":25,"key":"REST"},{"floor":32,"key":"REST"},{"data":"Body Slam","floor":40,"key":"SMITH"},{"data":"Carnage","floor":47,"key":"SMITH"},{"data":"Clothesline","floor":49,"key":"SMITH"}],"neow_cost":"NONE","seed_source_timestamp":262656099641998,"circlet_count":0,"master_deck":["Strike_R","Strike_R+1","Defend_R+1","Defend_R","Defend_R+1","Defend_R","Metallicize","Carnage+1","Armaments+1","Iron Wave","Whirlwind","Shrug It Off","Dual Wield","Pommel Strike+1","Evolve","Body Slam+1","Iron Wave+1","Necronomicurse","Headbutt+1","Metallicize+1","Clothesline+1","Barricade+1","Shockwave+1","Flame Barrier+1","Forethought+1"],"relics":["Burning Blood","NeowsBlessing","War Paint","Regal Pillow","Mercury Hourglass","Mark of Pain","WingedGreaves","Ornamental Fan","Necronomicon","Matryoshka","Frozen Egg 2","Toxic Egg 2","Mummified Hand","Dream Catcher","Busted Crown","MealTicket","Red Mask","MawBank","Pen Nib","Pantograph","Whetstone"],"potions_floor_usage":[16,16,16,19,19,20,33,33],"damage_taken":[{"damage":0,"enemies":"Jaw Worm","floor":1,"turns":1},{"damage":0,"enemies":"Cultist","floor":3,"turns":1},{"damage":0,"enemies":"Gremlin Nob","floor":6,"turns":1},{"damage":0,"enemies":"2 Louse","floor":7,"turns":3},{"damage":4,"enemies":"Red Slaver","floor":8,"turns":4},{"damage":7,"enemies":"Looter","floor":10,"turns":3},{"damage":0,"enemies":"2 Fungi Beasts","floor":11,"turns":4},{"damage":0,"enemies":"Large Slime","floor":12,"turns":6},{"damage":32,"enemies":"Hexaghost","floor":16,"turns":11},{"damage":1,"enemies":"Shell Parasite","floor":18,"turns":5},{"damage":24,"enemies":"Colosseum Slavers","floor":19,"turns":6},{"damage":19,"enemies":"Colosseum Nobs","floor":19,"turns":6},{"damage":14,"enemies":"3 Byrds","floor":20,"turns":5},{"damage":23,"enemies":"Book of Stabbing","floor":23,"turns":5},{"damage":24,"enemies":"Slavers","floor":29,"turns":6},{"damage":4,"enemies":"3 Cultists","floor":30,"turns":5},{"damage":1,"enemies":"Centurion and Healer","floor":31,"turns":5},{"damage":20,"enemies":"Collector","floor":33,"turns":11},{"damage":27,"enemies":"3 Shapes","floor":35,"turns":2},{"damage":0,"enemies":"Orb Walker","floor":37,"turns":3},{"damage":0,"enemies":"Giant Head","floor":45,"turns":9},{"damage":0,"enemies":"Sphere and 2 Shapes","floor":48,"turns":2},{"damage":16,"enemies":"Awakened One","floor":50,"turns":15}],"seed_played":"3483861693041034641","potions_obtained":[{"floor":6,"key":"EssenceOfSteel"},{"floor":7,"key":"SkillPotion"},{"floor":8,"key":"Energy Potion"},{"floor":16,"key":"Regen Potion"},{"floor":18,"key":"PowerPotion"},{"floor":19,"key":"SkillPotion"},{"floor":29,"key":"LiquidBronze"},{"floor":31,"key":"SkillPotion"}],"is_trial":false,"path_per_floor":["M","?","M","$","?","E","M","M","T","M","M","M","$","?","R","B",null,"M","?","M","?","?","E","$","R","T","?","$","E","M","M","R","B",null,"M","?","M","?","?","R","$","?","T","?","E","T","R","M","R","B",null],"character_chosen":"IRONCLAD","items_purchased":["Armaments","Frozen Egg 2","Metallicize+1","MealTicket"],"campfire_rested":2,"item_purchase_floors":[4,24,24,41],"current_hp_per_floor":[80,80,80,80,80,80,80,80,80,79,80,80,80,68,68,42,80,80,64,56,56,40,23,23,62,62,47,47,29,31,36,76,62,85,64,64,70,70,70,70,70,70,70,70,76,76,76,81,81,71],"gold":187,"neow_bonus":"THREE_ENEMY_KILL","is_prod":false,"is_daily":false,"chose_seed":false,"campfire_upgraded":4,"win_rate":0.0,"timestamp":1549899213,"path_taken":["M","?","M","?","?","E","M","M","T","M","M","?","$","?","R","BOSS","M","?","M","?","?","E","$","R","T","?","?","E","M","M","R","BOSS","M","?","?","?","?","R","?","?","T","?","E","?","R","M","R","BOSS"],"build_version":"2019-01-23","purchased_purges":2,"victory":true,"max_hp_per_floor":[80,80,80,80,80,80,80,80,80,80,80,80,80,80,80,80,80,80,80,80,80,80,80,80,80,80,85,85,85,85,85,85,85,85,85,85,85,81,81,81,81,81,81,81,81,81,81,81,81,81],"card_choices":[{"not_picked":["Armaments","True Grit"],"picked":"Metallicize","floor":1},{"not_picked":["Headbutt","Bloodletting"],"picked":"Carnage","floor":3},{"not_picked":["Heavy Blade","Pummel"],"picked":"Iron Wave","floor":6},{"not_picked":["True Grit","Fire Breathing","Searing Blow"],"picked":"SKIP","floor":7},{"not_picked":["Iron Wave","Armaments"],"picked":"Whirlwind","floor":8},{"not_picked":["Clash","Perfected Strike"],"picked":"Shrug It Off","floor":10},{"not_picked":["Clash","True Grit"],"picked":"Dual Wield","floor":11},{"not_picked":["Headbutt","True Grit"],"picked":"Pommel Strike","floor":12},{"not_picked":["Feel No Pain","Wild Strike"],"picked":"Evolve","floor":18},{"not_picked":["Seeing Red","Evolve"],"picked":"Body Slam","floor":19},{"not_picked":["Pommel Strike","Dropkick"],"picked":"Iron Wave+1","floor":20},{"not_picked":["Body Slam","Wild Strike"],"picked":"Headbutt+1","floor":23},{"not_picked":["Dark Embrace+1","Feed","Limit Break+1"],"picked":"SKIP","floor":29},{"not_picked":["Headbutt+1","Anger+1","True Grit+1"],"picked":"SKIP","floor":30},{"not_picked":["Rupture+1","Iron Wave"],"picked":"Clothesline","floor":31},{"not_picked":["Fiend Fire","Exhume+1"],"picked":"Barricade+1","floor":33},{"not_picked":[],"picked":"Shockwave+1","floor":35},{"not_picked":["Wild Strike"],"picked":"SKIP","floor":37},{"not_picked":[],"picked":"Forethought+1","floor":39},{"not_picked":["Iron Wave"],"picked":"SKIP","floor":45},{"not_picked":["Heavy Blade+1"],"picked":"SKIP","floor":48}],"player_experience":207819,"relics_obtained":[{"floor":6,"key":"War Paint"},{"floor":9,"key":"Regal Pillow"},{"floor":19,"key":"WingedGreaves"},{"floor":19,"key":"Ornamental Fan"},{"floor":22,"key":"Necronomicon"},{"floor":23,"key":"Matryoshka"},{"floor":26,"key":"Toxic Egg 2"},{"floor":26,"key":"Mummified Hand"},{"floor":29,"key":"Dream Catcher"},{"floor":43,"key":"MawBank"},{"floor":43,"key":"Pen Nib"},{"floor":45,"key":"Pantograph"},{"floor":46,"key":"Whetstone"}],"event_choices":[{"damage_healed":0,"gold_gain":0,"player_choice":"Bought 0 Potions","damage_taken":0,"max_hp_gain":0,"max_hp_loss":0,"event_name":"The Woman in Blue","floor":2,"gold_loss":0},{"damage_healed":0,"gold_gain":0,"player_choice":"Ignored","damage_taken":0,"max_hp_gain":0,"max_hp_loss":0,"event_name":"NoteForYourself","floor":5,"gold_loss":0},{"damage_healed":0,"gold_gain":0,"player_choice":"Success","damage_taken":12,"relics_obtained":["Mercury Hourglass"],"max_hp_gain":0,"max_hp_loss":0,"event_name":"Scrap Ooze","floor":14,"gold_loss":0},{"damage_healed":0,"gold_gain":0,"player_choice":"Fight","damage_taken":0,"max_hp_gain":0,"max_hp_loss":0,"event_name":"Colosseum","floor":19,"gold_loss":0},{"damage_healed":0,"gold_gain":0,"player_choice":"Fought Nobs","damage_taken":0,"max_hp_gain":0,"max_hp_loss":0,"event_name":"Colosseum","floor":19,"gold_loss":0},{"damage_healed":0,"gold_gain":99,"player_choice":"Stole From Cult","damage_taken":0,"max_hp_gain":0,"max_hp_loss":0,"event_name":"Nest","floor":21,"gold_loss":0},{"damage_healed":0,"gold_gain":0,"player_choice":"Obtained Book","damage_taken":16,"max_hp_gain":0,"max_hp_loss":0,"event_name":"Cursed Tome","floor":22,"gold_loss":0},{"damage_healed":0,"gold_gain":0,"player_choice":"Shed Blood","damage_taken":20,"max_hp_gain":5,"max_hp_loss":0,"event_name":"Forgotten Altar","floor":27,"gold_loss":0},{"damage_healed":0,"gold_gain":0,"cards_transformed":["Strike_R"],"player_choice":"Transformed","damage_taken":0,"max_hp_gain":0,"max_hp_loss":0,"event_name":"Transmorgrifier","floor":36,"gold_loss":0,"cards_obtained":["Flame Barrier"]},{"damage_healed":0,"gold_gain":0,"player_choice":"Max HP","damage_taken":0,"max_hp_gain":0,"max_hp_loss":4,"event_name":"Winding Halls","floor":38,"gold_loss":0},{"damage_healed":0,"gold_gain":0,"player_choice":"Memory 1","damage_taken":0,"max_hp_gain":0,"max_hp_loss":0,"event_name":"SensoryStone","floor":39,"gold_loss":0},{"damage_healed":0,"gold_gain":0,"player_choice":"Paid","damage_taken":0,"relics_obtained":["Red Mask"],"max_hp_gain":0,"max_hp_loss":0,"event_name":"Tomb of Lord Red Mask","floor":42,"gold_loss":46},{"cards_removed":["Bash"],"damage_healed":0,"gold_gain":0,"player_choice":"Removed Attack","damage_taken":0,"max_hp_gain":0,"max_hp_loss":0,"event_name":"Falling","floor":44,"gold_loss":0}],"is_beta":false,"boss_relics":[{"not_picked":["Runic Pyramid","Runic Cube"],"picked":"Mark of Pain"},{"not_picked":["Lizard Tail","Fusion Hammer"],"picked":"Busted Crown"}],"items_purged_floors":[4,13],"is_endless":false,"potions_floor_spawned":[6,7,8,16,18,19,29,31],"ascension_level":0}