{"gold_per_floor":[119,139,314,331,7,35,35,63,90,90,90,104,123,99,99,198,198,213,232,31,41,60,60,86,36,36,51,150,150,162,162,162,266,266,286,299,34,44,63,63,79,79],"floor_reached":42,"playtime":2422,"items_purged":["Doubt"],"score":547,"play_id":"3e12377e-2b8a-4203-b6e4-b6438d082e86","local_time":"20181107043224","is_ascension_mode":true,"campfire_choices":[{"data":"Armaments","floor":7,"key":"SMITH"},{"floor":10,"key":"REST"},{"floor":15,"key":"DIG"},{"floor":23,"key":"REST"},{"floor":29,"key":"REST"},{"data":"Armaments","floor":32,"key":"SMITH"},{"floor":40,"key":"REST"}],"neow_cost":"NONE","seed_source_timestamp":567677054459928,"circlet_count":0,"master_deck":["Strike_R","Strike_R","Strike_R","Strike_R","Strike_R","Defend_R","Defend_R","Bash","Perfected Strike","Clash","Pommel Strike","Armaments+1","Bloodletting","Spot Weakness","Perfected Strike","Reckless Charge","Armaments+1","Ghostly Armor","Iron Wave","Offering","Combust","Twin Strike+1","Perfected Strike","Sword Boomerang+1","Pommel Strike+1","Pommel Strike","Shrug It Off+1","Clothesline+1","Double Tap","Iron Wave","Pummel+1","Shrug It Off","Warcry","Twin Strike","Warcry","Perfected Strike+1","Thunderclap+1"],"relics":["Burning Blood","NeowsBlessing","Pen Nib","Dream Catcher","Strawberry","Omamori","Shovel","Bag of Marbles","Empty Cage","TheAbacus","Turnip","Pocketwatch","Fusion Hammer","Sling"],"potions_floor_usage":[6,16,22,24,27,30,33],"damage_taken":[{"damage":0,"enemies":"Small Slimes","floor":1,"turns":1},{"damage":0,"enemies":"Cultist","floor":2,"turns":1},{"damage":0,"enemies":"Jaw Worm","floor":4,"turns":1},{"damage":35,"enemies":"Gremlin Nob","floor":6,"turns":4},{"damage":25,"enemies":"Lagavulin","floor":8,"turns":6},{"damage":6,"enemies":"Blue Slaver","floor":12,"turns":3},{"damage":1,"enemies":"3 Louse","floor":13,"turns":2},{"damage":32,"enemies":"Hexaghost","floor":16,"turns":8},{"damage":22,"enemies":"3 Byrds","floor":18,"turns":4},{"damage":12,"enemies":"2 Thieves","floor":19,"turns":2},{"damage":25,"enemies":"Snake Plant","floor":21,"turns":3},{"damage":24,"enemies":"Centurion and Healer","floor":22,"turns":4},{"damage":29,"enemies":"Slavers","floor":24,"turns":4},{"damage":13,"enemies":"Snecko","floor":27,"turns":3},{"damage":0,"enemies":"3 Cultists","floor":30,"turns":4},{"damage":34,"enemies":"Champ","floor":33,"turns":8},{"damage":36,"enemies":"3 Shapes","floor":35,"turns":5},{"damage":3,"enemies":"Orb Walker","floor":36,"turns":1},{"damage":13,"enemies":"Spire Growth","floor":38,"turns":3},{"damage":30,"enemies":"Jaw Worm Horde","floor":39,"turns":4},{"damage":40,"enemies":"Transient","floor":41,"turns":5},{"damage":23,"enemies":"Writhing Mass","floor":42,"turns":2}],"seed_played":"-2117217589346010101","potions_obtained":[{"floor":1,"key":"Swift Potion"},{"floor":2,"key":"GamblersBrew"},{"floor":6,"key":"Swift Potion"},{"floor":8,"key":"SkillPotion"},{"floor":19,"key":"AttackPotion"},{"floor":21,"key":"Regen Potion"},{"floor":30,"key":"Weak Potion"}],"is_trial":false,"path_per_floor":["M","M","?","M","$","E","R","E","T","R","?","M","M","$","R","B",null,"M","M","$","M","M","R","E","$","T","M","?","R","M","?","R","B",null,"M","M","$","M","M","R","M","M"],"character_chosen":"IRONCLAD","items_purchased":["Pen Nib","Armaments","Bloodletting","Iron Wave","TheAbacus","PowerPotion","Shrug It Off","Warcry","Sling"],"campfire_rested":4,"item_purchase_floors":[5,5,5,14,20,25,37,37,37],"current_hp_per_floor":[80,80,80,80,80,51,51,39,39,65,65,65,70,70,70,44,87,71,65,65,46,40,66,43,43,43,36,36,62,68,68,68,40,87,57,60,60,53,29,55,21,0],"gold":79,"neow_bonus":"THREE_ENEMY_KILL","is_prod":false,"is_daily":false,"chose_seed":false,"campfire_upgraded":2,"win_rate":0,"timestamp":1541583144,"path_taken":["M","M","?","M","$","E","R","E","T","R","?","M","M","$","R","BOSS","M","?","$","M","M","R","E","$","T","M","?","R","M","?","R","BOSS","M","M","$","M","M","R","M","M"],"build_version":"2018-11-01","purchased_purges":1,"victory":false,"max_hp_per_floor":[80,80,80,80,80,80,80,87,87,87,87,87,87,87,87,87,87,87,87,87,87,87,87,87,87,87,87,87,87,87,87,87,87,87,87,87,87,87,87,87,87,87],"card_choices":[{"not_picked":["Sever Soul","True Grit"],"picked":"Perfected Strike","floor":1},{"not_picked":["Warcry","Sword Boomerang"],"picked":"Clash","floor":2},{"not_picked":["Reckless Charge","Infernal Blade"],"picked":"Pommel Strike","floor":4},{"not_picked":["Battle Trance","Barricade"],"picked":"Spot Weakness","floor":6},{"not_picked":["Flex","Sever Soul"],"picked":"Perfected Strike","floor":8},{"not_picked":["Searing Blow","Headbutt"],"picked":"Reckless Charge","floor":10},{"not_picked":["Havoc","Second Wind"],"picked":"Armaments","floor":12},{"not_picked":["Warcry","Reaper"],"picked":"Ghostly Armor","floor":13},{"not_picked":["Demon Form","Dark Embrace"],"picked":"Offering","floor":16},{"not_picked":["Thunderclap","Warcry"],"picked":"Combust","floor":18},{"not_picked":["Havoc","Disarm"],"picked":"Twin Strike+1","floor":19},{"not_picked":["Shrug It Off","Flex"],"picked":"Perfected Strike","floor":21},{"not_picked":["Warcry","Clash"],"picked":"Sword Boomerang+1","floor":22},{"not_picked":["Evolve","Rampage"],"picked":"Pommel Strike+1","floor":23},{"not_picked":["Demon Form","Entrench","Wild Strike"],"picked":"SKIP","floor":24},{"not_picked":["Hemokinesis","Heavy Blade+1"],"picked":"Pommel Strike","floor":27},{"not_picked":["Searing Blow","Anger+1"],"picked":"Shrug It Off+1","floor":29},{"not_picked":["Warcry","Body Slam+1"],"picked":"Clothesline+1","floor":30},{"not_picked":["Demon Form","Juggernaut"],"picked":"Double Tap","floor":33},{"not_picked":["Intimidate+1","Whirlwind"],"picked":"Iron Wave","floor":35},{"not_picked":["Flame Barrier","Shockwave"],"picked":"Pummel+1","floor":36},{"not_picked":["Disarm+1","Clothesline+1"],"picked":"Twin Strike","floor":38},{"not_picked":["Uppercut+1","Shockwave"],"picked":"Warcry","floor":39},{"not_picked":["Fire Breathing","Armaments+1"],"picked":"Perfected Strike+1","floor":40},{"not_picked":["Carnage","Havoc+1"],"picked":"Thunderclap+1","floor":41}],"player_experience":233090,"relics_obtained":[{"floor":6,"key":"Dream Catcher"},{"floor":8,"key":"Strawberry"},{"floor":9,"key":"Omamori"},{"floor":15,"key":"Bag of Marbles"},{"floor":24,"key":"Turnip"},{"floor":26,"key":"Pocketwatch"}],"event_choices":[{"damage_healed":0,"gold_gain":175,"player_choice":"AGREE","damage_taken":0,"max_hp_gain":0,"max_hp_loss":0,"event_name":"Liars Game","floor":3,"gold_loss":0,"cards_obtained":["Doubt"]},{"damage_healed":0,"gold_gain":0,"player_choice":"Gave Potion","damage_taken":0,"relics_obtained":["Shovel"],"max_hp_gain":0,"max_hp_loss":0,"event_name":"WeMeetAgain","floor":11,"gold_loss":0},{"damage_healed":0,"gold_gain":99,"player_choice":"Stole From Cult","damage_taken":0,"max_hp_gain":0,"max_hp_loss":0,"event_name":"Nest","floor":28,"gold_loss":0},{"damage_healed":0,"gold_gain":0,"player_choice":"Ignored","damage_taken":0,"max_hp_gain":0,"max_hp_loss":0,"event_name":"Vampires","floor":31,"gold_loss":0}],"is_beta":false,"boss_relics":[{"not_picked":["Runic Pyramid","Snecko Eye"],"picked":"Empty Cage"},{"not_picked":["Orrery","Philosopher\u0027s Stone"],"picked":"Fusion Hammer"}],"items_purged_floors":[5],"is_endless":false,"potions_floor_spawned":[1,2,6,8,19,21,30],"killed_by":"Writhing Mass","ascension_level":3}