{"gold_per_floor":[219,233,233,244,244,244,261,279,305,305,325,353,353,38,38,136,136,151,51,51,101,118,118,134,134,134,144,144,163,163,195,195,294,294,308,308,308],"floor_reached":37,"playtime":2131,"items_purged":["Strike_B","Strike_B"],"score":545,"play_id":"0b51cffe-68eb-483a-bb19-7076b4ce40bb","local_time":"20190206174426","is_ascension_mode":true,"campfire_choices":[{"data":"Dualcast","floor":6,"key":"SMITH"},{"data":"Coolheaded","floor":10,"key":"SMITH"},{"data":"Self Repair","floor":13,"key":"SMITH"},{"floor":15,"key":"REST"},{"data":"Ball Lightning","floor":23,"key":"SMITH"},{"data":"Recycle","floor":25,"key":"SMITH"},{"data":"White Noise","floor":28,"key":"SMITH"},{"data":"Leap","floor":30,"key":"SMITH"},{"floor":32,"key":"REST"}],"neow_cost":"NONE","seed_source_timestamp":1043961979416125,"circlet_count":0,"master_deck":["Strike_B","Defend_B","Defend_B","Defend_B","Defend_B","Zap+1","Dualcast+1","Coolheaded+1","Gash","Gash","Ball Lightning+1","Leap+1","Recycle+1","Self Repair+1","Electrodynamics","FTL","Hologram+1","White Noise+1","Compile Driver","Seek","Sunder+1"],"relics":["Cracked Core","Blood Vial","Ornamental Fan","Sozu","MutagenicStrength","Pantograph","PreservedInsect","Cursed Key"],"potions_floor_usage":[12,16,37],"damage_taken":[{"damage":0,"enemies":"2 Louse","floor":1,"turns":4},{"damage":0,"enemies":"Cultist","floor":2,"turns":3},{"damage":0,"enemies":"Small Slimes","floor":4,"turns":3},{"damage":4,"enemies":"Red Slaver","floor":7,"turns":3},{"damage":9,"enemies":"2 Fungi Beasts","floor":8,"turns":3},{"damage":2,"enemies":"Large Slime","floor":11,"turns":4},{"damage":12,"enemies":"Gremlin Nob","floor":12,"turns":4},{"damage":61,"enemies":"Slime Boss","floor":16,"turns":8},{"damage":17,"enemies":"Shell Parasite","floor":18,"turns":7},{"damage":2,"enemies":"2 Thieves","floor":22,"turns":3},{"damage":7,"enemies":"Shelled Parasite and Fungi","floor":24,"turns":6},{"damage":9,"enemies":"Centurion and Healer","floor":27,"turns":5},{"damage":18,"enemies":"Snake Plant","floor":29,"turns":4},{"damage":31,"enemies":"Book of Stabbing","floor":31,"turns":5},{"damage":56,"enemies":"Champ","floor":33,"turns":12},{"damage":16,"enemies":"3 Shapes","floor":35,"turns":4},{"damage":68,"enemies":"2 Orb Walkers","floor":37,"turns":5}],"seed_played":"8206808240103198526","potions_obtained":[{"floor":1,"key":"SkillPotion"},{"floor":4,"key":"Fire Potion"},{"floor":7,"key":"Dexterity Potion"},{"floor":8,"key":"Weak Potion"}],"is_trial":false,"path_per_floor":["M","M","?","M","?","R","M","M","T","R","M","E","R","$","R","B",null,"M","$","?","?","M","R","M","R","T","M","R","M","R","E","R","B",null,"M","?","?"],"character_chosen":"DEFECT","items_purchased":["Ornamental Fan"],"campfire_rested":2,"item_purchase_floors":[14],"current_hp_per_floor":[68,68,68,68,68,68,64,55,55,55,53,41,41,41,63,14,60,55,55,55,55,65,65,70,70,70,73,73,67,67,48,70,29,64,60,60,0],"gold":308,"neow_bonus":"HUNDRED_GOLD","is_prod":false,"is_daily":false,"chose_seed":false,"campfire_upgraded":7,"win_rate":0,"timestamp":1549471466,"path_taken":["M","M","?","M","?","R","?","M","T","R","M","E","R","$","R","BOSS","M","$","?","?","M","R","M","R","T","M","R","?","R","E","R","BOSS","M","?","?"],"build_version":"2019-01-23","purchased_purges":2,"victory":false,"max_hp_per_floor":[75,75,75,75,75,75,75,75,75,75,75,75,75,75,75,75,75,75,75,75,75,75,75,75,75,75,75,75,75,75,75,75,75,75,75,75,75],"card_choices":[{"not_picked":["Undo","Lockon"],"picked":"Coolheaded","floor":1},{"not_picked":["Scrape","Loop"],"picked":"Gash","floor":2},{"not_picked":["Hologram","Redo"],"picked":"Gash","floor":4},{"not_picked":["Genetic Algorithm","Streamline"],"picked":"Ball Lightning","floor":7},{"not_picked":["Doom and Gloom","Turbo"],"picked":"Leap","floor":8},{"not_picked":["Sweeping Beam","Stack"],"picked":"Recycle","floor":11},{"not_picked":["Sweeping Beam","Loop"],"picked":"Self Repair","floor":12},{"not_picked":["Hyperbeam","Multi-Cast"],"picked":"Electrodynamics","floor":16},{"not_picked":["Go for the Eyes+1","Chaos"],"picked":"FTL","floor":18},{"not_picked":["Sweeping Beam","Fusion+1"],"picked":"Hologram+1","floor":22},{"not_picked":["Streamline","Turbo","Cold Snap+1"],"picked":"SKIP","floor":24},{"not_picked":["Double Energy","Streamline"],"picked":"White Noise","floor":27},{"not_picked":["Hello World","Lockon","Rainbow"],"picked":"SKIP","floor":29},{"not_picked":["Steam+1","Reboot"],"picked":"Compile Driver","floor":31},{"not_picked":["Rainbow","Hyperbeam"],"picked":"Seek","floor":33},{"not_picked":["Steam","Storm"],"picked":"Sunder+1","floor":35}],"player_experience":251780,"relics_obtained":[{"floor":12,"key":"Blood Vial"},{"floor":26,"key":"Pantograph"},{"floor":31,"key":"PreservedInsect"}],"event_choices":[{"damage_healed":0,"gold_gain":0,"player_choice":"Grow","damage_taken":0,"max_hp_gain":0,"max_hp_loss":0,"event_name":"Living Wall","floor":3,"gold_loss":0,"cards_upgraded":["Zap"]},{"cards_removed":["Strike_B"],"damage_healed":0,"gold_gain":0,"player_choice":"Purged","damage_taken":0,"max_hp_gain":0,"max_hp_loss":0,"event_name":"Purifier","floor":5,"gold_loss":0},{"damage_healed":0,"gold_gain":0,"player_choice":"Inject Mutagens","damage_taken":0,"relics_obtained":["MutagenicStrength"],"max_hp_gain":0,"max_hp_loss":0,"event_name":"Drug Dealer","floor":20,"gold_loss":0},{"damage_healed":0,"gold_gain":100,"player_choice":"Bet on Murderer","damage_taken":0,"max_hp_gain":0,"max_hp_loss":0,"event_name":"The Joust","floor":21,"gold_loss":50},{"damage_healed":0,"gold_gain":0,"player_choice":"Ignored","damage_taken":0,"max_hp_gain":0,"max_hp_loss":0,"event_name":"Tomb of Lord Red Mask","floor":36,"gold_loss":0},{"damage_healed":0,"gold_gain":0,"player_choice":"Fight","damage_taken":0,"max_hp_gain":0,"max_hp_loss":0,"event_name":"Mysterious Sphere","floor":37,"gold_loss":0}],"is_beta":false,"boss_relics":[{"not_picked":["Runic Pyramid","Philosopher\u0027s Stone"],"picked":"Sozu"},{"not_picked":["Lizard Tail","Pandora\u0027s Box"],"picked":"Cursed Key"}],"items_purged_floors":[14,19],"is_endless":false,"potions_floor_spawned":[1,4,7,8,27,31,33],"killed_by":"2 Orb Walkers","ascension_level":8}