{"gold_per_floor":[15,32,32,32,47,47,66,66,116,139,139,139,155,188,188,309,309,332,332,357,22,22,22,47,47,47,60,60],"floor_reached":28,"playtime":1085,"items_purged":["Dualcast"],"score":221,"play_id":"f8689295-138f-4e24-bc43-9afe445c1574","local_time":"20190107194459","is_ascension_mode":true,"campfire_choices":[{"data":"Fusion","floor":6,"key":"SMITH"},{"data":"Redo","floor":8,"key":"SMITH"},{"data":"Tempest","floor":12,"key":"SMITH"},{"floor":15,"key":"REST"},{"floor":23,"key":"REST"},{"floor":25,"key":"REST"}],"neow_cost":"NO_GOLD","seed_source_timestamp":1302126621964012,"circlet_count":0,"master_deck":["Strike_B+1","Strike_B+1","Defend_B","Defend_B","Zap","Multi-Cast","Ball Lightning","Fusion+1","Rebound","Redo+1","Tempest+1","Lockon","Loop","Rainbow","Static Discharge","Compile Driver","Coolheaded+1","Glacier"],"relics":["Cracked Core","Golden Idol","NlothsMask","Whetstone","Odd Mushroom","Empty Cage","Singing Bowl","Dodecahedron"],"potions_floor_usage":[7,14],"damage_taken":[{"damage":1,"enemies":"Jaw Worm","floor":1,"turns":3},{"damage":0,"enemies":"Small Slimes","floor":2,"turns":2},{"damage":1,"enemies":"Cultist","floor":5,"turns":3},{"damage":0,"enemies":"Exordium Wildlife","floor":7,"turns":2},{"damage":14,"enemies":"Blue Slaver","floor":10,"turns":4},{"damage":9,"enemies":"3 Louse","floor":13,"turns":3},{"damage":12,"enemies":"The Mushroom Lair","floor":14,"turns":2},{"damage":39,"enemies":"Slime Boss","floor":16,"turns":7},{"damage":10,"enemies":"Chosen","floor":18,"turns":3},{"damage":43,"enemies":"Shell Parasite","floor":20,"turns":5},{"damage":34,"enemies":"3 Cultists","floor":24,"turns":5},{"damage":19,"enemies":"Snake Plant","floor":27,"turns":2},{"damage":17,"enemies":"Sentry and Sphere","floor":28,"turns":2}],"seed_played":"5254107824565720103","potions_obtained":[{"floor":1,"key":"GamblersBrew"},{"floor":2,"key":"Block Potion"},{"floor":10,"key":"Poison Potion"},{"floor":13,"key":"GamblersBrew"},{"floor":20,"key":"FocusPotion"}],"is_trial":false,"path_per_floor":["M","M","?","?","M","R","M","R","T","M","T","R","M","?","R","B",null,"M","?","M","$","?","R","M","R","T","M","M"],"character_chosen":"DEFECT","items_purchased":["Singing Bowl"],"campfire_rested":3,"item_purchase_floors":[21],"current_hp_per_floor":[74,74,56,56,55,55,55,55,55,41,41,41,32,20,42,3,75,65,65,22,22,22,44,10,32,32,15,0],"gold":60,"neow_bonus":"THREE_RARE_CARDS","is_prod":false,"is_daily":false,"chose_seed":false,"campfire_upgraded":3,"win_rate":0,"timestamp":1546908299,"path_taken":["M","M","?","?","M","R","?","R","T","M","?","R","M","?","R","BOSS","M","?","M","$","?","R","?","R","T","M","M"],"build_version":"2019-01-03v4","purchased_purges":1,"victory":false,"max_hp_per_floor":[75,75,75,75,75,75,75,75,75,75,75,75,75,75,75,75,75,75,75,75,75,75,75,75,75,75,77,77],"card_choices":[{"not_picked":["All For One","Electrodynamics"],"picked":"Multi-Cast","floor":0},{"not_picked":["Skim","Gash"],"picked":"Ball Lightning","floor":1},{"not_picked":["Conserve Battery","Turbo"],"picked":"Fusion","floor":2},{"not_picked":["Darkness","Barrage"],"picked":"Rebound","floor":5},{"not_picked":["Steam","Stack"],"picked":"Redo","floor":7},{"not_picked":["Chill","Fusion"],"picked":"Tempest","floor":10},{"not_picked":["Stack","Hologram"],"picked":"Lockon","floor":13},{"not_picked":["Streamline","Compile Driver"],"picked":"Loop","floor":14},{"not_picked":["Hyperbeam","Reboot"],"picked":"Rainbow","floor":16},{"not_picked":["Aggregate","Hello World","Heatsinks"],"picked":"SKIP","floor":18},{"not_picked":["Sweeping Beam","Turbo"],"picked":"Coolheaded+1","floor":20},{"not_picked":["Blizzard","Chill"],"picked":"Glacier","floor":24},{"not_picked":["Static Discharge+1","Streamline","Stack+1"],"picked":"Singing Bowl","floor":27}],"player_experience":483771,"relics_obtained":[{"floor":11,"key":"Whetstone"},{"floor":14,"key":"Odd Mushroom"},{"floor":26,"key":"Dodecahedron"}],"event_choices":[{"damage_healed":0,"gold_gain":0,"player_choice":"Take Damage","damage_taken":18,"relics_obtained":["Golden Idol"],"max_hp_gain":0,"max_hp_loss":0,"event_name":"Golden Idol","floor":3,"gold_loss":0},{"damage_healed":0,"gold_gain":0,"player_choice":"Trade","damage_taken":0,"relics_obtained":["NlothsMask"],"max_hp_gain":0,"max_hp_loss":0,"event_name":"FaceTrader","floor":4,"gold_loss":0},{"damage_healed":0,"gold_gain":0,"player_choice":"Fought Mushrooms","damage_taken":0,"max_hp_gain":0,"max_hp_loss":0,"event_name":"Mushrooms","floor":14,"gold_loss":0},{"damage_healed":0,"gold_gain":0,"cards_transformed":["Defend_B","Defend_B"],"player_choice":"Became Test Subject","damage_taken":0,"max_hp_gain":0,"max_hp_loss":0,"event_name":"Drug Dealer","floor":19,"gold_loss":0,"cards_obtained":["Static Discharge","Compile Driver"]},{"damage_healed":0,"gold_gain":0,"player_choice":"Got Potions","damage_taken":0,"max_hp_gain":0,"max_hp_loss":0,"event_name":"Lab","floor":22,"gold_loss":0}],"is_beta":false,"boss_relics":[{"not_picked":["Runic Pyramid","Tiny House"],"picked":"Empty Cage"}],"items_purged_floors":[21],"is_endless":false,"potions_floor_spawned":[1,2,10,13,20,24],"killed_by":"Sentry and Sphere","ascension_level":1}