{"gold_per_floor":[362,380,208,208,221,256,275,275,345,364,382,29,29,44,44,140,140,150,7,7,24,24,53,3,20,102,102,121,140,140,21,21,123,123,136,147,97,97,97,130,130,143,143,143,175,195,241,40,40,40],"floor_reached":51,"playtime":3430,"items_purged":["Strike_G","Regret","Decay","Spreading Infection","Skewer"],"score":838,"play_id":"d5826052-004f-4647-805d-b71643bde71f","local_time":"20180707025142","is_ascension_mode":true,"campfire_choices":[{"floor":8,"key":"REST"},{"floor":13,"key":"REST"},{"floor":15,"key":"REST"},{"data":"1","floor":27,"key":"LIFT"},{"data":"2","floor":30,"key":"LIFT"},{"data":"3","floor":32,"key":"LIFT"},{"data":"ReplayTheSpireMod:Scrap Shanks","floor":41,"key":"SMITH"},{"data":"Well Laid Plans","floor":44,"key":"SMITH"},{"floor":49,"key":"DIG"}],"neow_cost":"FIFTY_PERCENT_DAMAGE","seed_source_timestamp":416135757074544,"circlet_count":0,"master_deck":["Survivor","Neutralize","Escape Plan+1","Flechettes","Hidden Blade","Fluid Movement","Well Laid Plans+1","Dodge and Roll+1","Escape Plan+1","Toxin Wave","Noxious Fumes","Apotheosis+1","Prepared","Tools of the Trade","Acrobatics","Poisoned Strike","Atom Bomb","Concentrate+1","Distraction","Concentrate","Poison Darts","Underhanded Strike","Deflect","Deflect","Dodge and Roll","Flying Knee","Eviscerate","Footwork+1","Bouncing Flask","Good Instincts","ReplayTheSpireMod:Scrap Shanks+1","Noxious Fumes"],"relics":["Ring of the Snake","Calipers","Tough Bandages","Guide Book","Calling Bell","War Paint","Smiling Mask","Girya","Orichalcum","Meat on the Bone","Pandora\u0027s Box","Pear","Bottled Tornado","Shovel","Turnip","Lee\u0027s Waffle","Anchor"],"potions_floor_usage":[2,11,11,28,36,40,47,50],"damage_taken":[{"damage":0,"enemies":"2 Louse","floor":1,"turns":3},{"damage":3,"enemies":"Jaw Worm","floor":2,"turns":7},{"damage":0,"enemies":"Cultist","floor":5,"turns":4},{"damage":15,"enemies":"3 Sentries","floor":6,"turns":13},{"damage":0,"enemies":"Looter","floor":7,"turns":4},{"damage":0,"enemies":"Red Slaver","floor":10,"turns":5},{"damage":0,"enemies":"Exordium Wildlife","floor":11,"turns":1},{"damage":0,"enemies":"3 Louse","floor":14,"turns":3},{"damage":12,"enemies":"Hexaghost","floor":16,"turns":10},{"damage":0,"enemies":"Shell Parasite","floor":18,"turns":5},{"damage":4,"enemies":"Chosen","floor":21,"turns":6},{"damage":27,"enemies":"Gremlin Leader","floor":23,"turns":7},{"damage":0,"enemies":"Snecko","floor":25,"turns":3},{"damage":0,"enemies":"Cultist and Chosen","floor":28,"turns":5},{"damage":10,"enemies":"Centurion and Healer","floor":29,"turns":6},{"damage":0,"enemies":"Automaton","floor":33,"turns":8},{"damage":0,"enemies":"3 Shapes","floor":35,"turns":3},{"damage":13,"enemies":"Flame Bruiser 1 Orb","floor":36,"turns":3},{"damage":27,"enemies":"2 Orb Walkers","floor":40,"turns":6},{"damage":20,"enemies":"Maw","floor":42,"turns":6},{"damage":30,"enemies":"Nemesis","floor":45,"turns":3},{"damage":0,"enemies":"Spire Growth","floor":46,"turns":3},{"damage":3,"floor":47,"turns":4},{"damage":75,"enemies":"Awakened One","floor":50,"turns":11}],"seed_played":"774867179817160919","potions_obtained":[{"floor":1,"key":"Energy Potion"},{"floor":6,"key":"Adrenaline Potion"},{"floor":7,"key":"Fire Potion"},{"floor":14,"key":"FearPotion"},{"floor":25,"key":"SteroidPotion"},{"floor":28,"key":"Dexterity Potion"},{"floor":29,"key":"Milkshake"},{"floor":33,"key":"Swift Potion"},{"floor":36,"key":"SteroidPotion"},{"floor":40,"key":"Strength Potion"}],"is_trial":false,"path_per_floor":["M","M","$","?","M","E","M","R","T","M","M","$","R","M","R","B",null,"M","$","?","M","?","E","$","M","T","R","M","M","R","$","R","B",null,"M","M","$","?","?","E","R","M","T","R","E","M","?","$","R","B"],"character_chosen":"THE_SILENT","items_purchased":["Hidden Blade","Fluid Movement","Apotheosis","Guide Book","Poisoned Strike","Concentrate","Lee\u0027s Waffle"],"campfire_rested":3,"item_purchase_floors":[3,3,12,12,19,31,48],"current_hp_per_floor":[35,32,32,25,25,10,10,31,31,31,31,31,52,52,70,58,70,70,70,70,66,53,26,26,26,26,26,38,40,40,40,40,40,75,75,62,62,62,62,57,57,49,49,49,31,43,52,92,92,29],"gold":40,"neow_bonus":"TWO_FIFTY_GOLD","is_prod":false,"is_daily":false,"chose_seed":false,"campfire_upgraded":2,"win_rate":0,"timestamp":1530946302,"path_taken":["M","M","$","?","M","E","M","R","T","M","M","?","R","?","R","BOSS","M","$","?","M","?","E","?","M","T","R","?","?","R","?","R","BOSS","M","?","$","?","?","E","R","M","T","R","E","M","?","$","R","BOSS"],"build_version":"2018-07-05","purchased_purges":5,"victory":true,"max_hp_per_floor":[70,70,70,70,70,70,70,70,70,70,70,70,70,70,70,70,70,70,70,70,70,75,75,75,75,75,75,75,75,75,75,75,75,75,75,75,75,75,75,85,85,85,85,85,85,85,85,92,92,92],"card_choices":[{"not_picked":["Well Laid Plans","Outmaneuver"],"picked":"Escape Plan","floor":1},{"not_picked":["Heel Hook","Sucker Punch"],"picked":"Flechettes","floor":2},{"not_picked":["Dagger Spray","Backstab"],"picked":"Well Laid Plans","floor":5},{"not_picked":["Dagger Throw","Slice"],"picked":"Dodge and Roll","floor":6},{"not_picked":["Acrobatics","Outmaneuver"],"picked":"Escape Plan","floor":7},{"not_picked":["Caltrops","Dagger Throw"],"picked":"Toxin Wave","floor":10},{"not_picked":["Cloak And Dagger","Dodge and Roll"],"picked":"Noxious Fumes","floor":11},{"not_picked":["Masterful Stab","Choke"],"picked":"Prepared","floor":14},{"not_picked":["Venomology","Adrenaline"],"picked":"Tools of the Trade","floor":16},{"not_picked":["Hidden Blade","Crippling Poison"],"picked":"Acrobatics","floor":18},{"not_picked":["Expertise+1","Underhanded Strike+1"],"picked":"Concentrate+1","floor":21},{"not_picked":["All Out Attack","Quick Slash+1"],"picked":"Distraction","floor":23},{"not_picked":["Poisoned Stab","Eviscerate","PiercingWail"],"picked":"SKIP","floor":25},{"not_picked":["Dash","Masterful Stab","Riddle With Holes"],"picked":"SKIP","floor":28},{"not_picked":["Prepared","Quick Slash+1","Grand Finale"],"picked":"SKIP","floor":29},{"not_picked":["Bullet Time","Glass Knife"],"picked":"Poison Darts","floor":33},{"not_picked":["Slice","Caltrops+1"],"picked":"Footwork+1","floor":35},{"not_picked":["Flying Knee+1","Eviscerate+1"],"picked":"Bouncing Flask","floor":36},{"not_picked":["Panacea","Thinking Ahead"],"picked":"Good Instincts","floor":38},{"not_picked":["Dodge and Roll+1","Backflip"],"picked":"ReplayTheSpireMod:Scrap Shanks","floor":40},{"not_picked":["Prepared+1","Slice+1","Acrobatics+1"],"picked":"SKIP","floor":42},{"not_picked":["Bane","Dagger Spray+1"],"picked":"Noxious Fumes","floor":45},{"not_picked":["Deadly Poison+1","Flechettes","Acrobatics"],"picked":"SKIP","floor":46}],"player_experience":30165,"relics_obtained":[{"floor":6,"key":"Calipers"},{"floor":9,"key":"Tough Bandages"},{"floor":17,"key":"War Paint"},{"floor":17,"key":"Smiling Mask"},{"floor":17,"key":"Girya"},{"floor":23,"key":"Orichalcum"},{"floor":26,"key":"Meat on the Bone"},{"floor":40,"key":"Pear"},{"floor":43,"key":"Bottled Tornado"},{"floor":45,"key":"Shovel"},{"floor":47,"key":"Turnip"},{"floor":49,"key":"Anchor"}],"event_choices":[{"event_name":"Golden Wing","player_choice":"Card Removal","floor":4,"damage_taken":0},{"event_name":"Match and Keep!","player_choice":"1 cards matched","floor":20,"damage_taken":0},{"event_name":"Forgotten Altar","player_choice":"Shed Blood","floor":22,"damage_taken":0},{"event_name":"SensoryStone","player_choice":"Memory 1","floor":38,"damage_taken":0},{"event_name":"Falling","player_choice":"Removed Attack","floor":39,"damage_taken":0},{"event_name":"Mysterious Sphere","player_choice":"Fight","floor":47,"damage_taken":0}],"boss_relics":[{"not_picked":["Orrery","Runic Dome"],"picked":"Calling Bell"},{"not_picked":["Lizard Tail","Eternal Feather"],"picked":"Pandora\u0027s Box"}],"items_purged_floors":[3,19,24,31,37],"is_endless":false,"potions_floor_spawned":[1,6,7,14,25,28,29,33,36,40,45],"ascension_level":1}