{"gold_per_floor":[110,185,185,233,249,281,281,307,307,307,307,8,8,23,23,142,205,220,28,47,71,86,86,160,160],"floor_reached":25,"playtime":869,"items_purged":[],"score":343,"play_id":"33ab0db5-bab9-4eda-9be4-71859a3e10f8","local_time":"20190204025031","is_ascension_mode":true,"campfire_choices":[{"data":"Catalyst","floor":7,"key":"SMITH"},{"data":"Deadly Poison","floor":10,"key":"SMITH"},{"data":"Deflect","floor":13,"key":"SMITH"},{"floor":15,"key":"REST"},{"floor":23,"key":"REST"}],"neow_cost":"NONE","seed_source_timestamp":1304541472049400,"circlet_count":0,"master_deck":["Defend_G","Defend_G","Defend_G","Defend_G","Defend_G","Strike_G+1","Strike_G","Strike_G","Strike_G","Survivor","Neutralize","Catalyst+1","Deadly Poison+1","Deflect+1","Backflip","Injury","Envenom","Cloak And Dagger","Deadly Poison+1","Footwork","Poisoned Stab+1","Endless Agony"],"relics":["Ring of the Snake","NeowsBlessing","Bronze Scales","Meat on the Bone","Strawberry","Snake Skull","Golden Idol","Torii","Tiny House","Lee\u0027s Waffle","Tiny Chest"],"potions_floor_usage":[8,20,22,25],"damage_taken":[{"damage":0,"enemies":"2 Louse","floor":1,"turns":1},{"damage":0,"enemies":"Small Slimes","floor":5,"turns":1},{"damage":0,"enemies":"Lagavulin","floor":6,"turns":1},{"damage":41,"enemies":"Gremlin Nob","floor":8,"turns":5},{"damage":1,"enemies":"Jaw Worm","floor":14,"turns":4},{"damage":4,"enemies":"Hexaghost","floor":16,"turns":7},{"damage":15,"enemies":"Spheric Guardian","floor":18,"turns":5},{"damage":16,"enemies":"Shell Parasite","floor":20,"turns":5},{"damage":7,"enemies":"Centurion and Healer","floor":21,"turns":8},{"damage":34,"enemies":"Cultist and Chosen","floor":22,"turns":8},{"damage":68,"enemies":"Slavers","floor":24,"turns":8},{"damage":19,"enemies":"Shelled Parasite and Fungi","floor":25,"turns":4}],"seed_played":"-2204739819254578179","potions_obtained":[{"floor":1,"key":"Regen Potion"},{"floor":8,"key":"FearPotion"},{"floor":17,"key":"AttackPotion"},{"floor":21,"key":"Weak Potion"},{"floor":24,"key":"Fire Potion"}],"is_trial":false,"path_per_floor":["M","?","?","T","M","E","R","E","T","R","?","$","R","M","R","B",null,"M","$","M","M","M","R","E","M"],"character_chosen":"THE_SILENT","items_purchased":["Torii","Lee\u0027s Waffle"],"campfire_rested":2,"item_purchase_floors":[12,19],"current_hp_per_floor":[70,59,52,52,52,52,52,44,44,44,44,44,44,43,66,62,78,63,89,73,66,44,70,14,0],"gold":160,"neow_bonus":"THREE_ENEMY_KILL","is_prod":false,"is_daily":false,"chose_seed":false,"campfire_upgraded":3,"win_rate":0,"timestamp":1549245031,"path_taken":["M","?","?","?","?","E","R","E","T","R","?","$","R","M","R","BOSS","M","$","M","M","M","R","E","M"],"build_version":"2019-01-23","purchased_purges":0,"victory":false,"max_hp_per_floor":[70,70,70,70,70,70,70,77,77,77,77,77,77,77,77,77,82,82,89,89,89,89,89,89,89],"card_choices":[{"not_picked":["Heel Hook","Quick Slash"],"picked":"Catalyst","floor":1},{"not_picked":["Masterful Stab","Flying Knee"],"picked":"Deadly Poison","floor":5},{"not_picked":["Flying Knee","Quick Slash"],"picked":"Deflect","floor":6},{"not_picked":["Quick Slash","Choke"],"picked":"Backflip","floor":8},{"not_picked":["Endless Agony","Expertise","Backflip"],"picked":"SKIP","floor":14},{"not_picked":["Adrenaline","Malaise"],"picked":"Envenom","floor":16},{"not_picked":["Blur","Prepared+1"],"picked":"Cloak And Dagger","floor":18},{"not_picked":["Setup+1","PiercingWail"],"picked":"Deadly Poison+1","floor":20},{"not_picked":["Blade Dance","Deflect"],"picked":"Footwork","floor":21},{"not_picked":["Underhanded Strike","Infinite Blades+1"],"picked":"Poisoned Stab+1","floor":22},{"not_picked":["Grand Finale","Slice"],"picked":"Endless Agony","floor":24}],"player_experience":858628,"relics_obtained":[{"floor":4,"key":"Bronze Scales"},{"floor":6,"key":"Meat on the Bone"},{"floor":8,"key":"Strawberry"},{"floor":9,"key":"Snake Skull"},{"floor":24,"key":"Tiny Chest"}],"event_choices":[{"damage_healed":0,"gold_gain":75,"player_choice":"Gather Gold","damage_taken":11,"max_hp_gain":0,"max_hp_loss":0,"event_name":"World of Goop","floor":2,"gold_loss":0},{"cards_removed":["Strike_G"],"damage_healed":0,"gold_gain":0,"player_choice":"Card Removal","damage_taken":7,"max_hp_gain":0,"max_hp_loss":0,"event_name":"Golden Wing","floor":3,"gold_loss":0},{"damage_healed":0,"gold_gain":0,"player_choice":"Take Wound","damage_taken":0,"relics_obtained":["Golden Idol"],"max_hp_gain":0,"max_hp_loss":0,"event_name":"Golden Idol","floor":11,"gold_loss":0,"cards_obtained":["Injury"]}],"is_beta":false,"boss_relics":[{"not_picked":["Busted Crown","Pandora\u0027s Box"],"picked":"Tiny House"}],"items_purged_floors":[],"is_endless":false,"potions_floor_spawned":[1,8,21,24],"killed_by":"Shelled Parasite and Fungi","ascension_level":5}