{"gold_per_floor":[118,118,118,118,143,143,186,186,186,17,38,78,178,198,198,326,326,344,15,15,15,15,15,59,59,104,124,124,145,45,63,63,187,187,210,235,42,42,42,42,61,61,61,61,85,100,100,115,115,115],"floor_reached":50,"playtime":2304,"items_purged":["Strike_G","Strike_G","Strike_G"],"score":617,"play_id":"b3ec55f2-62fa-4f01-bc44-4c0f62f655d9","local_time":"20181222011907","is_ascension_mode":true,"campfire_choices":[{"data":"Accuracy","floor":6,"key":"SMITH"},{"floor":8,"key":"REST"},{"floor":15,"key":"REST"},{"floor":23,"key":"RECALL"},{"floor":25,"key":"REST"},{"data":"A Thousand Cuts","floor":28,"key":"SMITH"},{"data":"Cloak And Dagger","floor":32,"key":"SMITH"},{"data":"Blade Dance","floor":40,"key":"SMITH"},{"floor":42,"key":"REST"},{"floor":44,"key":"REST"},{"floor":49,"key":"REST"}],"neow_cost":"NONE","seed_source_timestamp":364902487611500,"circlet_count":0,"master_deck":["Defend_G","Defend_G","Defend_G","Defend_G","Survivor","Neutralize","Blade Dance","Accuracy+1","Well Laid Plans","Infinite Blades","Blade Dance+1","Endless Agony+1","Endless Agony+1","Cloak And Dagger+1","A Thousand Cuts+1","Footwork","Choke+1","Accuracy+1","Parasite"],"relics":["Ring of the Snake","NeowsBlessing","Golden Idol","Dead Branch","Molten Egg 2","Singing Bowl","White Beast Statue","Ornamental Fan","MutagenicStrength","Frozen Egg 2","Pantograph","Potion Belt","Lizard Tail","Boot"],"potions_floor_usage":[16,18,18,18,18,24,24,24,24,24,24,29,33,33,35,36,41,48,48,48,50,50],"damage_taken":[{"damage":0,"enemies":"Jaw Worm","floor":1,"turns":1},{"damage":0,"enemies":"Small Slimes","floor":5,"turns":1},{"damage":0,"enemies":"3 Sentries","floor":7,"turns":1},{"damage":3,"enemies":"2 Louse","floor":11,"turns":4},{"damage":28,"enemies":"Gremlin Nob","floor":12,"turns":4},{"damage":5,"enemies":"Lots of Slimes","floor":14,"turns":3},{"damage":8,"enemies":"The Guardian","floor":16,"turns":8},{"damage":12,"enemies":"Shell Parasite","floor":18,"turns":3},{"damage":18,"enemies":"Gremlin Leader","floor":24,"turns":3},{"damage":13,"enemies":"Spheric Guardian","floor":27,"turns":4},{"damage":3,"enemies":"Centurion and Healer","floor":29,"turns":3},{"damage":0,"enemies":"Shelled Parasite and Fungi","floor":31,"turns":4},{"damage":48,"enemies":"Automaton","floor":33,"turns":8},{"damage":12,"enemies":"3 Darklings","floor":35,"turns":5},{"damage":8,"enemies":"Orb Walker","floor":36,"turns":2},{"damage":85,"enemies":"Transient","floor":41,"turns":5},{"damage":26,"enemies":"Spire Growth","floor":45,"turns":4},{"damage":20,"enemies":"4 Shapes","floor":46,"turns":6},{"damage":24,"enemies":"Writhing Mass","floor":48,"turns":5},{"damage":93,"enemies":"Time Eater","floor":50,"turns":5}],"seed_played":"4996274143728401110","potions_obtained":[{"floor":11,"key":"SpeedPotion"},{"floor":12,"key":"GhostInAJar"},{"floor":14,"key":"EntropicBrew"},{"floor":16,"key":"PowerPotion"},{"floor":18,"key":"EntropicBrew"},{"floor":24,"key":"SpeedPotion"},{"floor":27,"key":"Strength Potion"},{"floor":29,"key":"Ancient Potion"},{"floor":31,"key":"Regen Potion"},{"floor":33,"key":"SkillPotion"},{"floor":35,"key":"Fire Potion"},{"floor":36,"key":"FearPotion"},{"floor":41,"key":"PowerPotion"},{"floor":45,"key":"EssenceOfSteel"},{"floor":46,"key":"GhostInAJar"},{"floor":48,"key":"Regen Potion"}],"is_trial":false,"path_per_floor":["M","?","T","?","M","R","E","R","T","$","M","E","?","M","R","B",null,"M","$","?","T","?","R","E","R","T","M","R","M","$","M","R","B",null,"M","M","$","?","$","R","M","R","T","R","M","M","?","M","R","B"],"character_chosen":"THE_SILENT","items_purchased":["Infinite Blades","Blade Dance","Footwork","Ornamental Fan","Accuracy+1"],"campfire_rested":6,"item_purchase_floors":[10,10,19,19,37],"current_hp_per_floor":[70,53,53,46,46,46,46,67,67,67,64,36,36,31,52,44,70,60,60,60,60,60,60,44,66,66,55,55,54,54,56,56,44,82,70,64,64,64,64,64,44,69,69,86,62,44,44,22,49,0],"gold":115,"neow_bonus":"THREE_ENEMY_KILL","is_prod":false,"is_daily":false,"chose_seed":false,"campfire_upgraded":4,"win_rate":0,"timestamp":1545437947,"path_taken":["M","?","?","?","M","R","E","R","T","$","M","E","?","M","R","BOSS","M","?","?","?","?","R","E","R","T","M","R","M","$","?","R","BOSS","M","M","$","?","$","R","?","R","T","R","M","M","?","?","R","BOSS"],"build_version":"2018-12-20","purchased_purges":3,"victory":false,"max_hp_per_floor":[70,70,70,70,70,70,70,70,70,70,70,70,70,70,70,70,70,72,72,72,72,72,72,74,74,74,76,76,78,78,80,80,82,82,82,84,84,84,84,84,86,86,86,86,88,90,90,92,92,92],"card_choices":[{"not_picked":["Bane","PiercingWail"],"picked":"Blade Dance","floor":1},{"not_picked":["Well Laid Plans","Backflip"],"picked":"Accuracy","floor":5},{"not_picked":["Predator","Tactician"],"picked":"Well Laid Plans","floor":7},{"not_picked":["Quick Slash+1","Heel Hook+1"],"picked":"Endless Agony+1","floor":11},{"not_picked":["Acrobatics","Riddle With Holes+1"],"picked":"Endless Agony+1","floor":12},{"not_picked":["Poisoned Stab+1","Blade Dance"],"picked":"Cloak And Dagger","floor":14},{"not_picked":["Venomology","Doppelganger"],"picked":"A Thousand Cuts","floor":16},{"not_picked":["Leg Sweep+1","Dagger Throw+1","Dagger Spray+1"],"picked":"Singing Bowl","floor":18},{"not_picked":["Reflex","Choke+1","Caltrops+1"],"picked":"Singing Bowl","floor":24},{"not_picked":["Bane+1","Infinite Blades+1","Endless Agony+1"],"picked":"Singing Bowl","floor":27},{"not_picked":["Footwork+1","All Out Attack+1","Sucker Punch+1"],"picked":"Singing Bowl","floor":29},{"not_picked":["Dagger Throw+1","Endless Agony+1","Dagger Spray+1"],"picked":"Singing Bowl","floor":31},{"not_picked":["Wraith Form v2+1","Bullet Time","A Thousand Cuts+1"],"picked":"Singing Bowl","floor":33},{"not_picked":["Underhanded Strike+1","Prepared"],"picked":"Choke+1","floor":35},{"not_picked":["Dodge and Roll+1","Choke+1","Prepared+1"],"picked":"Singing Bowl","floor":36},{"not_picked":["Prepared+1","Grand Finale+1","PiercingWail"],"picked":"Singing Bowl","floor":41},{"not_picked":["Caltrops+1","Acrobatics","Choke+1"],"picked":"Singing Bowl","floor":45},{"not_picked":["PiercingWail","Dagger Throw+1","Bane+1"],"picked":"Singing Bowl","floor":46},{"not_picked":["Noxious Fumes+1","Underhanded Strike+1","Dagger Throw+1"],"picked":"Singing Bowl","floor":48}],"player_experience":809790,"relics_obtained":[{"floor":3,"key":"Dead Branch"},{"floor":7,"key":"Molten Egg 2"},{"floor":12,"key":"Singing Bowl"},{"floor":21,"key":"Frozen Egg 2"},{"floor":24,"key":"Pantograph"},{"floor":26,"key":"Potion Belt"},{"floor":43,"key":"Boot"}],"event_choices":[{"damage_healed":0,"gold_gain":0,"player_choice":"Take Damage","damage_taken":17,"relics_obtained":["Golden Idol"],"max_hp_gain":0,"max_hp_loss":0,"event_name":"Golden Idol","floor":2,"gold_loss":0},{"cards_removed":["Strike_G"],"damage_healed":0,"gold_gain":0,"player_choice":"Card Removal","damage_taken":7,"max_hp_gain":0,"max_hp_loss":0,"event_name":"Golden Wing","floor":4,"gold_loss":0},{"damage_healed":0,"gold_gain":100,"player_choice":"Pray","damage_taken":0,"max_hp_gain":0,"max_hp_loss":0,"event_name":"Golden Shrine","floor":13,"gold_loss":0},{"damage_healed":0,"gold_gain":0,"player_choice":"Inject Mutagens","damage_taken":0,"relics_obtained":["MutagenicStrength"],"max_hp_gain":0,"max_hp_loss":0,"event_name":"Drug Dealer","floor":20,"gold_loss":0},{"cards_removed":["Strike_G"],"damage_healed":0,"gold_gain":0,"player_choice":"Offered Basic","damage_taken":0,"max_hp_gain":0,"max_hp_loss":0,"event_name":"Bonfire Elementals","floor":22,"gold_loss":0},{"cards_removed":["Defend_G"],"damage_healed":0,"gold_gain":0,"player_choice":"Card Removal","damage_taken":0,"max_hp_gain":0,"max_hp_loss":0,"event_name":"Wheel of Change","floor":38,"gold_loss":0},{"damage_healed":0,"gold_gain":0,"player_choice":"Leave","damage_taken":0,"max_hp_gain":0,"max_hp_loss":0,"event_name":"FaceTrader","floor":47,"gold_loss":0}],"is_beta":false,"boss_relics":[{"not_picked":["Eternal Feather","Snecko Eye"],"picked":"White Beast Statue"},{"not_picked":["HoveringKite","Tiny House"],"picked":"Lizard Tail"}],"items_purged_floors":[10,30,37],"is_endless":false,"potions_floor_spawned":[11,12,14,16,18,24,27,29,31,33,35,36,41,45,46,48],"killed_by":"Time Eater","ascension_level":4}