{"gold_per_floor":[112,112,128,51,65,99,19,19,87,87,87,87,104,121,121,216,216,229,239,255,266,45,72,91,91,116,16,27,58,58,71,71,166,166,176,187,119,131,151,151,179,179,179,179,179,191,204,217,217,217],"floor_reached":51,"playtime":2822,"items_purged":["Strike_G","Writhe"],"score":1037,"play_id":"71fd31bc-4ed8-4105-8340-fa0f30a40829","local_time":"20190210230122","is_ascension_mode":true,"campfire_choices":[{"data":"Noxious Fumes","floor":10.0,"key":"SMITH"},{"data":"Crippling Poison","floor":12.0,"key":"SMITH"},{"data":"Neutralize","floor":15.0,"key":"SMITH"},{"data":"Bullet Time","floor":32.0,"key":"SMITH"},{"data":"Footwork","floor":40.0,"key":"SMITH"},{"data":"Catalyst","floor":42.0,"key":"SMITH"},{"data":"Well Laid Plans","floor":44.0,"key":"SMITH"},{"data":"Dodge and Roll","floor":49.0,"key":"SMITH"}],"neow_cost":"NONE","seed_source_timestamp":21912270070000,"circlet_count":0,"master_deck":["Defend_G+1","Defend_G","Defend_G","Defend_G","Defend_G","Strike_G+1","Strike_G+1","Strike_G","Strike_G+1","Survivor","Neutralize+1","Crippling Poison+1","Noxious Fumes+1","Well Laid Plans+1","Backflip","Deadly Poison","Bullet Time+1","Crippling Poison","Blur+1","Footwork+1","Adrenaline","Catalyst+1","Clumsy","Dodge and Roll+1"],"special_seed":0,"relics":["Ring of the Snake","Lantern","Whetstone","Dodecahedron","Lizard Tail","Centennial Puzzle","Gambling Chip","Dream Catcher","Vajra","Bottled Tornado","Cursed Key","Happy Flower","Blue Candle"],"potions_floor_usage":[50],"damage_taken":[{"damage":2.0,"enemies":"Cultist","floor":1.0,"turns":5.0},{"damage":0.0,"enemies":"2 Louse","floor":3.0,"turns":2.0},{"damage":0.0,"enemies":"Small Slimes","floor":5.0,"turns":4.0},{"damage":15.0,"enemies":"3 Sentries","floor":6.0,"turns":8.0},{"damage":4.0,"enemies":"Gremlin Gang","floor":13.0,"turns":3.0},{"damage":1.0,"enemies":"Looter","floor":14.0,"turns":3.0},{"damage":0.0,"enemies":"The Guardian","floor":16.0,"turns":9.0},{"damage":0.0,"enemies":"Chosen","floor":18.0,"turns":4.0},{"damage":2.0,"enemies":"Shell Parasite","floor":19.0,"turns":5.0},{"damage":11.0,"enemies":"Cultist and Chosen","floor":20.0,"turns":6.0},{"damage":3.0,"enemies":"Centurion and Healer","floor":21.0,"turns":6.0},{"damage":13.0,"enemies":"Gremlin Leader","floor":23.0,"turns":6.0},{"damage":0.0,"enemies":"Shelled Parasite and Fungi","floor":24.0,"turns":5.0},{"damage":9.0,"enemies":"Sentry and Sphere","floor":28.0,"turns":5.0},{"damage":1.0,"enemies":"Book of Stabbing","floor":29.0,"turns":6.0},{"damage":5.0,"enemies":"3 Cultists","floor":31.0,"turns":4.0},{"damage":14.0,"enemies":"Collector","floor":33.0,"turns":10.0},{"damage":6.0,"enemies":"Orb Walker","floor":35.0,"turns":4.0},{"damage":2.0,"enemies":"3 Darklings","floor":36.0,"turns":4.0},{"damage":2.0,"enemies":"4 Shapes","floor":38.0,"turns":5.0},{"damage":7.0,"enemies":"Sphere and 2 Shapes","floor":39.0,"turns":3.0},{"damage":26.0,"enemies":"Reptomancer","floor":41.0,"turns":5.0},{"damage":9.0,"enemies":"Spire Growth","floor":46.0,"turns":4.0},{"damage":1.0,"enemies":"Transient","floor":47.0,"turns":5.0},{"damage":0.0,"enemies":"Writhing Mass","floor":48.0,"turns":5.0},{"damage":56,"enemies":"Time Eater","floor":50,"turns":16}],"seed_played":"4273262620050779688","potions_obtained":[{"floor":2.0,"key":"Fire Potion"},{"floor":2.0,"key":"FairyPotion"},{"floor":2.0,"key":"Fire Potion"},{"floor":13.0,"key":"Regen Potion"},{"floor":16.0,"key":"Ancient Potion"},{"floor":20.0,"key":"Swift Potion"},{"floor":23.0,"key":"SteroidPotion"},{"floor":24.0,"key":"FairyPotion"},{"floor":28.0,"key":"SpeedPotion"},{"floor":46.0,"key":"Swift Potion"}],"is_trial":false,"path_per_floor":["M","?","M","$","M","E","$","?","T","R","?","R","M","M","R","B",null,"M","M","M","M","$","E","M","?","T","$","M","E","?","M","R","B",null,"M","M","$","M","M","R","E","R","T","R","?","M","M","M","R","B",null],"character_chosen":"THE_SILENT","items_purchased":["Noxious Fumes","Well Laid Plans","Backflip","Centennial Puzzle","Catalyst"],"campfire_rested":0,"item_purchase_floors":[4,7,7,22,37],"current_hp_per_floor":[61,61,61,61,61,46,46,32,32,32,37,37,33,32,32,47,64,64,62,51,48,48,35,35,35,35,35,26,25,25,20,20,6,54,48,46,46,44,37,37,11,11,11,11,61,52,51,51,51,6],"gold":217,"neow_bonus":"RANDOM_COMMON_RELIC","is_prod":false,"is_daily":false,"chose_seed":false,"campfire_upgraded":8,"win_rate":0,"timestamp":1549864882,"path_taken":["M","?","?","?","M","E","?","?","T","R","?","R","M","M","R","BOSS","M","M","?","M","$","E","M","?","T","$","M","E","?","M","R","BOSS","M","M","$","M","M","R","E","R","T","R","?","M","M","M","R","BOSS"],"build_version":"2019-01-23","purchased_purges":2,"victory":true,"max_hp_per_floor":[70,70,70,70,70,70,70,70,70,70,70,70,70,70,70,70,70,70,70,70,70,70,70,70,70,70,70,70,70,70,70,70,70,70,70,70,70,70,70,70,70,70,70,70,61,61,61,61,61,61],"card_choices":[{"not_picked":["Bane","Underhanded Strike"],"picked":"Blade Dance","floor":1.0},{"not_picked":["Backstab","Reflex"],"picked":"Crippling Poison","floor":3.0},{"not_picked":["Bane","Infinite Blades","Dagger Spray"],"picked":"SKIP","floor":5.0},{"not_picked":["Tactician","Wraith Form v2","All Out Attack"],"picked":"SKIP","floor":6.0},{"not_picked":["Bane","Quick Slash"],"picked":"Deadly Poison","floor":13.0},{"not_picked":["Slice","Backstab","Backflip"],"picked":"SKIP","floor":14.0},{"not_picked":["Grand Finale","Night Terror"],"picked":"Bullet Time","floor":16.0},{"not_picked":["Distraction","Bane"],"picked":"Crippling Poison","floor":18.0},{"not_picked":["Deadly Poison","Riddle With Holes"],"picked":"Blur+1","floor":19.0},{"not_picked":["Poisoned Stab","Prepared","Accuracy"],"picked":"SKIP","floor":20.0},{"not_picked":["Flying Knee","Calculated Gamble","Sucker Punch"],"picked":"SKIP","floor":21.0},{"not_picked":["Dagger Spray","Blade Dance"],"picked":"Footwork","floor":23.0},{"not_picked":["Slice+1","Skewer","Well Laid Plans"],"picked":"SKIP","floor":24.0},{"not_picked":["Flying Knee","Bane+1","Deflect+1"],"picked":"SKIP","floor":28.0},{"not_picked":["Masterful Stab","Riddle With Holes","Dagger Throw+1"],"picked":"SKIP","floor":29.0},{"not_picked":["Die Die Die","Sucker Punch","Dagger Spray"],"picked":"SKIP","floor":31.0},{"not_picked":["Glass Knife","Unload"],"picked":"Adrenaline","floor":33.0},{"not_picked":["Blade Dance","Dagger Spray","Well Laid Plans"],"picked":"SKIP","floor":35.0},{"not_picked":["Sucker Punch","Quick Slash","Blade Dance+1"],"picked":"SKIP","floor":36.0},{"not_picked":["Noxious Fumes","Corpse Explosion","Underhanded Strike"],"picked":"SKIP","floor":38.0},{"not_picked":["Flying Knee+1","Acrobatics","Dagger Throw+1"],"picked":"SKIP","floor":39.0},{"not_picked":["Infinite Blades+1","Tactician","Eviscerate+1"],"picked":"SKIP","floor":41.0},{"not_picked":["Dagger Throw+1","Outmaneuver","Prepared"],"picked":"SKIP","floor":46.0},{"not_picked":["Deadly Poison","Underhanded Strike+1","Prepared+1"],"picked":"SKIP","floor":47.0},{"not_picked":["Deflect+1","Outmaneuver"],"picked":"Dodge and Roll","floor":48.0}],"player_experience":349926,"relics_obtained":[{"floor":6.0,"key":"Whetstone"},{"floor":9.0,"key":"Dodecahedron"},{"floor":23.0,"key":"Gambling Chip"},{"floor":26.0,"key":"Vajra"},{"floor":29.0,"key":"Bottled Tornado"},{"floor":41.0,"key":"Happy Flower"},{"floor":43.0,"key":"Blue Candle"}],"event_choices":[{"damage_healed":0.0,"max_hp_gain":0.0,"max_hp_loss":0.0,"gold_gain":0.0,"event_name":"Lab","player_choice":"Got Potions","floor":2.0,"gold_loss":0.0,"damage_taken":0.0},{"damage_healed":0.0,"max_hp_gain":0.0,"max_hp_loss":0.0,"gold_gain":0.0,"event_name":"Shining Light","player_choice":"Entered Light","floor":8.0,"gold_loss":0.0,"damage_taken":14.0,"cards_upgraded":["Strike_G","Defend_G"]},{"cards_removed":["Blade Dance"],"damage_healed":5.0,"max_hp_gain":0.0,"max_hp_loss":0.0,"gold_gain":0.0,"event_name":"Bonfire Elementals","player_choice":"Offered Common","floor":11.0,"gold_loss":0.0,"damage_taken":0.0},{"cards_removed":["Blade Dance"],"damage_healed":5.0,"max_hp_gain":0.0,"max_hp_loss":0.0,"gold_gain":0.0,"event_name":"Bonfire Elementals","player_choice":"Offered Special","floor":11.0,"gold_loss":0.0,"damage_taken":0.0},{"damage_healed":0.0,"max_hp_gain":0.0,"max_hp_loss":0.0,"gold_gain":0.0,"event_name":"The Mausoleum","player_choice":"Opened","floor":25.0,"gold_loss":0.0,"damage_taken":0.0,"relics_obtained":["Dream Catcher"],"cards_obtained":["Writhe"]},{"damage_healed":61.0,"max_hp_gain":0.0,"max_hp_loss":9.0,"gold_gain":0.0,"event_name":"The Moai Head","player_choice":"Heal","floor":45.0,"gold_loss":0.0,"damage_taken":0.0}],"is_beta":false,"boss_relics":[{"not_picked":["Pandora\u0027s Box","Coffee Dripper"],"picked":"Lizard Tail"},{"not_picked":["Fusion Hammer","HoveringKite"],"picked":"Cursed Key"}],"items_purged_floors":[22,27],"is_endless":false,"potions_floor_spawned":[5,13,14,16,20,23,24,28,29,31,39,46,47],"ascension_level":8}