{"gold_per_floor":[112,132,132,142,155,190,190,200,200,212,59,86,106,118,118,213,213,224,224,224,241,261,261,360,378,429,460,49,63,82,82],"floor_reached":31,"playtime":3475,"items_purged":[],"score":298,"play_id":"0585cc9b-8c39-4dc1-b012-5a57cd220120","local_time":"20190210023522","is_ascension_mode":false,"campfire_choices":[{"data":"Flame Barrier","floor":7,"key":"SMITH"},{"data":"Berserk","floor":15,"key":"SMITH"},{"data":"Dark Embrace","floor":23,"key":"SMITH"}],"neow_cost":"NONE","seed_source_timestamp":158168031096548,"circlet_count":0,"master_deck":["Defend_R","Defend_R","Defend_R","Defend_R","Bash","Flame Barrier+1","Hemokinesis","Shrug It Off","Seeing Red","Feel No Pain","Pummel","Berserk+1","Battle Trance","Inflame","Reckless Charge","Dark Embrace+1","Fire Breathing","Bite","Bite","Bite","Bite","Bite","Blood for Blood+1","Body Slam+1","Sentinel+1","Flex","Demon Form","Shrug It Off","Dual Wield"],"relics":["Burning Blood","Red Skull","Sundial","Centennial Puzzle","Dodecahedron","Sozu","Strawberry","Pantograph","Pear"],"potions_floor_usage":[16],"damage_taken":[{"damage":2,"enemies":"2 Louse","floor":1,"turns":3},{"damage":0,"enemies":"Cultist","floor":2,"turns":5},{"damage":3,"enemies":"Jaw Worm","floor":4,"turns":3},{"damage":22,"enemies":"Exordium Thugs","floor":5,"turns":9},{"damage":32,"enemies":"Gremlin Nob","floor":6,"turns":4},{"damage":5,"enemies":"Looter","floor":8,"turns":3},{"damage":6,"enemies":"Exordium Wildlife","floor":10,"turns":5},{"damage":14,"enemies":"Lagavulin","floor":12,"turns":6},{"damage":7,"enemies":"Gremlin Gang","floor":13,"turns":4},{"damage":8,"enemies":"Large Slime","floor":14,"turns":5},{"damage":27,"enemies":"Slime Boss","floor":16,"turns":9},{"damage":27,"enemies":"Spheric Guardian","floor":18,"turns":4},{"damage":38,"enemies":"2 Thieves","floor":21,"turns":5},{"damage":15,"enemies":"Chosen and Byrds","floor":22,"turns":5},{"damage":8,"enemies":"Snecko","floor":25,"turns":5},{"damage":30,"enemies":"Book of Stabbing","floor":27,"turns":5},{"damage":21,"enemies":"Snake Plant","floor":29,"turns":5},{"damage":20,"enemies":"Shelled Parasite and Fungi","floor":30,"turns":6},{"damage":49,"enemies":"Gremlin Leader","floor":31,"turns":5}],"seed_played":"-8049223732681436308","potions_obtained":[{"floor":2,"key":"Poison Potion"},{"floor":3,"key":"SkillPotion"},{"floor":3,"key":"Swift Potion"},{"floor":10,"key":"BloodPotion"},{"floor":16,"key":"EntropicBrew"}],"is_trial":false,"path_per_floor":["M","M","?","M","M","E","R","M","T","M","$","E","M","M","R","B",null,"M","?","?","M","M","R","?","M","T","E","$","M","M","E"],"character_chosen":"IRONCLAD","items_purchased":["Centennial Puzzle","Pear","Demon Form"],"campfire_rested":0,"item_purchase_floors":[11,28,28],"current_hp_per_floor":[88,88,88,88,72,46,46,47,47,47,47,39,38,36,36,23,88,67,61,61,37,40,40,40,48,55,43,53,42,36,0],"gold":82,"neow_bonus":"TEN_PERCENT_HP_BONUS","is_prod":false,"is_daily":false,"chose_seed":false,"campfire_upgraded":3,"win_rate":0.0,"timestamp":1549762522,"path_taken":["M","M","?","?","M","E","R","M","T","M","?","E","?","M","R","BOSS","M","?","?","?","M","R","?","M","T","E","?","M","?","E"],"build_version":"2019-01-23","purchased_purges":0,"victory":false,"max_hp_per_floor":[88,88,88,88,88,88,88,88,88,88,88,88,88,88,88,88,88,88,61,61,61,61,61,61,61,68,68,78,78,78,78],"card_choices":[{"not_picked":["Anger","Carnage"],"picked":"Flame Barrier","floor":1},{"not_picked":["Evolve","Clash"],"picked":"Hemokinesis","floor":2},{"not_picked":["True Grit","Twin Strike"],"picked":"Shrug It Off","floor":4},{"not_picked":["Clothesline","Warcry"],"picked":"Seeing Red","floor":5},{"not_picked":["Clash","Sword Boomerang"],"picked":"Feel No Pain","floor":6},{"not_picked":["Iron Wave","Havoc"],"picked":"Pummel","floor":8},{"not_picked":["Wild Strike","Havoc"],"picked":"Berserk","floor":10},{"not_picked":["Heavy Blade","Hemokinesis"],"picked":"Battle Trance","floor":12},{"not_picked":["Shrug It Off","Cleave"],"picked":"Inflame","floor":13},{"not_picked":["Inflame","Twin Strike"],"picked":"Reckless Charge","floor":14},{"not_picked":["Impervious","Offering"],"picked":"Dark Embrace","floor":16},{"not_picked":["Clash+1","Headbutt"],"picked":"Fire Breathing","floor":18},{"not_picked":["Twin Strike","Hemokinesis+1"],"picked":"Blood for Blood+1","floor":21},{"not_picked":["Sword Boomerang+1","Inflame+1"],"picked":"Body Slam+1","floor":22},{"not_picked":["Corruption","Disarm"],"picked":"Sentinel+1","floor":25},{"not_picked":["Thunderclap","True Grit"],"picked":"Flex","floor":27},{"not_picked":["Inflame","Hemokinesis"],"picked":"Shrug It Off","floor":29},{"not_picked":["Flex","Shockwave"],"picked":"Dual Wield","floor":30}],"player_experience":115074,"relics_obtained":[{"floor":6,"key":"Red Skull"},{"floor":9,"key":"Sundial"},{"floor":12,"key":"Dodecahedron"},{"floor":26,"key":"Strawberry"},{"floor":27,"key":"Pantograph"}],"event_choices":[{"damage_healed":0,"gold_gain":0,"player_choice":"Got Potions","damage_taken":0,"max_hp_gain":0,"max_hp_loss":0,"event_name":"Lab","floor":3,"gold_loss":0},{"damage_healed":0,"gold_gain":0,"player_choice":"Became a vampire","damage_taken":0,"max_hp_gain":0,"max_hp_loss":27,"event_name":"Vampires","floor":19,"gold_loss":0,"cards_obtained":["Bite","Bite","Bite","Bite","Bite"]},{"damage_healed":0,"gold_gain":0,"player_choice":"Bought 0 Potions","damage_taken":0,"max_hp_gain":0,"max_hp_loss":0,"event_name":"The Woman in Blue","floor":20,"gold_loss":0},{"damage_healed":0,"gold_gain":99,"player_choice":"Stole From Cult","damage_taken":0,"max_hp_gain":0,"max_hp_loss":0,"event_name":"Nest","floor":24,"gold_loss":0}],"is_beta":false,"boss_relics":[{"not_picked":["Runic Cube","Ectoplasm"],"picked":"Sozu"}],"items_purged_floors":[],"is_endless":false,"potions_floor_spawned":[2,5,10,12,16,22,30],"killed_by":"Gremlin Leader","ascension_level":0}