{"gold_per_floor":[111,123,135,153,172,172,59,92,118,129,129],"floor_reached":11,"playtime":2162,"items_purged":["Strike_G"],"score":116,"play_id":"6be1cc51-c6d2-4af2-ac96-63ff30134173","local_time":"20181205200330","is_ascension_mode":true,"campfire_choices":[{"floor":6,"key":"REST"}],"neow_cost":"PERCENT_DAMAGE","seed_source_timestamp":419729239646090,"circlet_count":0,"master_deck":["AscendersBane","Defend_G","Defend_G","Defend_G","Defend_G","Defend_G","Strike_G","Strike_G","Strike_G","Strike_G","Survivor","Neutralize","Underhanded Strike","Leg Sweep","Bouncing Flask","Reflex","Noxious Fumes","Caltrops","Cloak And Dagger"],"relics":["Ring of the Snake","Gambling Chip","Regal Pillow","Bag of Preparation"],"potions_floor_usage":[8,10,11],"damage_taken":[{"damage":0,"enemies":"Jaw Worm","floor":1,"turns":5},{"damage":1,"enemies":"Small Slimes","floor":2,"turns":4},{"damage":1,"enemies":"Cultist","floor":3,"turns":3},{"damage":0,"enemies":"2 Fungi Beasts","floor":4,"turns":4},{"damage":36,"enemies":"Large Slime","floor":5,"turns":10},{"damage":18,"enemies":"Gremlin Nob","floor":8,"turns":4},{"damage":5,"enemies":"Exordium Thugs","floor":10,"turns":5},{"damage":6,"enemies":"3 Louse","floor":11,"turns":1}],"seed_played":"7002957313460653096","potions_obtained":[{"floor":1,"key":"PowerPotion"},{"floor":4,"key":"Energy Potion"},{"floor":10,"key":"LiquidBronze"}],"is_trial":false,"path_per_floor":["M","M","M","M","M","R","$","E","T","M","M"],"character_chosen":"THE_SILENT","items_purchased":["Noxious Fumes"],"campfire_rested":1,"item_purchase_floors":[7],"current_hp_per_floor":[45,44,43,43,7,28,28,10,10,5,0],"gold":129,"neow_bonus":"ONE_RARE_RELIC","is_prod":false,"is_daily":false,"chose_seed":false,"campfire_upgraded":0,"win_rate":0,"timestamp":1544040210,"path_taken":["M","M","M","M","M","R","$","E","T","M","M"],"build_version":"2018-11-15","purchased_purges":1,"victory":false,"max_hp_per_floor":[70,70,70,70,70,70,70,70,70,70,70],"card_choices":[{"not_picked":["Escape Plan","Infinite Blades","Distraction"],"picked":"SKIP","floor":1},{"not_picked":["Endless Agony","Prepared"],"picked":"Underhanded Strike","floor":2},{"not_picked":["Heel Hook","Infinite Blades"],"picked":"Leg Sweep","floor":3},{"not_picked":["Flying Knee","Finisher"],"picked":"Bouncing Flask","floor":4},{"not_picked":["Calculated Gamble","Expertise"],"picked":"Reflex","floor":5},{"not_picked":["Escape Plan","Deflect"],"picked":"Caltrops","floor":8},{"not_picked":["Deflect","Eviscerate"],"picked":"Cloak And Dagger","floor":10}],"player_experience":962397,"relics_obtained":[{"floor":8,"key":"Regal Pillow"},{"floor":9,"key":"Bag of Preparation"}],"event_choices":[],"is_beta":false,"boss_relics":[],"items_purged_floors":[7],"is_endless":false,"potions_floor_spawned":[1,4,10],"killed_by":"3 Louse","ascension_level":10}