{"gold_per_floor":[116,11,11,24,38,72,84,111,197,219,231,261,284,296,308,418,430,453,128,143,58,72,97,97],"floor_reached":24,"playtime":2200,"items_purged":["Turbo"],"score":332,"play_id":"bcaef819-794c-4d0f-bf20-c3b7ea4d7538","local_time":"20190102013523","is_ascension_mode":true,"campfire_choices":[{"floor":7,"key":"REST"},{"floor":15,"key":"REST"}],"neow_cost":"NONE","seed_source_timestamp":1133173443417476,"circlet_count":0,"master_deck":["AscendersBane","Zap","Dualcast","Static Discharge","Sunder","Force Field","Loop","Heatsinks","Conserve Battery","Cold Snap","Heatsinks","Streamline","Core Surge","Echo Form","Leap","Rip and Tear","Seek","Thunder Strike","Seek","Seek","Echo Form","Force Field","Self Repair","Panache","Hyperbeam"],"relics":["Snecko Eye","Incense Burner","MawBank","Spirit Poop","Pandora\u0027s Box","Unceasing Top","Toxic Egg 2"],"potions_floor_usage":[6,6,11,11],"damage_taken":[{"damage":3,"enemies":"2 Louse","floor":1,"turns":5},{"damage":6,"enemies":"Jaw Worm","floor":4,"turns":3},{"damage":4,"enemies":"Cultist","floor":5,"turns":3},{"damage":36,"enemies":"Gremlin Nob","floor":6,"turns":4},{"damage":6,"enemies":"Gremlin Gang","floor":8,"turns":6},{"damage":5,"enemies":"Large Slime","floor":10,"turns":5},{"damage":5,"enemies":"3 Louse","floor":11,"turns":2},{"damage":12,"enemies":"Red Slaver","floor":12,"turns":6},{"damage":9,"enemies":"Blue Slaver","floor":13,"turns":4},{"damage":23,"enemies":"The Guardian","floor":16,"turns":12},{"damage":12,"enemies":"Chosen","floor":18,"turns":4},{"damage":22,"enemies":"2 Thieves","floor":20,"turns":4},{"damage":15,"enemies":"3 Cultists","floor":22,"turns":7},{"damage":32,"enemies":"Gremlin Leader","floor":23,"turns":5},{"damage":18,"enemies":"Centurion and Healer","floor":24,"turns":3}],"seed_played":"3644568635760631221","potions_obtained":[{"floor":1,"key":"SmokeBomb"},{"floor":4,"key":"LiquidBronze"},{"floor":5,"key":"Dexterity Potion"},{"floor":10,"key":"SkillPotion"}],"is_trial":false,"path_per_floor":["M","$","?","M","M","E","R","M","T","M","M","M","M","?","R","B",null,"M","$","M","?","M","E","M"],"character_chosen":"DEFECT","items_purchased":["Sunder","Force Field","Self Repair","Panache"],"campfire_rested":2,"item_purchase_floors":[2,2,19,19],"current_hp_per_floor":[65,65,65,59,55,19,41,35,35,30,25,13,4,4,26,3,57,45,45,37,37,36,4,0],"gold":97,"neow_bonus":"BOSS_RELIC","is_prod":false,"is_daily":false,"chose_seed":false,"campfire_upgraded":0,"win_rate":0,"timestamp":1546392923,"path_taken":["M","$","?","M","M","E","R","M","T","M","M","M","M","?","R","BOSS","M","?","?","?","M","E","M"],"build_version":"2018-12-20","purchased_purges":1,"victory":false,"max_hp_per_floor":[75,75,75,75,75,75,75,75,75,75,75,75,75,75,75,75,75,75,75,75,75,75,75,75],"card_choices":[{"not_picked":["Recycle","Leap"],"picked":"Static Discharge","floor":1},{"not_picked":["Turbo","Self Repair"],"picked":"Loop","floor":4},{"not_picked":["Chill","Scrape"],"picked":"Heatsinks","floor":5},{"not_picked":["Stack","Steam"],"picked":"Conserve Battery","floor":6},{"not_picked":["Hologram","Beam Cell"],"picked":"Cold Snap","floor":8},{"not_picked":["Rebound","Coolheaded"],"picked":"Heatsinks","floor":10},{"not_picked":["Lockon","Go for the Eyes"],"picked":"Streamline","floor":12},{"not_picked":["Scrape","Gash"],"picked":"Core Surge","floor":13},{"not_picked":["Multi-Cast","Fission"],"picked":"Echo Form","floor":16},{"not_picked":["Sweeping Beam+1","Ball Lightning+1"],"picked":"Force Field","floor":18},{"not_picked":["Coolheaded","Compile Driver","Ball Lightning"],"picked":"SKIP","floor":20},{"not_picked":["Scrape","Steam","FTL"],"picked":"SKIP","floor":22},{"not_picked":["Streamline+1","Beam Cell+1"],"picked":"Hyperbeam","floor":23}],"player_experience":1111612,"relics_obtained":[{"floor":6,"key":"MawBank"},{"floor":23,"key":"Toxic Egg 2"}],"event_choices":[{"damage_healed":0,"gold_gain":0,"player_choice":"Box","damage_taken":0,"relics_obtained":["Incense Burner"],"max_hp_gain":0,"max_hp_loss":0,"event_name":"Big Fish","floor":3,"gold_loss":0,"cards_obtained":["Regret"]},{"cards_removed":["Regret"],"damage_healed":0,"gold_gain":0,"player_choice":"Offered Curse","damage_taken":0,"relics_obtained":["Spirit Poop"],"max_hp_gain":0,"max_hp_loss":0,"event_name":"Bonfire Elementals","floor":14,"gold_loss":0},{"damage_healed":0,"gold_gain":0,"player_choice":"Obtained Relic","damage_taken":0,"relics_obtained":["Unceasing Top"],"max_hp_gain":0,"max_hp_loss":0,"event_name":"Addict","floor":21,"gold_loss":85}],"is_beta":false,"boss_relics":[{"not_picked":["Astrolabe","Eternal Feather"],"picked":"Pandora\u0027s Box"}],"items_purged_floors":[19],"is_endless":false,"potions_floor_spawned":[1,4,5,10],"killed_by":"Centurion and Healer","ascension_level":10}