{"gold_per_floor":[210,227,63,13,26,26,60,60,86,86,96,113,113,140,140,235,235,246,246,1,1,1,32,32,49,74,105,117,216,233,244,244,343,343,363,181,198,210,210,210,210,238,238,248,348,348,2,14,14,14],"floor_reached":51,"playtime":2476,"items_purged":["Defend_R","Strike_R","Defend_R","Defend_R"],"score":1188,"play_id":"6840efef-f63a-4578-9542-c0377ebb7e3b","local_time":"20181217012214","is_ascension_mode":true,"campfire_choices":[{"data":"Corruption","floor":6,"key":"SMITH"},{"data":"Bash","floor":8,"key":"SMITH"},{"data":"Rampage","floor":13,"key":"SMITH"},{"data":"Flame Barrier","floor":15,"key":"SMITH"},{"data":"Fiend Fire","floor":24,"key":"SMITH"},{"floor":32,"key":"REST"},{"data":"Feel No Pain","floor":40,"key":"SMITH"},{"data":"Flame Barrier","floor":46,"key":"SMITH"},{"floor":49,"key":"REST"}],"neow_cost":"NONE","seed_source_timestamp":284223580454832,"circlet_count":0,"master_deck":["Bash+1","Pommel Strike","Flame Barrier+1","Corruption+1","Shrug It Off","Exhume","Rampage+1","Shrug It Off","Shrug It Off","Fiend Fire+1","Inflame+1","Armaments+1","Twin Strike+1","Flame Barrier+1","Spot Weakness+1","Sever Soul+1","Shrug It Off","Pummel","Brutality","Spot Weakness","Fiend Fire+1","Disarm","Feel No Pain+1","Master of Strategy","Master of Strategy","Evolve+1","Warcry+1","Body Slam","Second Wind+1","Discovery+1","Spot Weakness+1","Seeing Red+1"],"relics":["Burning Blood","Oddly Smooth Stone","Happy Flower","Mango","Astrolabe","Membership Card","Strawberry","Paper Frog","Vajra","Dream Catcher","Snecko Eye","Whetstone","The Courier","Toxic Egg 2","Turnip","Medical Kit","Orichalcum","Centennial Puzzle"],"potions_floor_usage":[14,14,16,23,28,33,35,38,41,50,50,50],"damage_taken":[{"damage":7,"enemies":"Small Slimes","floor":1,"turns":4},{"damage":3,"enemies":"2 Louse","floor":2,"turns":4},{"damage":1,"enemies":"Cultist","floor":5,"turns":4},{"damage":19,"enemies":"Lagavulin","floor":7,"turns":8},{"damage":11,"enemies":"Looter","floor":11,"turns":3},{"damage":1,"enemies":"Exordium Wildlife","floor":12,"turns":3},{"damage":35,"enemies":"Gremlin Nob","floor":14,"turns":6},{"damage":47,"enemies":"The Guardian","floor":16,"turns":8},{"damage":0,"enemies":"Spheric Guardian","floor":18,"turns":3},{"damage":30,"enemies":"Slavers","floor":23,"turns":8},{"damage":9,"enemies":"Shell Parasite","floor":25,"turns":5},{"damage":0,"enemies":"Gremlin Leader","floor":27,"turns":4},{"damage":17,"enemies":"Snake Plant","floor":28,"turns":4},{"damage":17,"enemies":"Cultist and Chosen","floor":30,"turns":7},{"damage":1,"enemies":"Sentry and Sphere","floor":31,"turns":5},{"damage":3,"enemies":"Collector","floor":33,"turns":7},{"damage":4,"enemies":"3 Darklings","floor":35,"turns":3},{"damage":0,"enemies":"Orb Walker","floor":37,"turns":2},{"damage":19,"enemies":"3 Darklings","floor":38,"turns":4},{"damage":3,"enemies":"Maw","floor":41,"turns":5},{"damage":19,"enemies":"Nemesis","floor":42,"turns":5},{"damage":0,"enemies":"Transient","floor":44,"turns":5},{"damage":0,"enemies":"Mind Bloom Boss Battle","floor":45,"turns":3},{"damage":0,"enemies":"Sphere and 2 Shapes","floor":48,"turns":5},{"damage":19,"enemies":"Awakened One","floor":50,"turns":5}],"seed_played":"9084957501731999809","potions_obtained":[{"floor":5,"key":"Regen Potion"},{"floor":7,"key":"Block Potion"},{"floor":12,"key":"SmokeBomb"},{"floor":14,"key":"BloodPotion"},{"floor":16,"key":"EssenceOfSteel"},{"floor":18,"key":"AttackPotion"},{"floor":27,"key":"Poison Potion"},{"floor":31,"key":"SkillPotion"},{"floor":33,"key":"GamblersBrew"},{"floor":42,"key":"Weak Potion"},{"floor":44,"key":"FearPotion"},{"floor":45,"key":"SteroidPotion"}],"is_trial":false,"path_per_floor":["M","M","$","?","M","R","E","R","T","?","M","M","R","E","R","B",null,"M","?","$","?","?","E","R","M","T","E","M","?","M","M","R","B",null,"M","$","M","M","?","R","M","E","T","M","?","R","$","M","R","B",null],"character_chosen":"IRONCLAD","items_purchased":["Corruption","Shrug It Off","Membership Card","Whetstone","Disarm","Medical Kit","Orichalcum","Centennial Puzzle","Body Slam","Second Wind+1","Discovery+1"],"campfire_rested":2,"item_purchase_floors":[3,3,20,36,36,47,47,47,47,47,47],"current_hp_per_floor":[71,74,74,74,79,79,66,66,66,59,54,59,59,59,59,27,77,83,64,64,64,71,47,47,44,44,50,39,39,28,33,64,67,96,98,98,104,91,81,81,84,71,71,77,83,83,83,89,106,93],"gold":14,"neow_bonus":"HUNDRED_GOLD","is_prod":false,"is_daily":false,"chose_seed":false,"campfire_upgraded":7,"win_rate":0,"timestamp":1545027734,"path_taken":["M","M","$","?","M","R","E","R","T","?","M","M","R","E","R","BOSS","M","?","$","?","?","E","R","M","T","E","?","?","M","M","R","BOSS","M","$","M","M","?","R","M","E","T","M","?","R","$","?","R","BOSS"],"build_version":"2018-12-13","purchased_purges":4,"victory":true,"max_hp_per_floor":[80,80,80,80,80,80,80,80,80,80,80,80,80,94,94,94,94,94,99,99,99,106,106,106,106,106,106,106,106,106,106,106,106,106,106,106,106,106,106,106,106,106,106,106,106,106,106,106,106,106],"card_choices":[{"not_picked":["Havoc","Sever Soul"],"picked":"Pommel Strike","floor":1},{"not_picked":["Wild Strike","Warcry"],"picked":"Flame Barrier","floor":2},{"not_picked":["Carnage","Anger"],"picked":"Exhume","floor":5},{"not_picked":["Warcry","Perfected Strike"],"picked":"Rampage","floor":7},{"not_picked":["Cleave","Reckless Charge"],"picked":"Shrug It Off","floor":11},{"not_picked":["Intimidate","Blood for Blood"],"picked":"Shrug It Off","floor":12},{"not_picked":["True Grit","Immolate"],"picked":"Burning Pact","floor":14},{"not_picked":["Feed","Berserk"],"picked":"Fiend Fire","floor":16},{"not_picked":["Warcry","Iron Wave+1"],"picked":"Flame Barrier","floor":18},{"not_picked":["Burning Pact","Clothesline+1"],"picked":"Spot Weakness+1","floor":23},{"not_picked":["Anger","Fire Breathing+1","Cleave"],"picked":"SKIP","floor":25},{"not_picked":["Clash","Armaments+1"],"picked":"Sever Soul","floor":27},{"not_picked":["Clothesline","Headbutt"],"picked":"Shrug It Off","floor":28},{"not_picked":["Sword Boomerang","Clash"],"picked":"Pummel","floor":30},{"not_picked":["Clash","Cleave"],"picked":"Brutality","floor":31},{"not_picked":["Carnage","Clothesline"],"picked":"Spot Weakness","floor":32},{"not_picked":["Barricade","Immolate"],"picked":"Fiend Fire","floor":33},{"not_picked":["Dropkick","Clash+1","Evolve"],"picked":"SKIP","floor":35},{"not_picked":["Clash","True Grit","Sword Boomerang"],"picked":"SKIP","floor":37},{"not_picked":["Clash","Body Slam"],"picked":"Feel No Pain","floor":38},{"not_picked":["Discovery","Violence"],"picked":"Master of Strategy","floor":39},{"not_picked":["Transmutation","Madness"],"picked":"Master of Strategy","floor":39},{"not_picked":["Perfected Strike+1","Iron Wave","Havoc+1"],"picked":"SKIP","floor":42},{"not_picked":["Sword Boomerang","True Grit+1"],"picked":"Evolve+1","floor":44},{"not_picked":["Infernal Blade+1","Armaments+1"],"picked":"Warcry+1","floor":45},{"not_picked":["Clothesline+1","Hemokinesis"],"picked":"Spot Weakness+1","floor":48},{"not_picked":["Wild Strike+1","True Grit+1"],"picked":"Seeing Red+1","floor":49}],"player_experience":399396,"relics_obtained":[{"floor":7,"key":"Oddly Smooth Stone"},{"floor":9,"key":"Happy Flower"},{"floor":14,"key":"Mango"},{"floor":23,"key":"Paper Frog"},{"floor":26,"key":"Vajra"},{"floor":27,"key":"Dream Catcher"},{"floor":42,"key":"The Courier"},{"floor":43,"key":"Toxic Egg 2"},{"floor":45,"key":"Turnip"}],"event_choices":[{"cards_removed":["Defend_R"],"damage_healed":0,"gold_gain":0,"player_choice":"Card Removal","damage_taken":0,"max_hp_gain":0,"max_hp_loss":0,"event_name":"The Cleric","floor":4,"gold_loss":50},{"cards_removed":["Strike_R"],"damage_healed":0,"gold_gain":0,"player_choice":"Card Removal","damage_taken":7,"max_hp_gain":0,"max_hp_loss":0,"event_name":"Golden Wing","floor":10,"gold_loss":0},{"damage_healed":0,"gold_gain":0,"player_choice":"Shed Blood","damage_taken":24,"max_hp_gain":5,"max_hp_loss":0,"event_name":"Forgotten Altar","floor":19,"gold_loss":0},{"damage_healed":0,"gold_gain":0,"player_choice":"Ignored","damage_taken":0,"max_hp_gain":0,"max_hp_loss":0,"event_name":"Beggar","floor":21,"gold_loss":0},{"cards_removed":["Burning Pact"],"damage_healed":0,"gold_gain":0,"player_choice":"Gave Card","damage_taken":0,"relics_obtained":["Strawberry"],"max_hp_gain":0,"max_hp_loss":0,"event_name":"WeMeetAgain","floor":22,"gold_loss":0},{"damage_healed":0,"gold_gain":99,"player_choice":"Stole From Cult","damage_taken":0,"max_hp_gain":0,"max_hp_loss":0,"event_name":"Nest","floor":29,"gold_loss":0},{"damage_healed":0,"gold_gain":0,"player_choice":"Memory 3","damage_taken":10,"max_hp_gain":0,"max_hp_loss":0,"event_name":"SensoryStone","floor":39,"gold_loss":0},{"damage_healed":0,"gold_gain":0,"player_choice":"Fight","damage_taken":0,"max_hp_gain":0,"max_hp_loss":0,"event_name":"MindBloom","floor":45,"gold_loss":0}],"is_beta":false,"boss_relics":[{"not_picked":["Runic Cube","Ectoplasm"],"picked":"Astrolabe"},{"not_picked":["Mark of Pain","Velvet Choker"],"picked":"Snecko Eye"}],"items_purged_floors":[3,20,36,47],"is_endless":false,"potions_floor_spawned":[5,7,12,14,16,18,27,31,33,41,42,44,45],"ascension_level":8}