{"gold_per_floor":[116,116,116,116,116,145,165,183,238,238,250,300,300,318,318,393,393,405,405,405,455,466,466,492,21,47,79,79,4,4,4,4,75,75,85,85,1084,162,162,162,181,181,181,216,216,216,246,262,262,262],"floor_reached":51,"playtime":1548,"items_purged":["Pain","Normality"],"score":1473,"play_id":"a50058df-6507-4312-8869-62b1165f40cd","local_time":"20190209155655","is_ascension_mode":true,"campfire_choices":[{"floor":10.0,"key":"REST"},{"data":"Rage","floor":13.0,"key":"SMITH"},{"data":"Spot Weakness","floor":15.0,"key":"SMITH"},{"floor":23.0,"key":"REST"},{"floor":28.0,"key":"REST"},{"floor":32.0,"key":"REST"},{"data":"Limit Break","floor":40.0,"key":"SMITH"},{"data":"Heavy Blade","floor":42,"key":"SMITH"},{"data":"Limit Break","floor":46,"key":"SMITH"},{"floor":49,"key":"REST"}],"neow_cost":"PERCENT_DAMAGE","seed_source_timestamp":1759955059476731,"circlet_count":0,"master_deck":["AscendersBane","Strike_R","Strike_R","Strike_R","Defend_R","Defend_R","Defend_R","Defend_R","Bash","Clash","Battle Trance","Spot Weakness+1","Sword Boomerang","Rage+1","Burning Pact","Feed","Pommel Strike","Thunderclap","Heavy Blade+1","Shrug It Off","Limit Break+1","Normality","Shrug It Off","Panache","Limit Break+1","True Grit+1"],"special_seed":0,"relics":["Burning Blood","Ice Cream","Orichalcum","WarpedTongs","Ginger","Ancient Tea Set","Boot","Cursed Key","Champion Belt","Torii","Dream Catcher","Singing Bowl","Nilry\u0027s Codex","Empty Cage","Strawberry","Frozen Egg 2","Smiling Mask","Kunai"],"potions_floor_usage":[47],"damage_taken":[{"damage":2.0,"enemies":"2 Louse","floor":1.0,"turns":3.0},{"damage":10.0,"enemies":"Lagavulin","floor":6.0,"turns":6.0},{"damage":8.0,"enemies":"Small Slimes","floor":7.0,"turns":3.0},{"damage":0.0,"enemies":"Cultist","floor":8.0,"turns":3.0},{"damage":8.0,"enemies":"Exordium Thugs","floor":11.0,"turns":4.0},{"damage":1.0,"enemies":"2 Fungi Beasts","floor":14.0,"turns":3.0},{"damage":33.0,"enemies":"The Guardian","floor":16.0,"turns":8.0},{"damage":14.0,"enemies":"Spheric Guardian","floor":18.0,"turns":5.0},{"damage":14.0,"enemies":"3 Byrds","floor":22.0,"turns":4.0},{"damage":19.0,"enemies":"Gremlin Leader","floor":24.0,"turns":6.0},{"damage":34.0,"enemies":"Slavers","floor":27.0,"turns":6.0},{"damage":43.0,"enemies":"Automaton","floor":33.0,"turns":8.0},{"damage":29.0,"enemies":"3 Darklings","floor":35.0,"turns":6.0},{"damage":1.0,"enemies":"Orb Walker","floor":41.0,"turns":2.0},{"damage":0,"enemies":"Giant Head","floor":44,"turns":5},{"damage":25,"enemies":"Reptomancer","floor":47,"turns":3},{"damage":10,"enemies":"4 Shapes","floor":48,"turns":6},{"damage":90,"enemies":"Donu and Deca","floor":50,"turns":7}],"seed_played":"-6497128760912891180","potions_obtained":[{"floor":1.0,"key":"Block Potion"},{"floor":6.0,"key":"Ancient Potion"},{"floor":8.0,"key":"GamblersBrew"},{"floor":14.0,"key":"Fire Potion"},{"floor":16.0,"key":"SpeedPotion"},{"floor":22.0,"key":"Weak Potion"},{"floor":41,"key":"Energy Potion"},{"floor":45,"key":"Energy Potion"}],"is_trial":false,"path_per_floor":["M","?","?","?","?","E","M","M","T","R","M","T","R","M","R","B",null,"M","?","?","?","M","R","E","$","T","E","R","?","$","?","R","B",null,"M","$","?","$","?","R","M","R","T","E","?","R","E","M","R","B",null],"character_chosen":"IRONCLAD","items_purchased":["Torii","Shrug It Off","Strawberry","Swift Potion","Shrug It Off","Panache","Fire Potion","Frozen Egg 2"],"campfire_rested":5,"item_purchase_floors":[25,25,38,38,38,38,38,38],"current_hp_per_floor":[54,54,59,41,41,37,35,41,41,65,63,63,63,68,68,41,70,65,41,41,33,25,51,38,38,38,15,44,44,44,23,53,16,77,56,56,56,63,63,63,73,73,73,81,81,81,68,69,106,22],"gold":262,"neow_bonus":"ONE_RARE_RELIC","is_prod":false,"is_daily":false,"chose_seed":false,"campfire_upgraded":5,"win_rate":0,"timestamp":1549745815,"path_taken":["M","?","?","?","?","E","M","?","T","R","M","?","R","M","R","BOSS","M","?","?","?","?","R","E","$","T","E","R","?","$","?","R","BOSS","M","$","?","$","?","R","?","R","T","E","?","R","E","M","R","BOSS"],"build_version":"2019-02-06","purchased_purges":2,"victory":true,"max_hp_per_floor":[75,75,80,80,80,80,80,80,80,80,80,80,80,80,80,80,80,83,88,88,88,88,88,88,88,88,93,95,95,95,95,97,97,97,99,99,99,106,106,106,111,111,111,113,113,113,119,124,124,124],"card_choices":[{"not_picked":["Carnage","True Grit"],"picked":"Clash","floor":1.0},{"not_picked":["Evolve","Disarm"],"picked":"Battle Trance","floor":6.0},{"not_picked":["Combust","Headbutt"],"picked":"Spot Weakness","floor":7.0},{"not_picked":["Armaments","Havoc"],"picked":"Sword Boomerang","floor":8.0},{"not_picked":["Warcry","Wild Strike"],"picked":"Rage","floor":11.0},{"not_picked":["Perfected Strike","Carnage"],"picked":"Burning Pact","floor":14.0},{"not_picked":["Dark Embrace","Bludgeon"],"picked":"Feed","floor":16.0},{"not_picked":["Wild Strike","Twin Strike"],"picked":"Pommel Strike","floor":18.0},{"not_picked":["Searing Blow","Hemokinesis"],"picked":"Thunderclap","floor":22.0},{"not_picked":["Body Slam","Twin Strike"],"picked":"Heavy Blade","floor":24.0},{"not_picked":["Barricade","Shockwave","Burning Pact"],"picked":"Singing Bowl","floor":27.0},{"not_picked":["Spot Weakness","Body Slam","Iron Wave"],"picked":"Singing Bowl","floor":28.0},{"not_picked":["Armaments","Seeing Red","Warcry"],"picked":"Singing Bowl","floor":32.0},{"not_picked":["Dark Embrace","Brutality"],"picked":"Limit Break","floor":33.0},{"not_picked":["Bloodletting","Iron Wave","Pommel Strike"],"picked":"Singing Bowl","floor":35.0},{"not_picked":["Thunderclap","Headbutt","Perfected Strike"],"picked":"Singing Bowl","floor":41},{"not_picked":["Barricade+1","Infernal Blade","Rage"],"picked":"Singing Bowl","floor":44},{"not_picked":["Flex","Armaments","Pommel Strike"],"picked":"Singing Bowl","floor":47},{"not_picked":["Pommel Strike","Clash","Rupture+1"],"picked":"Singing Bowl","floor":48},{"not_picked":["Rage","Pommel Strike"],"picked":"True Grit+1","floor":49}],"player_experience":649963,"relics_obtained":[{"floor":6.0,"key":"Ginger"},{"floor":9.0,"key":"Ancient Tea Set"},{"floor":12.0,"key":"Boot"},{"floor":24.0,"key":"Champion Belt"},{"floor":26.0,"key":"Dream Catcher"},{"floor":27.0,"key":"Singing Bowl"},{"floor":31.0,"key":"Nilry\u0027s Codex"},{"floor":44,"key":"Smiling Mask"},{"floor":47,"key":"Kunai"}],"event_choices":[{"damage_healed":0.0,"max_hp_gain":0.0,"max_hp_loss":0.0,"gold_gain":0.0,"event_name":"Liars Game","player_choice":"Ignored","floor":2.0,"gold_loss":0.0,"damage_taken":0.0},{"damage_healed":0.0,"max_hp_gain":5.0,"max_hp_loss":0.0,"gold_gain":0.0,"event_name":"Big Fish","player_choice":"Donut","floor":3.0,"gold_loss":0.0,"damage_taken":0.0},{"damage_healed":0.0,"max_hp_gain":0.0,"max_hp_loss":0.0,"gold_gain":0.0,"event_name":"Scrap Ooze","player_choice":"Success","floor":4.0,"gold_loss":0.0,"damage_taken":18.0,"relics_obtained":["Orichalcum"]},{"damage_healed":0.0,"max_hp_gain":0.0,"max_hp_loss":0.0,"gold_gain":0.0,"event_name":"Accursed Blacksmith","player_choice":"Rummage","floor":5.0,"gold_loss":0.0,"damage_taken":0.0,"relics_obtained":["WarpedTongs"],"cards_obtained":["Pain"]},{"damage_healed":0.0,"max_hp_gain":5.0,"max_hp_loss":0.0,"gold_gain":0.0,"event_name":"Forgotten Altar","player_choice":"Shed Blood","floor":19.0,"gold_loss":0.0,"damage_taken":29.0},{"damage_healed":0.0,"max_hp_gain":0.0,"max_hp_loss":0.0,"gold_gain":0.0,"event_name":"Vampires","player_choice":"Ignored","floor":20.0,"gold_loss":0.0,"damage_taken":0.0},{"damage_healed":0.0,"max_hp_gain":0.0,"max_hp_loss":0.0,"gold_gain":50.0,"event_name":"FaceTrader","player_choice":"Touch","floor":21.0,"gold_loss":0.0,"damage_taken":8.0},{"cards_removed":["Decay"],"damage_healed":0.0,"max_hp_gain":0.0,"max_hp_loss":0.0,"gold_gain":0.0,"event_name":"Beggar","player_choice":"Gave Gold","floor":29.0,"gold_loss":75.0,"damage_taken":0.0},{"damage_healed":0.0,"max_hp_gain":0.0,"max_hp_loss":0.0,"gold_gain":0.0,"event_name":"Cursed Tome","player_choice":"Obtained Book","floor":31.0,"gold_loss":0.0,"damage_taken":21.0},{"damage_healed":0.0,"max_hp_gain":0.0,"max_hp_loss":0.0,"gold_gain":999.0,"event_name":"MindBloom","player_choice":"Gold","floor":37.0,"gold_loss":0.0,"damage_taken":0.0,"cards_obtained":["Normality","Normality"]},{"damage_healed":0.0,"max_hp_gain":0.0,"max_hp_loss":0.0,"gold_gain":0.0,"event_name":"Duplicator","player_choice":"Copied","floor":39.0,"gold_loss":0.0,"damage_taken":0.0,"cards_obtained":["Limit Break"]},{"damage_healed":0,"gold_gain":0,"player_choice":"Got Potions","damage_taken":0,"max_hp_gain":0,"max_hp_loss":0,"event_name":"Lab","floor":45,"gold_loss":0}],"is_beta":true,"boss_relics":[{"not_picked":["Lizard Tail","Ectoplasm"],"picked":"Cursed Key"},{"not_picked":["Astrolabe","Runic Cube"],"picked":"Empty Cage"}],"items_purged_floors":[25,38],"is_endless":false,"potions_floor_spawned":[1,6,8,14,16,22,41],"ascension_level":16}