{"gold_per_floor":[117,117,16,16,16,16,30,41,41,53,53,78,93,107,107,206,256,272,27,27,47,60,60,60,90,90,90],"floor_reached":27,"playtime":1446,"items_purged":["Strike_R","Strike_R+1"],"score":258,"play_id":"9a5e21c2-013d-4fd0-80fd-94bc8dc2f9ea","local_time":"20190203011233","is_ascension_mode":false,"campfire_choices":[{"data":"Clothesline","floor":6,"key":"SMITH"},{"data":"Inflame","floor":11,"key":"SMITH"},{"data":"Clothesline","floor":15,"key":"SMITH"},{"floor":23,"key":"REST"}],"neow_cost":"NONE","seed_source_timestamp":29960703296900,"circlet_count":0,"master_deck":["Defend_R+1","Defend_R+1","Defend_R","Defend_R+1","Bash","Clothesline+1","True Grit+1","Cleave","Inflame+1","Sword Boomerang","Reaper","Clothesline+1","Headbutt","Exhume+1","Feel No Pain","Writhe","Whirlwind","Shrug It Off","Bite","Bite","Bite","Bite","Bite","Dropkick+1"],"relics":["Burning Blood","Dodecahedron","Gremlin Horn","Tiny House","War Paint","Strawberry","Happy Flower","Letter Opener"],"potions_floor_usage":[12,16,21,22,25,27],"damage_taken":[{"damage":1,"enemies":"Cultist","floor":1,"turns":3},{"damage":0,"enemies":"2 Louse","floor":7,"turns":2},{"damage":1,"enemies":"Jaw Worm","floor":8,"turns":4},{"damage":2,"enemies":"Looter","floor":10,"turns":3},{"damage":14,"enemies":"Gremlin Nob","floor":12,"turns":3},{"damage":6,"enemies":"Exordium Wildlife","floor":13,"turns":2},{"damage":14,"enemies":"Blue Slaver","floor":14,"turns":4},{"damage":51,"enemies":"Hexaghost","floor":16,"turns":10},{"damage":6,"enemies":"3 Byrds","floor":18,"turns":5},{"damage":29,"enemies":"Spheric Guardian","floor":21,"turns":5},{"damage":45,"enemies":"Snake Plant","floor":22,"turns":6},{"damage":78,"enemies":"Gremlin Leader","floor":25,"turns":7},{"damage":18,"enemies":"3 Cultists","floor":27,"turns":2}],"seed_played":"2212939374208091060","potions_obtained":[{"floor":10,"key":"Fire Potion"},{"floor":13,"key":"AttackPotion"},{"floor":14,"key":"Dexterity Potion"},{"floor":16,"key":"SpeedPotion"},{"floor":17,"key":"PowerPotion"},{"floor":21,"key":"Weak Potion"},{"floor":22,"key":"BloodPotion"},{"floor":25,"key":"PowerPotion"}],"is_trial":false,"path_per_floor":["M","?","$","?","?","R","M","M","T","M","R","E","M","M","R","B",null,"M","$","?","M","M","R","?","E","T","M"],"character_chosen":"IRONCLAD","items_purchased":["True Grit","War Paint"],"campfire_rested":1,"item_purchase_floors":[3,19],"current_hp_per_floor":[80,64,64,69,69,69,75,80,80,84,84,76,76,71,71,26,90,90,90,97,74,35,64,64,13,13,0],"gold":90,"neow_bonus":"REMOVE_CARD","is_prod":false,"is_daily":false,"chose_seed":false,"campfire_upgraded":3,"win_rate":0.0,"timestamp":1549185153,"path_taken":["M","?","$","?","?","R","M","?","T","M","R","E","M","M","R","BOSS","M","$","?","M","M","R","?","E","T","?"],"build_version":"2019-01-23","purchased_purges":2,"victory":false,"max_hp_per_floor":[80,80,80,85,85,85,85,85,85,85,85,85,85,85,85,85,90,90,90,97,97,97,97,67,67,67,67],"card_choices":[{"not_picked":["Thunderclap","Iron Wave"],"picked":"Clothesline","floor":1},{"not_picked":["Havoc","Shockwave"],"picked":"Cleave","floor":7},{"not_picked":["Pommel Strike","Cleave"],"picked":"Inflame","floor":8},{"not_picked":["Body Slam","Iron Wave"],"picked":"Sword Boomerang","floor":10},{"not_picked":["Seeing Red","Double Tap"],"picked":"Reaper","floor":12},{"not_picked":["Intimidate","Wild Strike"],"picked":"Clothesline","floor":13},{"not_picked":["Power Through","Clash"],"picked":"Headbutt","floor":14},{"not_picked":["Fiend Fire","Brutality"],"picked":"Exhume","floor":16},{"not_picked":["Second Wind","Wild Strike"],"picked":"Feel No Pain","floor":17},{"not_picked":["Clash","Havoc","Evolve+1"],"picked":"SKIP","floor":18},{"not_picked":["Infernal Blade","Body Slam"],"picked":"Whirlwind","floor":21},{"not_picked":["Anger+1","Headbutt"],"picked":"Shrug It Off","floor":22},{"not_picked":["True Grit","Cleave+1"],"picked":"Dropkick+1","floor":25}],"player_experience":66963,"relics_obtained":[{"floor":9,"key":"Dodecahedron"},{"floor":12,"key":"Gremlin Horn"},{"floor":25,"key":"Happy Flower"},{"floor":26,"key":"Letter Opener"}],"event_choices":[{"damage_healed":0,"gold_gain":0,"player_choice":"Entered Light","damage_taken":16,"max_hp_gain":0,"max_hp_loss":0,"event_name":"Shining Light","floor":2,"gold_loss":0,"cards_upgraded":["Defend_R","Strike_R"]},{"damage_healed":0,"gold_gain":0,"player_choice":"Donut","damage_taken":0,"max_hp_gain":5,"max_hp_loss":0,"event_name":"Big Fish","floor":4,"gold_loss":0},{"damage_healed":0,"gold_gain":0,"player_choice":"Forge","damage_taken":0,"max_hp_gain":0,"max_hp_loss":0,"event_name":"Accursed Blacksmith","floor":5,"gold_loss":0,"cards_upgraded":["True Grit"]},{"damage_healed":0,"gold_gain":0,"player_choice":"Opened","damage_taken":0,"relics_obtained":["Strawberry"],"max_hp_gain":0,"max_hp_loss":0,"event_name":"The Mausoleum","floor":20,"gold_loss":0,"cards_obtained":["Writhe"]},{"damage_healed":0,"gold_gain":0,"player_choice":"Became a vampire","damage_taken":0,"max_hp_gain":0,"max_hp_loss":30,"event_name":"Vampires","floor":24,"gold_loss":0,"cards_obtained":["Bite","Bite","Bite","Bite","Bite"]}],"is_beta":false,"boss_relics":[{"not_picked":["Runic Dome","Fusion Hammer"],"picked":"Tiny House"}],"items_purged_floors":[3,19],"is_endless":false,"potions_floor_spawned":[10,13,14,16,21,22,25],"killed_by":"3 Cultists","ascension_level":0}