{"gold_per_floor":[116,131,151,151,151,151,115,115,141,166,176,176,200,212,224,336,348,376,398,430,456,468,506,518,530,542,554,585,507,519,542,554,661,673,703,47,100,111,121,121,135,60,60,90,90,107,22,40,40,40],"floor_reached":51,"playtime":2533,"items_purged":["Beam Cell"],"score":1113,"play_id":"635ebb12-fba3-41e9-b99e-b82ee09864b1","local_time":"20190105034806","is_ascension_mode":true,"campfire_choices":[{"data":"Beam Cell","floor":6,"key":"SMITH"},{"data":"Defragment","floor":8,"key":"SMITH"},{"data":"Creative AI","floor":15,"key":"SMITH"},{"data":"Hologram","floor":24,"key":"SMITH"},{"data":"RitualDagger","floor":27,"key":"SMITH"},{"data":"Machine Learning","floor":30,"key":"SMITH"},{"data":"Beam Cell","floor":32,"key":"SMITH"},{"floor":40,"key":"RECALL"},{"data":"Apotheosis","floor":45,"key":"SMITH"},{"data":"Echo Form","floor":49,"key":"SMITH"}],"neow_cost":"NONE","seed_source_timestamp":1070451328486232,"circlet_count":0,"master_deck":["AscendersBane","Zap+1","BootSequence","Barrage","Beam Cell+1","Cold Snap","Defragment+1","Self Repair","Coolheaded","Creative AI+1","Machine Learning+1","Fusion","Beam Cell+1","Glacier+1","Streamline","Redo","Rip and Tear","Reinforced Body","Streamline+1","Hologram+1","Barrage+1","Storm+1","Ghostly","Ghostly","Ghostly","Ghostly","Ghostly","RitualDagger+1","Echo Form+1","Machine Learning+1","Apotheosis+1","Loop"],"relics":["Cracked Core","Bronze Scales","Happy Flower","MawBank","Pandora\u0027s Box","PreservedInsect","Question Card","Coffee Dripper","Mango","DollysMirror","Vajra","Pantograph","Oddly Smooth Stone"],"potions_floor_usage":[16,19,28,39,50,50],"damage_taken":[{"damage":1,"enemies":"Cultist","floor":1,"turns":4},{"damage":0,"enemies":"Small Slimes","floor":2,"turns":3},{"damage":0,"enemies":"2 Louse","floor":3,"turns":2},{"damage":21,"enemies":"Gremlin Nob","floor":10,"turns":4},{"damage":0,"enemies":"Blue Slaver","floor":11,"turns":3},{"damage":12,"enemies":"Exordium Wildlife","floor":13,"turns":4},{"damage":6,"enemies":"Hexaghost","floor":16,"turns":9},{"damage":11,"enemies":"Spheric Guardian","floor":18,"turns":3},{"damage":4,"enemies":"Shell Parasite","floor":19,"turns":4},{"damage":5,"enemies":"Snecko","floor":20,"turns":4},{"damage":24,"enemies":"Snake Plant","floor":21,"turns":4},{"damage":1,"enemies":"Gremlin Leader","floor":23,"turns":7},{"damage":0,"enemies":"Cultist and Chosen","floor":28,"turns":6},{"damage":1,"enemies":"3 Cultists","floor":31,"turns":5},{"damage":33,"enemies":"Collector","floor":33,"turns":9},{"damage":5,"enemies":"3 Darklings","floor":35,"turns":6},{"damage":2,"enemies":"Orb Walker","floor":38,"turns":3},{"damage":0,"enemies":"Maw","floor":39,"turns":6},{"damage":14,"enemies":"4 Shapes","floor":41,"turns":5},{"damage":5,"enemies":"Reptomancer","floor":44,"turns":5},{"damage":1,"enemies":"Transient","floor":46,"turns":5},{"damage":0,"enemies":"3 Darklings","floor":48,"turns":5},{"damage":12,"enemies":"Awakened One","floor":50,"turns":10}],"seed_played":"9216199351675095468","potions_obtained":[{"floor":11,"key":"Fire Potion"},{"floor":13,"key":"SpeedPotion"},{"floor":16,"key":"EssenceOfSteel"},{"floor":20,"key":"Fire Potion"},{"floor":31,"key":"Ancient Potion"},{"floor":39,"key":"Fruit Juice"},{"floor":44,"key":"Explosive Potion"}],"is_trial":false,"path_per_floor":["M","M","M","?","?","R","$","R","T","E","M","?","M","?","R","B",null,"M","M","M","M","?","E","R","?","T","R","M","?","R","M","R","B",null,"M","$","T","M","M","R","M","$","T","E","R","M","$","M","R","B",null],"character_chosen":"DEFECT","items_purchased":["Defragment","Mango","DollysMirror","Apotheosis","Loop","Weak Potion"],"campfire_rested":0,"item_purchase_floors":[7,36,36,36,47,47],"current_hp_per_floor":[67,67,67,67,67,67,67,67,67,46,53,50,45,45,45,46,68,57,60,62,45,37,37,37,31,31,31,31,31,31,37,37,11,31,33,47,47,45,56,56,42,42,42,37,37,50,50,56,56,54],"gold":40,"neow_bonus":"TRANSFORM_CARD","is_prod":false,"is_daily":false,"chose_seed":false,"campfire_upgraded":9,"win_rate":0,"timestamp":1546678086,"path_taken":["M","?","M","?","?","R","?","R","T","E","?","?","M","?","R","BOSS","M","M","?","M","?","E","R","?","T","R","M","?","R","M","R","BOSS","M","$","?","M","?","R","M","$","T","E","R","M","$","M","R","BOSS"],"build_version":"2019-01-03v4","purchased_purges":1,"victory":true,"max_hp_per_floor":[75,75,75,75,75,75,75,75,75,75,75,75,75,75,75,75,75,75,75,75,75,37,37,37,37,37,37,37,37,37,37,37,37,37,37,51,51,51,56,56,56,56,56,56,56,56,56,56,56,56],"card_choices":[{"not_picked":["Rebound","Steam Power"],"picked":"Barrage","floor":1},{"not_picked":["Sweeping Beam","Redo"],"picked":"Beam Cell","floor":2},{"not_picked":["Skim","Aggregate"],"picked":"Cold Snap","floor":3},{"not_picked":["Scrape","Redo"],"picked":"Self Repair","floor":10},{"not_picked":["Gash","Beam Cell"],"picked":"Coolheaded","floor":11},{"not_picked":["Coolheaded","Gash"],"picked":"Creative AI","floor":13},{"not_picked":["Hyperbeam","Biased Cognition"],"picked":"Machine Learning","floor":16},{"not_picked":["Rebound+1","Sweeping Beam"],"picked":"Streamline+1","floor":18},{"not_picked":["Sunder+1","Redo"],"picked":"Hologram","floor":19},{"not_picked":["Streamline","Sweeping Beam"],"picked":"Barrage+1","floor":20},{"not_picked":["Darkness","Leap"],"picked":"Storm+1","floor":21},{"not_picked":["Reprogram","Doom and Gloom","Turbo"],"picked":"SKIP","floor":23},{"not_picked":["Compile Driver","Buffer","Rebound+1"],"picked":"Beam Cell","floor":28},{"not_picked":["Hologram","Compile Driver","Barrage","Sunder"],"picked":"SKIP","floor":31},{"not_picked":["Core Surge","Meteor Strike","Rainbow"],"picked":"Echo Form","floor":33},{"not_picked":["Gash+1","Rip and Tear+1","Turbo+1","Heatsinks"],"picked":"SKIP","floor":35},{"not_picked":["Rebound","Rip and Tear","Steam","Barrage"],"picked":"SKIP","floor":38},{"not_picked":["Barrage","Redo+1","Coolheaded","Steam"],"picked":"SKIP","floor":39},{"not_picked":["Beam Cell+1","Steam","Rebound","Leap"],"picked":"SKIP","floor":41},{"not_picked":["Meteor Strike","Redo","Melter","Scrape"],"picked":"SKIP","floor":44},{"not_picked":["Compile Driver","Rebound","Fusion","Conserve Battery"],"picked":"SKIP","floor":46},{"not_picked":["Cold Snap","Storm","Streamline","Leap"],"picked":"SKIP","floor":48}],"player_experience":468995,"relics_obtained":[{"floor":9,"key":"Bronze Scales"},{"floor":10,"key":"Happy Flower"},{"floor":23,"key":"PreservedInsect"},{"floor":26,"key":"Question Card"},{"floor":37,"key":"Vajra"},{"floor":43,"key":"Pantograph"},{"floor":44,"key":"Oddly Smooth Stone"}],"event_choices":[{"damage_healed":0,"gold_gain":0,"player_choice":"Ignored","damage_taken":0,"max_hp_gain":0,"max_hp_loss":0,"event_name":"Liars Game","floor":4,"gold_loss":0},{"damage_healed":0,"gold_gain":0,"player_choice":"Grow","damage_taken":0,"max_hp_gain":0,"max_hp_loss":0,"event_name":"Living Wall","floor":5,"gold_loss":0,"cards_upgraded":["Zap"]},{"damage_healed":0,"gold_gain":0,"player_choice":"Success","damage_taken":3,"relics_obtained":["MawBank"],"max_hp_gain":0,"max_hp_loss":0,"event_name":"Scrap Ooze","floor":12,"gold_loss":0},{"damage_healed":0,"gold_gain":0,"player_choice":"Bought 0 Potions","damage_taken":0,"max_hp_gain":0,"max_hp_loss":0,"event_name":"The Woman in Blue","floor":14,"gold_loss":0},{"damage_healed":0,"gold_gain":0,"player_choice":"Became a Ghost","damage_taken":0,"max_hp_gain":0,"max_hp_loss":38,"event_name":"Ghosts","floor":22,"gold_loss":0,"cards_obtained":["Ghostly","Ghostly","Ghostly","Ghostly","Ghostly"]},{"damage_healed":0,"gold_gain":0,"player_choice":"Joined the Cult","damage_taken":6,"max_hp_gain":0,"max_hp_loss":0,"event_name":"Nest","floor":25,"gold_loss":0,"cards_obtained":["RitualDagger"]},{"cards_removed":["Dualcast"],"damage_healed":0,"gold_gain":0,"player_choice":"Upgrade and Remove","damage_taken":0,"max_hp_gain":0,"max_hp_loss":0,"event_name":"Designer","floor":29,"gold_loss":90,"cards_upgraded":["Glacier"]}],"is_beta":false,"boss_relics":[{"not_picked":["FrozenCore","Ectoplasm"],"picked":"Pandora\u0027s Box"},{"not_picked":["Velvet Choker","Empty Cage"],"picked":"Coffee Dripper"}],"items_purged_floors":[42],"is_endless":false,"potions_floor_spawned":[11,13,16,20,21,31,39,44,46,48],"ascension_level":12}