{"gold_per_floor":[109,124,299,314,324,337,350,350,375,391,402,402,413,429,429,528,528,453,453,22,22],"floor_reached":21,"playtime":994,"items_purged":["Doubt"],"score":277,"play_id":"be0c9b1a-6002-477c-b3a3-5b34b95578b5","local_time":"20181222233928","is_ascension_mode":true,"campfire_choices":[{"floor":8,"key":"REST"},{"floor":15,"key":"REST"}],"neow_cost":"NONE","seed_source_timestamp":797960939975105,"circlet_count":0,"master_deck":["AscendersBane","Defend_G+1","Defend_G","Defend_G","Defend_G","Defend_G+1","Strike_G","Strike_G","Strike_G","Strike_G","Strike_G","Survivor","Neutralize","Terror","Leg Sweep","Sucker Punch","Flying Knee","Backstab","Cloak And Dagger","Decay","Venomology","Crippling Poison","Flying Knee","Poisoned Stab","Phantasmal Killer","Dash","Footwork+1"],"relics":["Cursed Key","War Paint","Ectoplasm","Juzu Bracelet","ClockworkSouvenir"],"potions_floor_usage":[11,11,13,16,16,16,21,21],"damage_taken":[{"damage":0,"enemies":"Jaw Worm","floor":1,"turns":5},{"damage":11,"enemies":"Small Slimes","floor":2,"turns":5},{"damage":0,"enemies":"2 Louse","floor":4,"turns":4},{"damage":12,"enemies":"Exordium Thugs","floor":5,"turns":9},{"damage":22,"enemies":"Lots of Slimes","floor":6,"turns":9},{"damage":4,"enemies":"2 Fungi Beasts","floor":7,"turns":3},{"damage":0,"enemies":"Looter","floor":10,"turns":3},{"damage":18,"enemies":"Exordium Thugs","floor":11,"turns":6},{"damage":9,"enemies":"Blue Slaver","floor":13,"turns":2},{"damage":0,"enemies":"Exordium Wildlife","floor":14,"turns":5},{"damage":5,"enemies":"Hexaghost","floor":16,"turns":8},{"damage":34,"enemies":"2 Thieves","floor":18,"turns":4},{"damage":15,"enemies":"Shell Parasite","floor":19,"turns":7},{"damage":15,"enemies":"Centurion and Healer","floor":21,"turns":6}],"seed_played":"1797334631099712547","potions_obtained":[{"floor":1,"key":"SkillPotion"},{"floor":6,"key":"Poison Potion"},{"floor":11,"key":"Fire Potion"},{"floor":13,"key":"PowerPotion"},{"floor":19,"key":"GhostInAJar"}],"is_trial":false,"path_per_floor":["M","M","?","M","M","M","M","R","T","M","M","?","M","M","R","B",null,"M","M","$","M"],"character_chosen":"THE_SILENT","items_purchased":["Juzu Bracelet","ClockworkSouvenir"],"campfire_rested":2,"item_purchase_floors":[20,20],"current_hp_per_floor":[63,52,52,52,40,18,14,35,35,35,17,17,8,8,29,24,59,25,10,10,0],"gold":22,"neow_bonus":"BOSS_RELIC","is_prod":false,"is_daily":false,"chose_seed":false,"campfire_upgraded":0,"win_rate":0,"timestamp":1545539968,"path_taken":["M","M","?","M","M","M","M","R","T","M","M","?","M","M","R","BOSS","M","M","$","M"],"build_version":"2018-12-20","purchased_purges":1,"victory":false,"max_hp_per_floor":[70,70,70,70,70,70,70,70,70,70,70,70,70,70,70,70,70,70,70,70,70],"card_choices":[{"not_picked":["Underhanded Strike","Sucker Punch"],"picked":"Terror","floor":1},{"not_picked":["Underhanded Strike","Quick Slash"],"picked":"Leg Sweep","floor":2},{"not_picked":["Calculated Gamble","Reflex"],"picked":"Sucker Punch","floor":4},{"not_picked":["Acrobatics","Dagger Throw"],"picked":"Flying Knee","floor":5},{"not_picked":["PiercingWail","Noxious Fumes"],"picked":"Backstab","floor":6},{"not_picked":["Sucker Punch","Tactician"],"picked":"Cloak And Dagger","floor":7},{"not_picked":["Calculated Gamble","Dagger Spray"],"picked":"Venomology","floor":10},{"not_picked":["Acrobatics","Poisoned Stab"],"picked":"Crippling Poison","floor":11},{"not_picked":["Eviscerate","Noxious Fumes"],"picked":"Flying Knee","floor":13},{"not_picked":["Dagger Spray","PiercingWail"],"picked":"Poisoned Stab","floor":14},{"not_picked":["Bullet Time","Tools of the Trade"],"picked":"Phantasmal Killer","floor":16},{"not_picked":["Footwork","Deadly Poison"],"picked":"Dash","floor":18},{"not_picked":["Endless Agony","Prepared+1"],"picked":"Footwork+1","floor":19}],"player_experience":423894,"relics_obtained":[{"floor":9,"key":"War Paint"}],"event_choices":[{"damage_healed":0,"gold_gain":175,"player_choice":"AGREE","damage_taken":0,"max_hp_gain":0,"max_hp_loss":0,"event_name":"Liars Game","floor":3,"gold_loss":0,"cards_obtained":["Doubt"]},{"damage_healed":0,"gold_gain":0,"player_choice":"Fled","damage_taken":0,"max_hp_gain":0,"max_hp_loss":0,"event_name":"Scrap Ooze","floor":12,"gold_loss":0}],"is_beta":false,"boss_relics":[{"not_picked":["White Beast Statue","HoveringKite"],"picked":"Ectoplasm"}],"items_purged_floors":[20],"is_endless":false,"potions_floor_spawned":[1,6,10,11,13,19],"killed_by":"Centurion and Healer","ascension_level":11}