{"gold_per_floor":[118,136,146,159,159,159,159,159,159,177,189,189,218,232,232,327,327,345,361,411,428,428,428,445,476,476,476,489,131,131,131,131,235,235,252,24,42,56,278,311,311,323,323,423,451,451,483,583,583,583],"floor_reached":51,"playtime":1833,"items_purged":[],"score":787,"play_id":"2e0c21d6-a84f-403b-a593-c581d57e78a9","local_time":"20190205004439","is_ascension_mode":false,"campfire_choices":[{"data":"Shockwave","floor":6.0,"key":"SMITH"},{"data":"Inflame","floor":8.0,"key":"SMITH"},{"data":"Uppercut","floor":12.0,"key":"SMITH"},{"data":"Disarm","floor":15.0,"key":"SMITH"},{"data":"Heavy Blade","floor":23,"key":"SMITH"},{"data":"Disarm","floor":30,"key":"SMITH"},{"data":"Shockwave","floor":32,"key":"SMITH"},{"floor":41,"key":"REST"},{"floor":46,"key":"REST"},{"floor":49,"key":"REST"}],"neow_cost":"TEN_PERCENT_HP_LOSS","seed_source_timestamp":0,"circlet_count":0,"master_deck":["Strike_R+1","Strike_R+1","Strike_R+1","Strike_R+1","Strike_R+1","Defend_R+1","Defend_R+1","Defend_R+1","Defend_R+1","Bash","Shockwave+1","Inflame+1","Headbutt","Uppercut+1","Reaper","Disarm+1","Barricade","Disarm+1","Heavy Blade+1","Shockwave+1","Armaments+1","Metallicize+1","Ghostly Armor+1","Demon Form","Flame Barrier+1","Demon Form","Intimidate+1","Shrug It Off+1","Heavy Blade+1","Heavy Blade+1","Shockwave+1","Iron Wave+1","Fire Breathing+1"],"special_seed":0,"relics":["Burning Blood","Pocketwatch","Lantern","Mercury Hourglass","Question Card","Sozu","Red Mask","Meat on the Bone","MutagenicStrength","Membership Card","Incense Burner","Dodecahedron","Fusion Hammer","Mummified Hand","DollysMirror","Red Skull","War Paint","Peace Pipe","Prayer Wheel","Pen Nib"],"potions_floor_usage":[],"damage_taken":[{"damage":3.0,"enemies":"2 Louse","floor":1.0,"turns":3.0},{"damage":1.0,"enemies":"Jaw Worm","floor":2.0,"turns":8.0},{"damage":5.0,"enemies":"Cultist","floor":3.0,"turns":5.0},{"damage":0.0,"enemies":"Large Slime","floor":4.0,"turns":5.0},{"damage":9.0,"enemies":"Red Slaver","floor":10.0,"turns":3.0},{"damage":3.0,"enemies":"2 Fungi Beasts","floor":11.0,"turns":3.0},{"damage":9.0,"enemies":"Lagavulin","floor":13.0,"turns":7.0},{"damage":8.0,"enemies":"3 Louse","floor":14.0,"turns":2.0},{"damage":37.0,"enemies":"Slime Boss","floor":16.0,"turns":7.0},{"damage":17.0,"enemies":"Spheric Guardian","floor":18.0,"turns":6.0},{"damage":5,"enemies":"Chosen","floor":19,"turns":4},{"damage":6,"enemies":"Shelled Parasite and Fungi","floor":21,"turns":7},{"damage":4,"enemies":"Cultist and Chosen","floor":24,"turns":5},{"damage":17,"enemies":"Masked Bandits","floor":25,"turns":4},{"damage":15,"enemies":"Snake Plant","floor":28,"turns":2},{"damage":2,"enemies":"Collector","floor":33,"turns":12},{"damage":0,"enemies":"3 Darklings","floor":35,"turns":5},{"damage":0,"enemies":"3 Shapes","floor":37,"turns":4},{"damage":3,"enemies":"Sphere and 2 Shapes","floor":38,"turns":7},{"damage":8,"enemies":"Nemesis","floor":40,"turns":7},{"damage":18,"enemies":"Transient","floor":42,"turns":5},{"damage":0,"enemies":"Mind Bloom Boss Battle","floor":44,"turns":5},{"damage":9,"enemies":"Giant Head","floor":45,"turns":6},{"damage":12,"enemies":"Nemesis","floor":47,"turns":5},{"damage":35,"enemies":"Awakened One","floor":50,"turns":9}],"seed_played":"-8409577215153466263","potions_obtained":[{"floor":3.0,"key":"Block Potion"},{"floor":10.0,"key":"EssenceOfSteel"},{"floor":11.0,"key":"Dexterity Potion"}],"is_trial":false,"path_per_floor":["M","M","M","M","?","R","$","R","T","M","M","R","E","M","R","B",null,"M","M","?","M","?","R","M","?","T","?","M","$","R","T","R","B",null,"M","$","M","M","?","E","R","M","T","?","E","R","E","?","R","B",null],"character_chosen":"IRONCLAD","items_purchased":["Membership Card","Incense Burner","Mummified Hand","DollysMirror"],"campfire_rested":3,"item_purchase_floors":[29,29,36,36],"current_hp_per_floor":[72,72,72,72,69,69,69,69,69,66,69,69,66,70,70,39,72,68,72,72,72,72,72,72,61,61,61,52,52,52,52,52,72,72,72,72,72,72,72,70,72,60,60,72,69,72,72,72,72,71],"gold":583,"neow_bonus":"ONE_RARE_RELIC","is_prod":false,"is_daily":false,"chose_seed":false,"campfire_upgraded":7,"win_rate":0,"timestamp":1549349079,"path_taken":["M","M","M","M","?","R","?","R","T","?","M","R","E","M","R","BOSS","M","M","?","?","?","R","M","?","T","?","M","$","R","?","R","BOSS","M","$","M","M","?","E","R","M","T","?","E","R","E","?","R","BOSS"],"build_version":"2019-01-23","purchased_purges":0,"victory":true,"max_hp_per_floor":[72,72,72,72,72,72,72,72,72,72,72,72,72,72,72,72,72,72,72,72,72,72,72,72,72,72,72,72,72,72,72,72,72,72,72,72,72,72,72,72,72,72,72,72,72,72,72,72,72,72],"card_choices":[{"not_picked":["Perfected Strike","Shrug It Off"],"picked":"Shockwave","floor":1.0},{"not_picked":["Twin Strike","Burning Pact"],"picked":"Inflame","floor":2.0},{"not_picked":["Pommel Strike","Warcry","Wild Strike"],"picked":"SKIP","floor":3.0},{"not_picked":["Clash","Twin Strike"],"picked":"Headbutt","floor":4.0},{"not_picked":["Pommel Strike","True Grit","Warcry"],"picked":"SKIP","floor":10.0},{"not_picked":["Cleave","Wild Strike"],"picked":"Uppercut","floor":11.0},{"not_picked":["Shrug It Off","Infernal Blade"],"picked":"Reaper","floor":13.0},{"not_picked":["Shrug It Off","Spot Weakness","Armaments"],"picked":"Disarm","floor":14.0},{"not_picked":["Offering","Bludgeon","Juggernaut"],"picked":"Barricade","floor":16.0},{"not_picked":["Heavy Blade+1","Power Through","Pommel Strike"],"picked":"Disarm","floor":18},{"not_picked":["Bloodletting","Headbutt","Anger+1"],"picked":"Heavy Blade","floor":19},{"not_picked":["Havoc","Sentinel","Perfected Strike+1"],"picked":"Shockwave","floor":21},{"not_picked":["Warcry","Perfected Strike","Sword Boomerang+1"],"picked":"Armaments+1","floor":24},{"not_picked":["Bloodletting","Flex","Dark Embrace"],"picked":"Metallicize+1","floor":25},{"not_picked":["Cleave","Infernal Blade+1","Rampage"],"picked":"Ghostly Armor+1","floor":28},{"not_picked":["Juggernaut","Limit Break","Reaper"],"picked":"Demon Form","floor":33},{"not_picked":["Sword Boomerang+1","Infernal Blade","Heavy Blade+1"],"picked":"Flame Barrier+1","floor":35},{"not_picked":["Evolve","Burning Pact","Flex+1"],"picked":"Intimidate","floor":37},{"not_picked":["Rampage+1","Thunderclap+1","Hemokinesis+1"],"picked":"Shrug It Off+1","floor":38},{"not_picked":["Berserk","Battle Trance","Shrug It Off+1"],"picked":"Heavy Blade+1","floor":40},{"not_picked":["Sword Boomerang+1","Thunderclap+1","Havoc+1"],"picked":"Heavy Blade+1","floor":42},{"not_picked":["Shrug It Off","Havoc","Twin Strike"],"picked":"Shockwave+1","floor":44},{"not_picked":["Armaments","Barricade","Cleave"],"picked":"Iron Wave+1","floor":45},{"not_picked":["Sentinel+1","Entrench","Burning Pact+1"],"picked":"Fire Breathing+1","floor":47}],"player_experience":749591,"relics_obtained":[{"floor":9.0,"key":"Mercury Hourglass"},{"floor":13.0,"key":"Question Card"},{"floor":25,"key":"Red Mask"},{"floor":26,"key":"Meat on the Bone"},{"floor":31,"key":"Dodecahedron"},{"floor":40,"key":"Red Skull"},{"floor":43,"key":"War Paint"},{"floor":44,"key":"Peace Pipe"},{"floor":45,"key":"Prayer Wheel"},{"floor":47,"key":"Pen Nib"}],"event_choices":[{"damage_healed":0.0,"max_hp_gain":0.0,"max_hp_loss":0.0,"gold_gain":0.0,"event_name":"Scrap Ooze","player_choice":"Success","floor":5.0,"gold_loss":0.0,"damage_taken":3.0,"relics_obtained":["Lantern"]},{"damage_healed":0,"gold_gain":100,"player_choice":"Bet on Murderer","damage_taken":0,"max_hp_gain":0,"max_hp_loss":0,"event_name":"The Joust","floor":20,"gold_loss":50},{"damage_healed":0,"gold_gain":0,"player_choice":"Simplicity","damage_taken":0,"max_hp_gain":0,"max_hp_loss":0,"event_name":"Back to Basics","floor":22,"gold_loss":0,"cards_upgraded":["Strike_R","Strike_R","Strike_R","Strike_R","Strike_R","Defend_R","Defend_R","Defend_R","Defend_R"]},{"damage_healed":0,"gold_gain":0,"player_choice":"Fought Bandits","damage_taken":0,"max_hp_gain":0,"max_hp_loss":0,"event_name":"Masked Bandits","floor":25,"gold_loss":0},{"damage_healed":0,"gold_gain":0,"player_choice":"Inject Mutagens","damage_taken":0,"relics_obtained":["MutagenicStrength"],"max_hp_gain":0,"max_hp_loss":0,"event_name":"Drug Dealer","floor":27,"gold_loss":0},{"damage_healed":0,"gold_gain":222,"player_choice":"Wore Mask","damage_taken":0,"max_hp_gain":0,"max_hp_loss":0,"event_name":"Tomb of Lord Red Mask","floor":39,"gold_loss":0},{"damage_healed":0,"gold_gain":0,"player_choice":"Fight","damage_taken":0,"max_hp_gain":0,"max_hp_loss":0,"event_name":"MindBloom","floor":44,"gold_loss":0},{"damage_healed":0,"gold_gain":100,"player_choice":"Pray","damage_taken":0,"max_hp_gain":0,"max_hp_loss":0,"event_name":"Golden Shrine","floor":48,"gold_loss":0}],"is_beta":false,"boss_relics":[{"not_picked":["Empty Cage","Black Blood"],"picked":"Sozu"},{"not_picked":["Black Star","Calling Bell"],"picked":"Fusion Hammer"}],"items_purged_floors":[],"is_endless":false,"potions_floor_spawned":[3,10,11,19,21,40,42,45,47],"ascension_level":0}