{"gold_per_floor":[114,132,132,132,145,179,102,31,31,31,52,52,52,72,72,72],"floor_reached":16,"playtime":560,"items_purged":[],"score":160,"play_id":"04097031-3263-4c9e-a9d9-9ab90bed59f3","local_time":"20190201162502","is_ascension_mode":true,"campfire_choices":[{"floor":10,"key":"REST"},{"data":"Footwork","floor":15,"key":"SMITH"}],"neow_cost":"NONE","seed_source_timestamp":47294839499368,"circlet_count":0,"master_deck":["AscendersBane","Defend_G","Defend_G","Defend_G","Defend_G","Defend_G+1","Strike_G","Strike_G","Strike_G","Strike_G","Survivor","Neutralize+1","Slice+1","Dagger Spray","All Out Attack","PiercingWail","Crippling Poison","Footwork+1","Corpse Explosion","Skewer","Leg Sweep"],"relics":["Ring of the Snake","Golden Idol","Vajra","Sundial"],"potions_floor_usage":[16],"damage_taken":[{"damage":13,"enemies":"Jaw Worm","floor":1,"turns":6},{"damage":1,"enemies":"Small Slimes","floor":2,"turns":4},{"damage":1,"enemies":"2 Louse","floor":5,"turns":2},{"damage":24,"enemies":"3 Sentries","floor":6,"turns":6},{"damage":7,"enemies":"Large Slime","floor":11,"turns":5},{"damage":7,"enemies":"Exordium Wildlife","floor":14,"turns":4},{"damage":38,"enemies":"Hexaghost","floor":16,"turns":15}],"seed_played":"-4393870200248083808","potions_obtained":[{"floor":11,"key":"AttackPotion"}],"is_trial":false,"path_per_floor":["M","M","?","?","M","E","$","$","T","R","M","?","?","M","R","B"],"character_chosen":"THE_SILENT","items_purchased":["Footwork","Corpse Explosion"],"campfire_rested":1,"item_purchase_floors":[7,8],"current_hp_per_floor":[50,49,49,49,48,24,24,24,24,43,36,23,44,37,37,0],"gold":72,"neow_bonus":"UPGRADE_CARD","is_prod":false,"is_daily":false,"chose_seed":false,"campfire_upgraded":1,"win_rate":0,"timestamp":1549059902,"path_taken":["M","M","?","?","M","E","?","$","T","R","M","?","?","M","R","BOSS"],"build_version":"2019-01-23","purchased_purges":0,"victory":false,"max_hp_per_floor":[70,70,65,65,65,65,65,65,65,65,65,65,65,65,65,65],"card_choices":[{"not_picked":["Quick Slash","Acrobatics"],"picked":"Slice","floor":1},{"not_picked":["Acrobatics","Leg Sweep"],"picked":"Dagger Spray","floor":2},{"not_picked":["Quick Slash","Dagger Spray"],"picked":"PiercingWail","floor":5},{"not_picked":["A Thousand Cuts","Prepared"],"picked":"Crippling Poison","floor":6},{"not_picked":["Setup","Underhanded Strike"],"picked":"Skewer","floor":11},{"not_picked":["Deflect","Blade Dance"],"picked":"Leg Sweep","floor":14}],"player_experience":238939,"relics_obtained":[{"floor":6,"key":"Vajra"},{"floor":9,"key":"Sundial"}],"event_choices":[{"damage_healed":0,"gold_gain":0,"player_choice":"Lose Max HP","damage_taken":0,"relics_obtained":["Golden Idol"],"max_hp_gain":0,"max_hp_loss":5,"event_name":"Golden Idol","floor":3,"gold_loss":0},{"damage_healed":0,"gold_gain":0,"cards_transformed":["Strike_G"],"player_choice":"Change","damage_taken":0,"max_hp_gain":0,"max_hp_loss":0,"event_name":"Living Wall","floor":4,"gold_loss":0,"cards_obtained":["All Out Attack"]},{"damage_healed":0,"gold_gain":0,"player_choice":"Entered Light","damage_taken":13,"max_hp_gain":0,"max_hp_loss":0,"event_name":"Shining Light","floor":12,"gold_loss":0,"cards_upgraded":["Defend_G","Slice"]},{"damage_healed":21,"gold_gain":0,"player_choice":"Banana","damage_taken":0,"max_hp_gain":0,"max_hp_loss":0,"event_name":"Big Fish","floor":13,"gold_loss":0}],"is_beta":false,"boss_relics":[],"items_purged_floors":[],"is_endless":false,"potions_floor_spawned":[11],"killed_by":"Hexaghost","ascension_level":12}