{"gold_per_floor":[217,45,45,10,22,22,42,42,99,117,137,137,157,185,197,282,294,323,349,361,389,401,445,469,481,493,505,11,11,11,27,27,27],"floor_reached":33,"playtime":1355,"items_purged":["Strike_R"],"score":451,"play_id":"a024abfe-d4e0-48d3-907c-822ab675509b","local_time":"20190106230416","is_ascension_mode":true,"campfire_choices":[{"data":"Fire Breathing","floor":6,"key":"SMITH"},{"data":"Bash","floor":8,"key":"SMITH"},{"data":"Spot Weakness","floor":12,"key":"SMITH"},{"data":"Disarm","floor":15,"key":"SMITH"},{"floor":25,"key":"REST"},{"floor":32,"key":"REST"}],"neow_cost":"NONE","seed_source_timestamp":1227412560596883,"circlet_count":0,"master_deck":["AscendersBane","Strike_R","Strike_R","Defend_R","Defend_R","Defend_R","Defend_R","Bash+1","Spot Weakness+1","Fire Breathing+1","Dramatic Entrance","Thunderclap","Headbutt","Sword Boomerang","Anger","Impervious","Disarm+1","Immolate","Sword Boomerang","Pommel Strike","Exhume","Exhume"],"relics":["Burning Blood","Orichalcum","Tiny Chest","Odd Mushroom","MawBank","Empty Cage","StoneCalendar","Pantograph","ClockworkSouvenir","Vajra"],"potions_floor_usage":[16,18,19,23,24,31],"damage_taken":[{"damage":7,"enemies":"Jaw Worm","floor":1,"turns":3},{"damage":5,"enemies":"2 Louse","floor":5,"turns":2},{"damage":2,"enemies":"Small Slimes","floor":7,"turns":3},{"damage":3,"enemies":"3 Louse","floor":10,"turns":3},{"damage":7,"enemies":"2 Fungi Beasts","floor":11,"turns":2},{"damage":6,"enemies":"The Mushroom Lair","floor":13,"turns":3},{"damage":9,"enemies":"3 Sentries","floor":14,"turns":5},{"damage":3,"enemies":"The Guardian","floor":16,"turns":9},{"damage":9,"enemies":"3 Byrds","floor":18,"turns":4},{"damage":6,"enemies":"Spheric Guardian","floor":19,"turns":5},{"damage":14,"enemies":"Shelled Parasite and Fungi","floor":21,"turns":5},{"damage":31,"enemies":"Slavers","floor":23,"turns":3},{"damage":23,"enemies":"Cultist and Chosen","floor":24,"turns":6},{"damage":21,"enemies":"Colosseum Slavers","floor":30,"turns":2},{"damage":9,"enemies":"Snake Plant","floor":31,"turns":5},{"damage":66,"enemies":"Collector","floor":33,"turns":7}],"seed_played":"-8103200639661626442","potions_obtained":[{"floor":10,"key":"Energy Potion"},{"floor":13,"key":"SkillPotion"},{"floor":16,"key":"Swift Potion"},{"floor":19,"key":"AttackPotion"},{"floor":21,"key":"SkillPotion"},{"floor":23,"key":"FearPotion"}],"is_trial":false,"path_per_floor":["M","$","?","?","M","R","M","R","T","M","M","R","?","E","R","B",null,"M","M","?","M","$","E","M","R","T","?","$","?","?","M","R","B"],"character_chosen":"IRONCLAD","items_purchased":["Fire Breathing","Dramatic Entrance","Exhume","ClockworkSouvenir","Vajra"],"campfire_rested":2,"item_purchase_floors":[2,2,28,28,28],"current_hp_per_floor":[67,67,60,75,75,75,75,75,75,75,74,74,74,71,71,74,75,72,72,72,64,64,39,22,44,44,30,30,30,15,12,36,0],"gold":27,"neow_bonus":"HUNDRED_GOLD","is_prod":false,"is_daily":false,"chose_seed":false,"campfire_upgraded":4,"win_rate":0,"timestamp":1546833856,"path_taken":["M","$","?","?","M","R","M","R","T","M","M","R","?","E","R","BOSS","M","M","?","M","$","E","M","R","T","?","$","?","?","M","R","BOSS"],"build_version":"2019-01-03v4","purchased_purges":1,"victory":false,"max_hp_per_floor":[75,75,75,75,75,75,75,75,75,75,75,75,75,75,75,75,75,75,75,75,75,75,75,75,75,75,80,80,80,80,80,80,80],"card_choices":[{"not_picked":["Sword Boomerang","Heavy Blade"],"picked":"Spot Weakness","floor":1},{"not_picked":["Rupture","Power Through"],"picked":"Thunderclap","floor":5},{"not_picked":["Wild Strike","Body Slam"],"picked":"Headbutt","floor":7},{"not_picked":["Clothesline","Whirlwind"],"picked":"Sword Boomerang","floor":10},{"not_picked":["Rampage","Pummel"],"picked":"Anger","floor":11},{"not_picked":["Anger","Thunderclap"],"picked":"Impervious","floor":13},{"not_picked":["Twin Strike","Berserk"],"picked":"Disarm","floor":14},{"not_picked":["Bludgeon","Berserk"],"picked":"Immolate","floor":16},{"not_picked":["Thunderclap","Twin Strike","Sword Boomerang"],"picked":"SKIP","floor":18},{"not_picked":["Body Slam","Anger","Dark Embrace"],"picked":"SKIP","floor":19},{"not_picked":["Perfected Strike","Anger"],"picked":"Sword Boomerang","floor":21},{"not_picked":["Bloodletting+1","Sword Boomerang"],"picked":"Pommel Strike","floor":23},{"not_picked":["Rupture","Wild Strike","Twin Strike+1"],"picked":"SKIP","floor":24},{"not_picked":["Whirlwind","Perfected Strike"],"picked":"Exhume","floor":31}],"player_experience":473891,"relics_obtained":[{"floor":9,"key":"Tiny Chest"},{"floor":13,"key":"Odd Mushroom"},{"floor":14,"key":"MawBank"},{"floor":23,"key":"StoneCalendar"},{"floor":26,"key":"Pantograph"}],"event_choices":[{"damage_healed":0,"gold_gain":0,"player_choice":"Success","damage_taken":7,"relics_obtained":["Orichalcum"],"max_hp_gain":0,"max_hp_loss":0,"event_name":"Scrap Ooze","floor":3,"gold_loss":0},{"damage_healed":18,"gold_gain":0,"player_choice":"Healed","damage_taken":0,"max_hp_gain":0,"max_hp_loss":0,"event_name":"The Cleric","floor":4,"gold_loss":35},{"damage_healed":0,"gold_gain":0,"player_choice":"Fought Mushrooms","damage_taken":0,"max_hp_gain":0,"max_hp_loss":0,"event_name":"Mushrooms","floor":13,"gold_loss":0},{"damage_healed":0,"gold_gain":0,"player_choice":"Ignored","damage_taken":0,"max_hp_gain":0,"max_hp_loss":0,"event_name":"Ghosts","floor":20,"gold_loss":0},{"damage_healed":0,"gold_gain":0,"player_choice":"Shed Blood","damage_taken":19,"max_hp_gain":5,"max_hp_loss":0,"event_name":"Forgotten Altar","floor":27,"gold_loss":0},{"damage_healed":0,"gold_gain":0,"player_choice":"Ignored","damage_taken":0,"max_hp_gain":0,"max_hp_loss":0,"event_name":"Vampires","floor":29,"gold_loss":0},{"damage_healed":0,"gold_gain":0,"player_choice":"Fight","damage_taken":0,"max_hp_gain":0,"max_hp_loss":0,"event_name":"Colosseum","floor":30,"gold_loss":0},{"damage_healed":0,"gold_gain":0,"player_choice":"Fled From Nobs","damage_taken":0,"max_hp_gain":0,"max_hp_loss":0,"event_name":"Colosseum","floor":30,"gold_loss":0}],"is_beta":false,"boss_relics":[{"not_picked":["Lizard Tail","Velvet Choker"],"picked":"Empty Cage"}],"items_purged_floors":[28],"is_endless":false,"potions_floor_spawned":[10,13,14,16,19,21,23],"killed_by":"Collector","ascension_level":14}