{"path_per_floor":["M","?","?","M","M","?","E","R","T","E","R","M","?","M","R","B",null,"M","M","?","?","$","E","?","R","T","R","M","?","?","?","R","B",null,"M","?","?","?","?","E","M","?","T","$","M","R","$","M","R"],"character_chosen":"IRONCLAD","items_purchased":["Panache","Inflame","Flash of Steel"],"gold_per_floor":[114,114,114,134,157,157,197,197,197,233,233,256,256,274,274,395,395,419,435,435,435,72,113,113,113,165,165,178,178,103,103,103,228,228,252,585,585,585,585,620,639,639,639,564,576,576,476,490,490],"floor_reached":50,"campfire_rested":1,"playtime":3247,"current_hp_per_floor":[80,60,44,48,54,54,41,41,41,24,24,22,22,26,26,22,80,74,60,60,60,60,54,54,54,54,54,60,60,60,60,60,38,80,54,54,54,54,54,33,38,38,38,38,18,57,57,62,62],"items_purged":["Writhe","Writhe"],"gold":490,"play_id":"6c2f52af-281a-446d-94b4-2ae099406d72","is_prod":false,"is_daily":false,"is_ascension_mode":false,"campfire_upgraded":7,"path_taken":["M","?","?","?","M","?","E","R","T","E","R","M","?","M","R","BOSS","M","M","?","?","?","E","?","R","T","R","M","?","?","?","R","BOSS","M","?","?","?","?","E","M","?","T","?","M","R","$","M","R","BOSS"],"build_version":"2018-02-01-PROD3","purchased_purges":2,"victory":false,"master_deck":["Strike_R+1","Strike_R+1","Defend_R+1","Defend_R","Defend_R+1","Defend_R","Bash+1","Sword Boomerang+1","Shrug It Off+1","Flex+1","Regret","Heavy Blade+1","Second Wind+1","Panache","Inflame+1","Inflame+1","Battle Trance+1","Parasite","Battle Trance","Offering+1","Clumsy","True Grit+1","Parasite","Writhe","Inflame+1","Heavy Blade+1"],"max_hp_per_floor":[80,80,80,80,80,80,80,80,80,80,80,80,80,80,80,80,80,80,80,80,80,80,80,80,80,80,80,80,80,80,80,80,80,80,80,80,80,80,80,80,80,80,80,80,80,80,80,80,80],"relics":["Burning Blood","Pantograph","Juzu Bracelet","Du-Vu Doll","Sundial","Cursed Key","Bronze Scales","Bottled Lightning","Whetstone","Magic Flower","Calling Bell","Shuriken","Regal Pillow","Champion Belt","Happy Flower","War Paint"],"card_choices":[{"not_picked":["Intimidate","Reckless Charge"],"picked":"Sword Boomerang"},{"not_picked":["True Grit","Perfected Strike"],"picked":"Shrug It Off"},{"not_picked":["Warcry","Clash"],"picked":"Flex"},{"not_picked":["Iron Wave","Dual Wield"],"picked":"Heavy Blade"},{"not_picked":["Dual Wield","Intimidate"],"picked":"Second Wind"},{"not_picked":["Flex","Corruption"],"picked":"Inflame"},{"not_picked":["Twin Strike","Infernal Blade"],"picked":"Battle Trance"},{"not_picked":["Dark Embrace","Barricade"],"picked":"Offering"},{"not_picked":["Infernal Blade","Perfected Strike"],"picked":"True Grit"},{"not_picked":["Perfected Strike","Intimidate"],"picked":"Inflame"},{"not_picked":["Armaments","Second Wind"],"picked":"Heavy Blade"}],"player_experience":41625,"potions_floor_usage":[7,7,33,33,40,50],"damage_taken":[{"damage":2,"enemies":"2 Louse","floor":1,"turns":3},{"damage":2,"enemies":"Small Slimes","floor":4,"turns":5},{"damage":0,"enemies":"Jaw Worm","floor":5,"turns":5},{"damage":19,"enemies":"3 Sentries","floor":7,"turns":8},{"damage":23,"enemies":"Lagavulin","floor":10,"turns":6},{"damage":8,"enemies":"Exordium Thugs","floor":12,"turns":5},{"damage":2,"enemies":"2 Fungi Beasts","floor":14,"turns":4},{"damage":35,"enemies":"The Guardian","floor":16,"turns":7},{"damage":12,"enemies":"3 Byrds","floor":18,"turns":5},{"damage":20,"enemies":"Shell Parasite","floor":19,"turns":4},{"damage":12,"enemies":"Gremlin Leader","floor":23,"turns":4},{"damage":0,"enemies":"Snake Plant","floor":28,"turns":2},{"damage":71,"enemies":"Automaton","floor":33,"turns":7},{"damage":35,"enemies":"3 Shapes","floor":35,"turns":4},{"damage":30,"enemies":"Nemesis","floor":40,"turns":4},{"damage":4,"enemies":"Orb Walker","floor":41,"turns":2},{"damage":29,"enemies":"Maw","floor":45,"turns":5},{"damage":4,"enemies":"3 Darklings","floor":48,"turns":4},{"damage":91,"enemies":"Awakened One","floor":50,"turns":4}],"event_choices":[{"event_name":"Golden Idol","player_choice":"Take Damage","floor":2,"damage_taken":0},{"event_name":"Shining Light","player_choice":"Entered Light","floor":3,"damage_taken":0},{"event_name":"Liars Game","player_choice":"disagreed","floor":6,"damage_taken":0},{"event_name":"Big Fish","player_choice":"Box","floor":13,"damage_taken":0},{"event_name":"Accursed Blacksmith","player_choice":"Rummage","floor":20,"damage_taken":0},{"event_name":"Bonfire Elementals","player_choice":"BASIC","floor":21,"damage_taken":0},{"event_name":"The Library","player_choice":"Read","floor":24,"damage_taken":0},{"event_name":"Drug Dealer","player_choice":"Ignored","floor":29,"damage_taken":0},{"event_name":"Beggar","player_choice":"Gave Gold","floor":30,"damage_taken":0},{"event_name":"The Mausoleum","player_choice":"Yes","floor":31,"damage_taken":0},{"event_name":"The Moai Head","player_choice":"Gave Idol","floor":36,"damage_taken":0},{"event_name":"Transmorgrifier","player_choice":"Transform","floor":37,"damage_taken":0},{"event_name":"Upgrade Shrine","player_choice":"Upgraded","floor":38,"damage_taken":0},{"event_name":"Fountain of Cleansing","player_choice":"Ignored","floor":39,"damage_taken":0}],"boss_relics":[{"not_picked":["Eternal Feather","Black Blood"],"picked":"Cursed Key"},{"not_picked":["Question Card","Lizard Tail"],"picked":"Calling Bell"}],"potions_floor_spawned":[1,5,14,19,23,35],"seed_played":"886712826768533494","killed_by":"Awakened One","ascension_level":0,"is_trial":false}