{"gold_per_floor":[112,112,123,123,139,139,139,151,198,218,218,253,268,283,283,383,383,393,333,345,363,381,413,413,429,453,453,294,328,345,371,371,371],"floor_reached":33,"playtime":2739,"items_purged":[],"score":336,"play_id":"37f1d936-6dbc-4039-9aa4-52c04ad8b5ef","local_time":"20181214204427","is_ascension_mode":false,"campfire_choices":[{"floor":6,"key":"REST"},{"floor":11,"key":"REST"},{"data":"Noxious Fumes","floor":15,"key":"SMITH"},{"floor":24,"key":"REST"},{"floor":32,"key":"REST"}],"neow_cost":"PERCENT_DAMAGE","seed_source_timestamp":263378069804161,"circlet_count":0,"master_deck":["Defend_G","Defend_G","Defend_G","Defend_G","Strike_G","Strike_G","Strike_G","Strike_G","Survivor","Neutralize+1","Adrenaline","Bouncing Flask+1","Backflip","Catalyst+1","Noxious Fumes+1","Slice","Blur","Endless Agony","Bane","After Image","Concentrate+1","Acrobatics","Blur","Dagger Spray","Prepared","Reflex","Cloak And Dagger","Poisoned Stab+1","Adrenaline","Dash","Infinite Blades+1","Expertise+1","Backstab"],"relics":["Ring of the Snake","Ancient Tea Set","Bag of Preparation","Pear","Fusion Hammer","Boot","Whetstone","Pantograph","Gambling Chip"],"potions_floor_usage":[12,12,21,23,29,29],"damage_taken":[{"damage":0,"enemies":"Small Slimes","floor":1,"turns":4},{"damage":3,"enemies":"2 Louse","floor":3,"turns":3},{"damage":1,"enemies":"Cultist","floor":5,"turns":3},{"damage":0,"enemies":"Blue Slaver","floor":8,"turns":2},{"damage":4,"enemies":"Red Slaver","floor":10,"turns":3},{"damage":0,"enemies":"Gremlin Nob","floor":12,"turns":2},{"damage":1,"enemies":"Exordium Thugs","floor":13,"turns":5},{"damage":4,"enemies":"2 Fungi Beasts","floor":14,"turns":3},{"damage":25,"enemies":"The Guardian","floor":16,"turns":8},{"damage":0,"enemies":"Spheric Guardian","floor":18,"turns":3},{"damage":0,"enemies":"Shell Parasite","floor":20,"turns":5},{"damage":13,"enemies":"Shelled Parasite and Fungi","floor":21,"turns":4},{"damage":2,"enemies":"Centurion and Healer","floor":22,"turns":5},{"damage":17,"enemies":"Book of Stabbing","floor":23,"turns":4},{"damage":8,"enemies":"Snake Plant","floor":25,"turns":3},{"damage":5,"enemies":"Slavers","floor":29,"turns":4},{"damage":3,"enemies":"3 Cultists","floor":30,"turns":5},{"damage":1,"enemies":"Gremlin Leader","floor":31,"turns":6},{"damage":84,"enemies":"Collector","floor":33,"turns":7}],"seed_played":"3269237514482421747","potions_obtained":[{"floor":1,"key":"PowerPotion"},{"floor":8,"key":"GamblersBrew"},{"floor":12,"key":"SkillPotion"},{"floor":13,"key":"Swift Potion"},{"floor":21,"key":"FearPotion"},{"floor":23,"key":"SkillPotion"},{"floor":25,"key":"Dexterity Potion"},{"floor":30,"key":"SneckoOil"}],"is_trial":false,"path_per_floor":["M","?","M","?","M","R","?","M","T","M","R","E","M","M","R","B",null,"M","?","M","M","M","E","R","M","T","?","$","E","M","E","R","B"],"character_chosen":"THE_SILENT","items_purchased":["Adrenaline","Dash"],"campfire_rested":4,"item_purchase_floors":[28,28],"current_hp_per_floor":[49,49,46,43,42,63,63,63,63,59,70,80,79,75,75,50,80,80,80,80,67,65,48,72,64,64,64,64,59,56,55,79,0],"gold":371,"neow_bonus":"THREE_RARE_CARDS","is_prod":false,"is_daily":false,"chose_seed":false,"campfire_upgraded":1,"win_rate":0,"timestamp":1544820267,"path_taken":["M","?","M","?","M","R","?","M","T","M","R","E","M","M","R","BOSS","M","?","?","M","M","E","R","M","T","?","$","E","M","E","R","BOSS"],"build_version":"2018-12-13","purchased_purges":0,"victory":false,"max_hp_per_floor":[70,70,70,70,70,70,70,70,70,70,70,80,80,80,80,80,80,80,80,80,80,80,80,80,80,80,80,80,80,80,80,80,80],"card_choices":[{"not_picked":["Venomology","Grand Finale"],"picked":"Adrenaline","floor":0},{"not_picked":["Blade Dance","Backflip"],"picked":"Bouncing Flask","floor":1},{"not_picked":["Cloak And Dagger","Catalyst"],"picked":"Backflip","floor":3},{"not_picked":["Slice","Underhanded Strike"],"picked":"Catalyst","floor":5},{"not_picked":["Caltrops","Terror"],"picked":"Noxious Fumes","floor":8},{"not_picked":["Prepared","Blade Dance"],"picked":"Slice","floor":10},{"not_picked":["Caltrops","Cloak And Dagger"],"picked":"Blur","floor":12},{"not_picked":["Outmaneuver","Glass Knife"],"picked":"Endless Agony","floor":13},{"not_picked":["Flying Knee","Terror"],"picked":"Bane","floor":14},{"not_picked":["Grand Finale","Adrenaline"],"picked":"After Image","floor":16},{"not_picked":["Footwork","Sucker Punch"],"picked":"Concentrate+1","floor":18},{"not_picked":["Accuracy","Flying Knee"],"picked":"Dagger Spray","floor":20},{"not_picked":["Dagger Spray","Heel Hook+1"],"picked":"Prepared","floor":21},{"not_picked":["Slice","Dodge and Roll"],"picked":"Reflex","floor":22},{"not_picked":["Concentrate+1","Dagger Throw"],"picked":"Cloak And Dagger","floor":23},{"not_picked":["Flying Knee","Underhanded Strike"],"picked":"Poisoned Stab","floor":25},{"not_picked":["Masterful Stab","Sucker Punch"],"picked":"Infinite Blades+1","floor":29},{"not_picked":["Blade Dance","Accuracy+1"],"picked":"Expertise+1","floor":30},{"not_picked":["Accuracy","Leg Sweep"],"picked":"Backstab","floor":31}],"player_experience":215216,"relics_obtained":[{"floor":9,"key":"Bag of Preparation"},{"floor":12,"key":"Pear"},{"floor":23,"key":"Boot"},{"floor":26,"key":"Whetstone"},{"floor":29,"key":"Pantograph"},{"floor":31,"key":"Gambling Chip"}],"event_choices":[{"damage_healed":0,"gold_gain":0,"player_choice":"Ignored","damage_taken":0,"max_hp_gain":0,"max_hp_loss":0,"event_name":"Golden Wing","floor":2,"gold_loss":0},{"damage_healed":0,"gold_gain":0,"player_choice":"Success","damage_taken":3,"relics_obtained":["Ancient Tea Set"],"max_hp_gain":0,"max_hp_loss":0,"event_name":"Scrap Ooze","floor":4,"gold_loss":0},{"damage_healed":0,"gold_gain":0,"player_choice":"Grow","damage_taken":0,"max_hp_gain":0,"max_hp_loss":0,"event_name":"Living Wall","floor":7,"gold_loss":0,"cards_upgraded":["Bouncing Flask"]},{"damage_healed":0,"gold_gain":0,"cards_transformed":["Defend_G","Strike_G"],"player_choice":"Transformed Cards","damage_taken":0,"max_hp_gain":0,"max_hp_loss":0,"event_name":"Designer","floor":19,"gold_loss":60,"cards_obtained":["Acrobatics","Blur"]},{"damage_healed":0,"gold_gain":0,"player_choice":"Upgraded","damage_taken":0,"max_hp_gain":0,"max_hp_loss":0,"event_name":"Upgrade Shrine","floor":27,"gold_loss":0,"cards_upgraded":["Catalyst"]}],"is_beta":false,"boss_relics":[{"not_picked":["Velvet Choker","Sozu"],"picked":"Fusion Hammer"}],"items_purged_floors":[],"is_endless":false,"potions_floor_spawned":[1,8,12,13,21,23,25,30],"killed_by":"Collector","ascension_level":0}