{"gold_per_floor":[118,193,211,224,27,27,45,59,59,85,85,102,102],"floor_reached":13,"playtime":966,"items_purged":[],"score":87,"play_id":"c5f9ed2d-1371-4094-91dd-3eb87795319a","local_time":"20190208122351","is_ascension_mode":false,"campfire_choices":[{"data":"Combust","floor":6,"key":"SMITH"}],"neow_cost":"CURSE","seed_source_timestamp":67650525357636,"circlet_count":0,"master_deck":["Strike_R","Strike_R","Strike_R","Strike_R","Strike_R","Defend_R","Defend_R","Defend_R","Defend_R","Bash","Bandage Up","Dark Shackles","Normality","Pommel Strike","Combust+1","Shockwave+1","Sentinel","Entrench","Headbutt","Dropkick"],"relics":["Burning Blood","Medical Kit","Frozen Egg 2","Pantograph"],"potions_floor_usage":[],"damage_taken":[{"damage":5,"enemies":"Small Slimes","floor":1,"turns":4},{"damage":6,"enemies":"Cultist","floor":3,"turns":4},{"damage":0,"enemies":"2 Louse","floor":4,"turns":3},{"damage":23,"enemies":"Red Slaver","floor":7,"turns":4},{"damage":20,"enemies":"Large Slime","floor":8,"turns":5},{"damage":40,"enemies":"3 Sentries","floor":10,"turns":6},{"damage":18,"enemies":"Exordium Wildlife","floor":12,"turns":4},{"damage":24,"enemies":"Gremlin Gang","floor":13,"turns":2}],"seed_played":"-2877593625437070509","potions_obtained":[{"floor":3,"key":"LiquidBronze"},{"floor":8,"key":"Explosive Potion"},{"floor":10,"key":"Block Potion"}],"is_trial":false,"path_per_floor":["M","?","M","M","$","R","M","M","T","E","?","M","M"],"character_chosen":"IRONCLAD","items_purchased":["Medical Kit"],"campfire_rested":0,"item_purchase_floors":[5],"current_hp_per_floor":[80,72,76,80,80,80,67,57,57,27,27,19,0],"gold":102,"neow_bonus":"RANDOM_COLORLESS_2","is_prod":false,"is_daily":false,"chose_seed":false,"campfire_upgraded":1,"win_rate":0.0,"timestamp":1549625031,"path_taken":["M","?","M","M","$","R","M","?","T","E","?","?","M"],"build_version":"2019-01-23","purchased_purges":0,"victory":false,"max_hp_per_floor":[80,80,80,80,80,80,80,80,80,80,80,80,80],"card_choices":[{"not_picked":["Sword Boomerang","Clash"],"picked":"Pommel Strike","floor":1},{"not_picked":["Blood for Blood","Warcry"],"picked":"Combust","floor":3},{"not_picked":["Iron Wave","Hemokinesis"],"picked":"Shockwave","floor":4},{"not_picked":["Sever Soul","Body Slam"],"picked":"Sentinel","floor":7},{"not_picked":["Armaments","Pummel"],"picked":"Entrench","floor":8},{"not_picked":["Heavy Blade","Pommel Strike"],"picked":"Headbutt","floor":10},{"not_picked":["True Grit","Flex"],"picked":"Dropkick","floor":12}],"player_experience":56527,"relics_obtained":[{"floor":9,"key":"Frozen Egg 2"},{"floor":10,"key":"Pantograph"}],"event_choices":[{"damage_healed":0,"gold_gain":75,"player_choice":"Touch","damage_taken":8,"max_hp_gain":0,"max_hp_loss":0,"event_name":"FaceTrader","floor":2,"gold_loss":0},{"damage_healed":0,"gold_gain":0,"player_choice":"Upgraded","damage_taken":0,"max_hp_gain":0,"max_hp_loss":0,"event_name":"Upgrade Shrine","floor":11,"gold_loss":0,"cards_upgraded":["Shockwave"]}],"is_beta":false,"boss_relics":[],"items_purged_floors":[],"is_endless":false,"potions_floor_spawned":[3,8,10],"killed_by":"Gremlin Gang","ascension_level":0}