{"gold_per_floor":[116,116,131,142,142,142,157,157,183,196,196,36,36,36,36,139,139,151,151,151,151,51,51,70,70,125,137,162,192,97,125,137,244,256,286,298,185,200,300,300,315,343,394,408,408,427,80,80,80,80],"floor_reached":51,"playtime":13754,"items_purged":["Strike_R","Strike_R+1","Bash+1","Parasite"],"score":640,"play_id":"17f37e01-571e-4679-a0e0-0cbd054f1adc","local_time":"20190204183816","is_ascension_mode":false,"campfire_choices":[{"data":"Body Slam","floor":8.0,"key":"SMITH"},{"data":"Shrug It Off","floor":11.0,"key":"SMITH"},{"data":"Bash","floor":15.0,"key":"SMITH"},{"data":"Juggernaut","floor":23.0,"key":"SMITH"},{"floor":27.0,"key":"REST"},{"floor":32.0,"key":"REST"},{"floor":40.0,"key":"REST"},{"data":"Body Slam","floor":49,"key":"SMITH"}],"neow_cost":"NONE","seed_source_timestamp":0,"circlet_count":0,"master_deck":["Strike_R+1","Strike_R+1","Strike_R+1","Defend_R+1","Defend_R+1","Defend_R+1","Body Slam+1","Shrug It Off+1","Madness+1","Juggernaut+1","Warcry+1","Shrug It Off+1","Battle Trance+1","Body Slam+1","Warcry+1","Juggernaut+1"],"special_seed":0,"relics":["Black Blood","Toxic Egg 2","Anchor","Lizard Tail","Bag of Preparation","MawBank","Potion Belt","Thread and Needle","Oddly Smooth Stone","Juzu Bracelet"],"potions_floor_usage":[50,50],"damage_taken":[{"damage":5.0,"enemies":"Small Slimes","floor":1.0,"turns":5.0},{"damage":1.0,"enemies":"Cultist","floor":3.0,"turns":3.0},{"damage":3.0,"enemies":"Jaw Worm","floor":4.0,"turns":3.0},{"damage":11.0,"enemies":"Exordium Wildlife","floor":7.0,"turns":4.0},{"damage":0.0,"enemies":"Red Slaver","floor":10.0,"turns":2.0},{"damage":11.0,"enemies":"Slime Boss","floor":16.0,"turns":8.0},{"damage":23.0,"enemies":"Shell Parasite","floor":18.0,"turns":5.0},{"damage":0.0,"enemies":"Colosseum Slavers","floor":20.0,"turns":5.0},{"damage":2.0,"enemies":"Chosen","floor":24.0,"turns":4.0},{"damage":4.0,"enemies":"Centurion and Healer","floor":28.0,"turns":7.0},{"damage":9.0,"enemies":"Snake Plant","floor":29.0,"turns":3.0},{"damage":4.0,"enemies":"Sentry and Sphere","floor":31.0,"turns":5.0},{"damage":57.0,"enemies":"Collector","floor":33.0,"turns":11.0},{"damage":0.0,"enemies":"Orb Walker","floor":35.0,"turns":4.0},{"damage":0.0,"enemies":"3 Shapes","floor":38.0,"turns":3.0},{"damage":4.0,"enemies":"Mind Bloom Boss Battle","floor":39.0,"turns":8.0},{"damage":0.0,"enemies":"Spire Growth","floor":41.0,"turns":4.0},{"damage":31.0,"enemies":"Nemesis","floor":42.0,"turns":5.0},{"damage":4.0,"enemies":"Transient","floor":44.0,"turns":5.0},{"damage":0.0,"enemies":"Writhing Mass","floor":46.0,"turns":3.0},{"damage":27,"enemies":"Awakened One","floor":50,"turns":11}],"seed_played":"-7197029538255343846","potions_obtained":[{"floor":2.0,"key":"EssenceOfSteel"},{"floor":2.0,"key":"SneckoOil"},{"floor":2.0,"key":"LiquidBronze"},{"floor":4.0,"key":"SpeedPotion"},{"floor":10.0,"key":"SpeedPotion"},{"floor":16.0,"key":"SkillPotion"},{"floor":24.0,"key":"LiquidBronze"},{"floor":31.0,"key":"Dexterity Potion"},{"floor":38.0,"key":"Regen Potion"},{"floor":41.0,"key":"PowerPotion"},{"floor":46.0,"key":"Ancient Potion"}],"is_trial":false,"path_per_floor":["M","?","M","M","?","T","M","R","T","M","R","$","?","?","R","B",null,"M","?","?","T","$","R","M","?","T","R","M","M","?","M","R","B",null,"M","?","$","M","?","R","M","E","T","M","?","M","$","?","R","B",null],"character_chosen":"IRONCLAD","items_purchased":["Madness+1","Fruit Juice","Weak Potion","Strength Potion"],"campfire_rested":3,"item_purchase_floors":[12,47,47,47],"current_hp_per_floor":[80,80,80,80,85,85,80,80,80,85,85,85,85,85,85,80,85,68,68,74,74,74,74,78,78,78,85,85,82,82,84,85,34,85,85,85,85,85,85,85,85,73,73,79,79,85,87,87,87,70],"gold":80,"neow_bonus":"REMOVE_CARD","is_prod":false,"is_daily":false,"chose_seed":false,"campfire_upgraded":5,"win_rate":0.0,"timestamp":1549323496,"path_taken":["M","?","M","?","?","?","M","R","T","?","R","?","?","?","R","BOSS","M","?","?","?","$","R","?","?","T","R","M","M","?","M","R","BOSS","M","?","?","M","?","R","M","E","T","M","?","M","$","?","R","BOSS"],"build_version":"2019-01-23","purchased_purges":4,"victory":true,"max_hp_per_floor":[80,80,80,80,85,85,85,85,85,85,85,85,85,85,85,85,85,85,85,85,85,85,85,85,85,85,85,85,85,85,85,85,85,85,85,85,85,85,85,85,85,85,85,85,85,85,87,87,87,87],"card_choices":[{"not_picked":["Clothesline","Rampage"],"picked":"Body Slam","floor":1.0},{"not_picked":["Anger","Heavy Blade"],"picked":"Shrug It Off","floor":3.0},{"not_picked":["Sword Boomerang","Clash","Searing Blow"],"picked":"SKIP","floor":4.0},{"not_picked":["Burning Pact+1","Wild Strike","Heavy Blade"],"picked":"SKIP","floor":7.0},{"not_picked":["Pommel Strike","Sword Boomerang","Body Slam"],"picked":"SKIP","floor":10.0},{"not_picked":["Double Tap+1","Brutality"],"picked":"Juggernaut","floor":16.0},{"not_picked":["Perfected Strike","Flex+1"],"picked":"Warcry+1","floor":18.0},{"not_picked":["Thunderclap","Anger","Clothesline"],"picked":"SKIP","floor":24.0},{"not_picked":["Rage+1","Metallicize","Headbutt"],"picked":"SKIP","floor":28.0},{"not_picked":["Heavy Blade","Thunderclap","Clothesline"],"picked":"SKIP","floor":29.0},{"not_picked":["Heavy Blade","Thunderclap","Clothesline"],"picked":"SKIP","floor":29.0},{"not_picked":["Heavy Blade","Sword Boomerang"],"picked":"Shrug It Off+1","floor":31.0},{"not_picked":["Wild Strike","Anger"],"picked":"Battle Trance+1","floor":35.0},{"not_picked":["Anger","Sever Soul+1","Second Wind+1"],"picked":"SKIP","floor":38.0},{"not_picked":["Anger+1","Clash"],"picked":"Body Slam","floor":41.0},{"not_picked":["Entrench+1","Armaments+1","Searing Blow"],"picked":"SKIP","floor":42.0},{"not_picked":["Immolate","Iron Wave+1"],"picked":"Warcry+1","floor":44.0},{"not_picked":["Clash+1","Perfected Strike+1","Anger"],"picked":"SKIP","floor":46.0}],"player_experience":55323,"relics_obtained":[{"floor":6.0,"key":"Toxic Egg 2"},{"floor":9.0,"key":"Anchor"},{"floor":21.0,"key":"Bag of Preparation"},{"floor":26.0,"key":"MawBank"},{"floor":39.0,"key":"Thread and Needle"},{"floor":42.0,"key":"Oddly Smooth Stone"},{"floor":43.0,"key":"Juzu Bracelet"}],"event_choices":[{"damage_healed":0.0,"max_hp_gain":0.0,"max_hp_loss":0.0,"gold_gain":0.0,"event_name":"Lab","player_choice":"Got Potions","floor":2.0,"gold_loss":0.0,"damage_taken":0.0},{"damage_healed":0.0,"max_hp_gain":5.0,"max_hp_loss":0.0,"gold_gain":0.0,"event_name":"Big Fish","player_choice":"Donut","floor":5.0,"gold_loss":0.0,"damage_taken":0.0},{"damage_healed":0.0,"max_hp_gain":0.0,"max_hp_loss":0.0,"gold_gain":0.0,"event_name":"Golden Idol","player_choice":"Ignored","floor":13.0,"gold_loss":0.0,"damage_taken":0.0},{"damage_healed":0.0,"max_hp_gain":0.0,"max_hp_loss":0.0,"gold_gain":0.0,"event_name":"Dead Adventurer","player_choice":"Searched \u00270\u0027 times","floor":14.0,"gold_loss":0.0,"damage_taken":0.0},{"damage_healed":0.0,"max_hp_gain":0.0,"max_hp_loss":0.0,"gold_gain":0.0,"event_name":"Back to Basics","player_choice":"Simplicity","floor":19.0,"gold_loss":0.0,"damage_taken":0.0,"cards_upgraded":["Strike_R","Strike_R","Strike_R","Strike_R","Defend_R","Defend_R","Defend_R"]},{"damage_healed":0.0,"max_hp_gain":0.0,"max_hp_loss":0.0,"gold_gain":0.0,"event_name":"Colosseum","player_choice":"Fight","floor":20.0,"gold_loss":0.0,"damage_taken":0.0},{"damage_healed":0.0,"max_hp_gain":0.0,"max_hp_loss":0.0,"gold_gain":0.0,"event_name":"Colosseum","player_choice":"Fled From Nobs","floor":20.0,"gold_loss":0.0,"damage_taken":0.0},{"damage_healed":0.0,"max_hp_gain":0.0,"max_hp_loss":0.0,"gold_gain":0.0,"event_name":"Vampires","player_choice":"Ignored","floor":25.0,"gold_loss":0.0,"damage_taken":0.0},{"damage_healed":0.0,"max_hp_gain":0.0,"max_hp_loss":0.0,"gold_gain":0.0,"event_name":"WeMeetAgain","player_choice":"Paid Gold","floor":30.0,"gold_loss":107.0,"damage_taken":0.0,"relics_obtained":["Potion Belt"]},{"damage_healed":0.0,"max_hp_gain":0.0,"max_hp_loss":0.0,"gold_gain":0.0,"event_name":"Upgrade Shrine","player_choice":"Ignored","floor":36.0,"gold_loss":0.0,"damage_taken":0.0},{"damage_healed":0.0,"max_hp_gain":0.0,"max_hp_loss":0.0,"gold_gain":0.0,"event_name":"MindBloom","player_choice":"Fight","floor":39.0,"gold_loss":0.0,"damage_taken":0.0},{"damage_healed":0.0,"max_hp_gain":0.0,"max_hp_loss":0.0,"gold_gain":0.0,"event_name":"Tomb of Lord Red Mask","player_choice":"Ignored","floor":45.0,"gold_loss":0.0,"damage_taken":0.0},{"damage_healed":0.0,"max_hp_gain":0.0,"max_hp_loss":0.0,"gold_gain":0.0,"event_name":"Duplicator","player_choice":"Copied","floor":48.0,"gold_loss":0.0,"damage_taken":0.0,"cards_obtained":["Juggernaut"]}],"is_beta":false,"boss_relics":[{"not_picked":["Snecko Eye","Eternal Feather"],"picked":"Lizard Tail"},{"not_picked":["Philosopher\u0027s Stone","Busted Crown"],"picked":"Black Blood"}],"items_purged_floors":[12,22,37,47],"is_endless":false,"potions_floor_spawned":[4,10,16,24,31,38,41,46],"ascension_level":0}