{"gold_per_floor":[116,135,60,235,235,235,249,282,307,307,319,319,333,351,351,453,453,473,454,729,739,14,41,41,68,113,113,113,144,144,155,155,260,260,280,155,155,65,79,79,110,110,110,110,162,174,100,115,115,115,115,115,47,77,77],"floor_reached":55,"playtime":2782,"items_purged":["Strike_B","Doubt","Strike_B"],"score":898,"play_id":"4c5a1c34-62d1-455b-a624-6197686f7521","local_time":"20181118114621","is_ascension_mode":true,"campfire_choices":[{"data":"Zap","floor":6.0,"key":"SMITH"},{"floor":12.0,"key":"DIG"},{"floor":15.0,"key":"DIG"},{"floor":28,"key":"RECALL"},{"floor":30,"key":"DIG"},{"floor":32,"key":"DIG"},{"floor":40,"key":"DIG"},{"data":"Blind","floor":42,"key":"SMITH"},{"floor":44,"key":"DIG"},{"floor":49,"key":"DIG"},{"floor":52,"key":"DIG"}],"neow_cost":"NONE","seed_source_timestamp":0,"circlet_count":0,"master_deck":["Defend_B","Defend_B+1","Zap+1","Dualcast","Core Surge","Sweeping Beam","Cold Snap","Conserve Battery","Glacier+1","White Noise+1","Steam Power","Ball Lightning","Creative AI","Self Repair+1","Doom and Gloom+1","Secret Technique+1","Blind+1","Acrobatics+1","Defragment+1","PiercingWail+1","White Noise+1","Tempest","Capacitor","Thunderclap","Capacitor"],"special_seed":0,"relics":["Cracked Core","Omamori","Shovel","Bronze Scales","Ice Cream","Pear","Turnip","Cursed Key","DataDisk","PrismaticShard","Gambling Chip","Bird Faced Urn","Ancient Tea Set","Strawberry","War Paint","Empty Cage","Prayer Wheel","Juzu Bracelet","Letter Opener","Nunchaku","Kunai","Darkstone Periapt","Gremlin Horn"],"potions_floor_usage":[25,25,33,39,48,54],"damage_taken":[{"damage":0.0,"enemies":"Cultist","floor":1.0,"turns":2.0},{"damage":0.0,"enemies":"2 Louse","floor":2.0,"turns":1.0},{"damage":0.0,"enemies":"Small Slimes","floor":7.0,"turns":2.0},{"damage":18.0,"enemies":"3 Sentries","floor":8.0,"turns":7.0},{"damage":3.0,"enemies":"Exordium Wildlife","floor":11.0,"turns":5.0},{"damage":0.0,"enemies":"Red Slaver","floor":13.0,"turns":3.0},{"damage":9.0,"enemies":"Blue Slaver","floor":14.0,"turns":3.0},{"damage":0.0,"enemies":"Hexaghost","floor":16.0,"turns":9.0},{"damage":2,"enemies":"Chosen","floor":18,"turns":6},{"damage":21,"enemies":"2 Thieves","floor":19,"turns":4},{"damage":0,"enemies":"Chosen and Byrds","floor":21,"turns":6},{"damage":0,"enemies":"Gremlin Leader","floor":23,"turns":6},{"damage":26,"enemies":"Book of Stabbing","floor":25,"turns":6},{"damage":11,"enemies":"Gremlin Leader","floor":29,"turns":5},{"damage":8,"enemies":"Centurion and Healer","floor":31,"turns":5},{"damage":45,"enemies":"Automaton","floor":33,"turns":12},{"damage":0,"enemies":"Orb Walker","floor":35,"turns":4},{"damage":19,"enemies":"3 Darklings","floor":39,"turns":5},{"damage":10,"enemies":"Reptomancer","floor":41,"turns":7},{"damage":0,"enemies":"2 Orb Walkers","floor":45,"turns":4},{"damage":0,"enemies":"Transient","floor":46,"turns":5},{"damage":11,"enemies":"Maw","floor":48,"turns":8},{"damage":42,"enemies":"Donu and Deca","floor":50,"turns":8},{"damage":101,"enemies":"Shield and Spear","floor":54,"turns":10},{"damage":64,"enemies":"The Heart","floor":55,"turns":2}],"seed_played":"-4202538510746288958","potions_obtained":[{"floor":2.0,"key":"Energy Potion"},{"floor":8.0,"key":"SteroidPotion"},{"floor":11.0,"key":"Regen Potion"},{"floor":13.0,"key":"Block Potion"},{"floor":14.0,"key":"Weak Potion"},{"floor":16.0,"key":"SpeedPotion"},{"floor":19,"key":"Regen Potion"},{"floor":21,"key":"Block Potion"},{"floor":33,"key":"Energy Potion"},{"floor":35,"key":"SkillPotion"},{"floor":41,"key":"Fire Potion"},{"floor":54,"key":"SteroidPotion"}],"is_trial":false,"path_per_floor":["M","M","$","?","?","R","M","E","T","T","M","R","M","M","R","B",null,"M","M","?","M","$","E","?","E","T","$","R","E","R","M","R","B",null,"M","$","?","?","M","R","E","R","T","R","?","M","$","M","R","B",null,"R","$","E","B"],"character_chosen":"DEFECT","items_purchased":["DataDisk","Secret Technique","PrismaticShard","Blind","Tempest","Capacitor"],"campfire_rested":0,"item_purchase_floors":[22,22,22,22,47,53],"current_hp_per_floor":[75,75,75,75,63,63,63,45,45,45,42,52,64,55,55,55,85,83,72,72,82,82,82,82,78,78,78,78,85,92,91,91,69,92,92,92,92,92,89,89,92,92,92,92,92,92,92,92,92,64,92,92,92,25,0],"gold":77,"neow_bonus":"ONE_RANDOM_RARE_CARD","is_prod":false,"is_daily":false,"chose_seed":false,"campfire_upgraded":2,"win_rate":0,"timestamp":1542559581,"path_taken":["M","M","?","?","?","R","?","E","T","?","M","R","M","?","R","BOSS","M","M","?","?","$","E","?","E","T","?","R","E","R","M","R","BOSS","M","$","?","?","?","R","E","R","T","R","?","M","$","M","R","BOSS","R","$","E","BOSS"],"build_version":"2018-11-15","purchased_purges":3,"victory":false,"max_hp_per_floor":[75,75,75,75,75,75,75,75,75,75,75,85,85,85,85,85,85,85,85,85,85,85,85,85,85,85,85,85,85,92,92,92,92,92,92,92,92,92,92,92,92,92,92,92,92,92,92,92,92,92,92,92,92,92,92],"card_choices":[{"not_picked":["Barrage","Self Repair"],"picked":"Sweeping Beam","floor":1.0},{"not_picked":["Stack","Consume"],"picked":"Cold Snap","floor":2.0},{"not_picked":["Loop","Go for the Eyes"],"picked":"Conserve Battery","floor":7.0},{"not_picked":["Buffer","Auto Shields"],"picked":"Glacier","floor":8.0},{"not_picked":["Stack","Scrape"],"picked":"White Noise","floor":11.0},{"not_picked":["Steam","Gash"],"picked":"Steam Power","floor":13.0},{"not_picked":["Redo","Beam Cell"],"picked":"Ball Lightning","floor":14.0},{"not_picked":["Reboot","Thunder Strike"],"picked":"Creative AI","floor":16.0},{"not_picked":["Sweeping Beam","Capacitor"],"picked":"Self Repair+1","floor":18},{"not_picked":["Blizzard","Rip and Tear"],"picked":"Doom and Gloom+1","floor":19},{"not_picked":["Cold Snap+1","Fusion","Streamline+1"],"picked":"SKIP","floor":21},{"not_picked":["Infinite Blades+1","Steam","Warcry+1"],"picked":"SKIP","floor":23},{"not_picked":["Machine Learning","Barrage","Expertise"],"picked":"SKIP","floor":25},{"not_picked":["Good Instincts+1","Headbutt+1","Blade Dance"],"picked":"SKIP","floor":29},{"not_picked":["Sadistic Nature","Go for the Eyes","Cleave"],"picked":"SKIP","floor":31},{"not_picked":["Redo","Ball Lightning+1"],"picked":"Acrobatics+1","floor":35},{"not_picked":["Havoc","Wild Strike"],"picked":"Defragment+1","floor":39},{"not_picked":["Deadly Poison","Flash of Steel+1"],"picked":"PiercingWail+1","floor":41},{"not_picked":["Forethought","Storm"],"picked":"White Noise+1","floor":46},{"not_picked":["Scrape+1","Acrobatics+1","Deflect+1"],"picked":"SKIP","floor":46},{"not_picked":["Pommel Strike","Masterful Stab"],"picked":"Capacitor","floor":48},{"not_picked":["Underhanded Strike","Prepared+1"],"picked":"Thunderclap","floor":48},{"not_picked":["Bane","Sucker Punch","Flex"],"picked":"SKIP","floor":54}],"player_experience":560304,"relics_obtained":[{"floor":8.0,"key":"Shovel"},{"floor":9.0,"key":"Bronze Scales"},{"floor":10.0,"key":"Ice Cream"},{"floor":12.0,"key":"Pear"},{"floor":15.0,"key":"Turnip"},{"floor":23,"key":"Gambling Chip"},{"floor":25,"key":"Bird Faced Urn"},{"floor":29,"key":"Ancient Tea Set"},{"floor":30,"key":"Strawberry"},{"floor":32,"key":"War Paint"},{"floor":40,"key":"Prayer Wheel"},{"floor":41,"key":"Juzu Bracelet"},{"floor":44,"key":"Letter Opener"},{"floor":45,"key":"Nunchaku"},{"floor":49,"key":"Kunai"},{"floor":52,"key":"Darkstone Periapt"},{"floor":54,"key":"Gremlin Horn"}],"event_choices":[{"damage_healed":0.0,"max_hp_gain":0.0,"max_hp_loss":0.0,"gold_gain":175.0,"event_name":"Liars Game","player_choice":"AGREE","floor":4.0,"gold_loss":0.0,"damage_taken":0.0,"cards_obtained":["Doubt"]},{"damage_healed":0.0,"max_hp_gain":0.0,"max_hp_loss":0.0,"gold_gain":0.0,"event_name":"Scrap Ooze","player_choice":"Success","floor":5.0,"gold_loss":0.0,"damage_taken":12.0,"relics_obtained":["Omamori"]},{"damage_healed":0,"gold_gain":275,"player_choice":"Desecrate","damage_taken":0,"max_hp_gain":0,"max_hp_loss":0,"event_name":"Golden Shrine","floor":20,"gold_loss":0,"cards_obtained":["Regret"]},{"damage_healed":0,"gold_gain":0,"player_choice":"Upgraded","damage_taken":0,"max_hp_gain":0,"max_hp_loss":0,"event_name":"Upgrade Shrine","floor":24,"gold_loss":0,"cards_upgraded":["Secret Technique"]},{"cards_removed":["Defend_B"],"damage_healed":0,"gold_gain":0,"player_choice":"Removed Skill","damage_taken":0,"max_hp_gain":0,"max_hp_loss":0,"event_name":"Falling","floor":37,"gold_loss":0},{"cards_removed":["Strike_B"],"damage_healed":0,"gold_gain":0,"player_choice":"Upgrade and Remove","damage_taken":0,"max_hp_gain":0,"max_hp_loss":0,"event_name":"Designer","floor":38,"gold_loss":90,"cards_upgraded":["White Noise"]},{"damage_healed":0,"gold_gain":0,"player_choice":"Fight","damage_taken":0,"max_hp_gain":0,"max_hp_loss":0,"event_name":"Mysterious Sphere","floor":45,"gold_loss":0}],"is_beta":true,"boss_relics":[{"not_picked":["Philosopher\u0027s Stone","Astrolabe"],"picked":"Cursed Key"},{"not_picked":["Snecko Eye","White Beast Statue"],"picked":"Empty Cage"}],"items_purged_floors":[3,22,36],"is_endless":false,"potions_floor_spawned":[2,8,11,13,14,16,19,21,23,33,35,41,54],"killed_by":"The Heart","ascension_level":1}