{"gold_per_floor":[118,118,118,218,26,52,63,98,122,134,144,178,23,39,39,39],"floor_reached":16,"playtime":504,"items_purged":[],"score":150,"play_id":"d472e67e-cb92-4c21-bba3-649062f8900d","local_time":"20190108184030","is_ascension_mode":true,"campfire_choices":[{"floor":15,"key":"REST"}],"neow_cost":"NONE","seed_source_timestamp":578347720896300,"circlet_count":0,"master_deck":["Strike_R","Strike_R","Strike_R","Strike_R","Defend_R","Defend_R","Defend_R","Defend_R","Bash","Dramatic Entrance","Shockwave","Dramatic Entrance","Immolate","Flame Barrier","Armaments","Spot Weakness","Limit Break","Bludgeon"],"relics":["Burning Blood","DollysMirror","Art of War","Du-Vu Doll","Dodecahedron"],"potions_floor_usage":[6,12,16],"damage_taken":[{"damage":4,"enemies":"2 Louse","floor":1,"turns":2},{"damage":43,"enemies":"Lagavulin","floor":6,"turns":8},{"damage":0,"enemies":"Small Slimes","floor":7,"turns":2},{"damage":32,"enemies":"Gremlin Nob","floor":8,"turns":4},{"damage":0,"enemies":"Cultist","floor":10,"turns":2},{"damage":2,"enemies":"Exordium Thugs","floor":11,"turns":5},{"damage":15,"enemies":"3 Sentries","floor":12,"turns":5},{"damage":1,"enemies":"Large Slime","floor":14,"turns":3},{"damage":46,"enemies":"The Guardian","floor":16,"turns":13}],"seed_played":"-436716111305117016","potions_obtained":[{"floor":1,"key":"Poison Potion"},{"floor":8,"key":"Dexterity Potion"},{"floor":11,"key":"Energy Potion"}],"is_trial":false,"path_per_floor":["M","?","?","?","$","E","M","E","T","M","M","E","$","M","R","B"],"character_chosen":"IRONCLAD","items_purchased":["DollysMirror","Limit Break"],"campfire_rested":1,"item_purchase_floors":[5,13],"current_hp_per_floor":[80,80,73,73,73,36,42,16,16,22,26,17,17,22,46,0],"gold":39,"neow_bonus":"RANDOM_COLORLESS","is_prod":false,"is_daily":false,"chose_seed":false,"campfire_upgraded":0,"win_rate":0,"timestamp":1546969230,"path_taken":["M","?","?","?","$","E","M","E","T","M","M","E","$","?","R","BOSS"],"build_version":"2019-01-03v4","purchased_purges":0,"victory":false,"max_hp_per_floor":[80,80,80,80,80,80,80,80,80,80,80,80,80,80,80,80],"card_choices":[{"not_picked":["Rupture","Sentinel"],"picked":"Shockwave","floor":1},{"not_picked":["Body Slam","Flex"],"picked":"Immolate","floor":6},{"not_picked":["Fire Breathing","Warcry","Dual Wield"],"picked":"SKIP","floor":7},{"not_picked":["Wild Strike","Reckless Charge"],"picked":"Flame Barrier","floor":8},{"not_picked":["Burning Pact","Reckless Charge","Clash"],"picked":"SKIP","floor":10},{"not_picked":["Flame Barrier","Iron Wave"],"picked":"Armaments","floor":11},{"not_picked":["Disarm","Hemokinesis"],"picked":"Spot Weakness","floor":12},{"not_picked":["Shrug It Off","Dual Wield"],"picked":"Bludgeon","floor":14}],"player_experience":840440,"relics_obtained":[{"floor":6,"key":"Art of War"},{"floor":8,"key":"Du-Vu Doll"},{"floor":12,"key":"Dodecahedron"}],"event_choices":[{"damage_healed":0,"gold_gain":0,"player_choice":"Leave","damage_taken":0,"max_hp_gain":0,"max_hp_loss":0,"event_name":"The Cleric","floor":2,"gold_loss":0},{"cards_removed":["Strike_R"],"damage_healed":0,"gold_gain":0,"player_choice":"Card Removal","damage_taken":7,"max_hp_gain":0,"max_hp_loss":0,"event_name":"Golden Wing","floor":3,"gold_loss":0},{"damage_healed":0,"gold_gain":100,"player_choice":"Pray","damage_taken":0,"max_hp_gain":0,"max_hp_loss":0,"event_name":"Golden Shrine","floor":4,"gold_loss":0}],"is_beta":false,"boss_relics":[],"items_purged_floors":[],"is_endless":false,"potions_floor_spawned":[1,8,11],"killed_by":"The Guardian","ascension_level":5}