{"gold_per_floor":[109,284,284,175,175,175,210,221,221,221,238,267,18,53,53,153,153,169,250,269,286,286,312,312,342,342,342,368,380,380,398,398,501,501,519,532,632,105,122,154,154,181,206,238,0,0,0,18,18,18,18,18,18,51,51],"floor_reached":55,"playtime":6636,"items_purged":["Doubt","Defend_R"],"score":919,"play_id":"f6833b79-4d19-4b25-9171-a411681ee3fa","local_time":"20190208012704","is_ascension_mode":true,"campfire_choices":[{"data":"Perfected Strike","floor":6.0,"key":"SMITH"},{"data":"Shrug It Off","floor":10.0,"key":"SMITH"},{"data":"Metallicize","floor":15.0,"key":"SMITH"},{"data":"Metallicize","floor":24.0,"key":"SMITH"},{"data":"Twin Strike","floor":27.0,"key":"SMITH"},{"data":"Bash","floor":32.0,"key":"SMITH"},{"floor":46,"key":"RECALL"},{"data":"Inflame","floor":49,"key":"SMITH"},{"data":"1","floor":52,"key":"LIFT"}],"neow_cost":"NONE","seed_source_timestamp":0,"circlet_count":0,"master_deck":["Strike_R+1","Strike_R+1","Strike_R","Strike_R","Strike_R","Defend_R","Defend_R","Defend_R","Bash+1","Perfected Strike+1","Metallicize+1","Inflame+1","Metallicize+1","Shrug It Off+1","Shrug It Off+1","Battle Trance+1","Headbutt+1","Reaper+1","Cleave+1","Twin Strike+1","Flex+1","Entrench+1","Heavy Blade+1","Power Through+1","Berserk","Whirlwind+1","Flex+1","Shockwave+1","Flex+1","Battle Trance+1","Perfected Strike+1"],"special_seed":0,"relics":["Burning Blood","Happy Flower","Toxic Egg 2","Art of War","Anchor","Gremlin Horn","Velvet Choker","Bottled Tornado","The Courier","Magic Flower","Pantograph","Dream Catcher","Bag of Preparation","Sozu","Girya","Chemical X","Oddly Smooth Stone","Bag of Marbles","Red Skull","Vajra","Darkstone Periapt","Meat on the Bone","Red Mask","Sundial","Whetstone"],"potions_floor_usage":[55],"damage_taken":[{"damage":4.0,"enemies":"Small Slimes","floor":1.0,"turns":4.0},{"damage":14.0,"enemies":"Gremlin Nob","floor":7.0,"turns":4.0},{"damage":2.0,"enemies":"2 Louse","floor":8.0,"turns":3.0},{"damage":6.0,"enemies":"Jaw Worm","floor":11.0,"turns":2.0},{"damage":19.0,"enemies":"Lagavulin","floor":12.0,"turns":6.0},{"damage":8.0,"enemies":"Gremlin Nob","floor":14.0,"turns":3.0},{"damage":14.0,"enemies":"Hexaghost","floor":16.0,"turns":10.0},{"damage":5.0,"enemies":"3 Byrds","floor":18.0,"turns":5.0},{"damage":0.0,"enemies":"Chosen","floor":20.0,"turns":3.0},{"damage":5.0,"enemies":"Centurion and Healer","floor":21.0,"turns":4.0},{"damage":34.0,"enemies":"Book of Stabbing","floor":23.0,"turns":5.0},{"damage":9.0,"enemies":"Slavers","floor":25.0,"turns":5.0},{"damage":19.0,"enemies":"Gremlin Leader","floor":28.0,"turns":6.0},{"damage":2.0,"enemies":"Snecko","floor":29.0,"turns":3.0},{"damage":0.0,"enemies":"Snake Plant","floor":31.0,"turns":3.0},{"damage":74.0,"enemies":"Automaton","floor":33.0,"turns":11.0},{"damage":0.0,"enemies":"3 Darklings","floor":35.0,"turns":5.0},{"damage":4.0,"enemies":"3 Shapes","floor":36.0,"turns":3.0},{"damage":18.0,"enemies":"Mind Bloom Boss Battle","floor":37.0,"turns":5.0},{"damage":0.0,"enemies":"3 Darklings","floor":39.0,"turns":1.0},{"damage":42.0,"enemies":"Giant Head","floor":40.0,"turns":8.0},{"damage":6,"enemies":"Reptomancer","floor":42,"turns":4},{"damage":14,"enemies":"Nemesis","floor":44,"turns":5},{"damage":0,"enemies":"Transient","floor":48,"turns":5},{"damage":3,"enemies":"Donu and Deca","floor":50,"turns":4},{"damage":15,"enemies":"Shield and Spear","floor":54,"turns":4},{"damage":136,"enemies":"The Heart","floor":55,"turns":5}],"seed_played":"5925063864915712016","potions_obtained":[{"floor":1.0,"key":"FearPotion"},{"floor":12.0,"key":"Fire Potion"},{"floor":18.0,"key":"PowerPotion"},{"floor":31.0,"key":"FairyPotion"}],"is_trial":false,"path_per_floor":["M","?","?","$","?","R","E","M","T","R","M","E","$","E","R","B",null,"M","T","M","M","?","E","R","E","T","R","E","M","?","M","R","B",null,"M","M","?","$","M","E","?","E","T","E","?","R","?","M","R","B",null,"R","$","E","B"],"character_chosen":"IRONCLAD","items_purchased":["Inflame","Anchor","Chemical X","Oddly Smooth Stone","Bag of Marbles","Red Skull"],"campfire_rested":0,"item_purchase_floors":[4,13,38,38,38,38],"current_hp_per_floor":[80,80,64,64,64,64,56,60,60,60,60,47,47,45,45,37,80,80,80,80,80,80,52,52,58,58,58,63,70,70,79,79,24,80,80,80,80,80,80,80,76,76,76,71,71,71,71,76,76,76,76,76,76,70,0],"gold":51,"neow_bonus":"THREE_CARDS","is_prod":false,"is_daily":false,"chose_seed":false,"campfire_upgraded":7,"win_rate":0,"timestamp":1549585624,"path_taken":["M","?","?","$","?","R","E","M","T","R","M","E","?","E","R","BOSS","M","?","?","?","?","E","R","E","T","R","E","?","?","M","R","BOSS","M","M","?","$","M","E","?","E","T","E","?","R","?","M","R","BOSS","R","$","E","BOSS"],"build_version":"2019-01-23","purchased_purges":2,"victory":false,"max_hp_per_floor":[80,80,80,80,80,80,80,80,80,80,80,80,80,80,80,80,80,80,80,80,80,80,80,80,80,80,80,80,80,80,80,80,80,80,80,80,80,80,80,80,76,76,76,76,76,76,76,76,76,76,76,76,76,76,76],"card_choices":[{"not_picked":["Infernal Blade","Heavy Blade"],"picked":"Perfected Strike","floor":0.0},{"not_picked":["Clothesline","Flex"],"picked":"Metallicize","floor":1.0},{"not_picked":["Warcry","Iron Wave"],"picked":"Metallicize","floor":7.0},{"not_picked":["Ghostly Armor","Sword Boomerang"],"picked":"Shrug It Off","floor":8.0},{"not_picked":["Sever Soul","Heavy Blade"],"picked":"Shrug It Off+1","floor":11.0},{"not_picked":["Iron Wave","Evolve"],"picked":"Battle Trance+1","floor":12.0},{"not_picked":["Anger","Intimidate+1"],"picked":"Headbutt","floor":14.0},{"not_picked":["Immolate","Brutality"],"picked":"Reaper","floor":16.0},{"not_picked":["Pommel Strike","Combust"],"picked":"Cleave+1","floor":18.0},{"not_picked":["Clash","Second Wind+1"],"picked":"Twin Strike","floor":20.0},{"not_picked":["Sword Boomerang","Blood for Blood"],"picked":"Flex+1","floor":21.0},{"not_picked":["Thunderclap","Ghostly Armor+1","Warcry+1"],"picked":"SKIP","floor":23.0},{"not_picked":["Immolate","Wild Strike","Clothesline"],"picked":"SKIP","floor":25.0},{"not_picked":["Dual Wield+1","Wild Strike"],"picked":"Entrench+1","floor":28.0},{"not_picked":["Body Slam","Iron Wave"],"picked":"Heavy Blade+1","floor":29.0},{"not_picked":["Ghostly Armor+1","Searing Blow+1"],"picked":"Power Through+1","floor":31.0},{"not_picked":["Dark Embrace","Juggernaut"],"picked":"Berserk","floor":33.0},{"not_picked":["Rampage","True Grit+1"],"picked":"Whirlwind+1","floor":35.0},{"not_picked":["Clash","Heavy Blade+1","Rupture"],"picked":"SKIP","floor":36.0},{"not_picked":["Warcry+1","Shrug It Off+1"],"picked":"Flex+1","floor":37.0},{"not_picked":["Infernal Blade+1","Blood for Blood+1","Flex+1"],"picked":"SKIP","floor":39.0},{"not_picked":["Entrench+1","Sword Boomerang+1"],"picked":"Shockwave+1","floor":40},{"not_picked":["Feel No Pain","Headbutt"],"picked":"Flex+1","floor":42},{"not_picked":["Rampage+1","Thunderclap","Wild Strike+1"],"picked":"SKIP","floor":44},{"not_picked":["Uppercut","True Grit+1"],"picked":"Battle Trance+1","floor":48},{"not_picked":["Shockwave+1","Intimidate+1"],"picked":"Perfected Strike+1","floor":54}],"player_experience":56882,"relics_obtained":[{"floor":7.0,"key":"Happy Flower"},{"floor":9.0,"key":"Toxic Egg 2"},{"floor":12.0,"key":"Art of War"},{"floor":14.0,"key":"Gremlin Horn"},{"floor":19.0,"key":"Bottled Tornado"},{"floor":23.0,"key":"The Courier"},{"floor":25.0,"key":"Magic Flower"},{"floor":26.0,"key":"Pantograph"},{"floor":28.0,"key":"Dream Catcher"},{"floor":37.0,"key":"Girya"},{"floor":40,"key":"Vajra"},{"floor":42,"key":"Darkstone Periapt"},{"floor":44,"key":"Meat on the Bone"},{"floor":54,"key":"Whetstone"}],"event_choices":[{"damage_healed":0.0,"max_hp_gain":0.0,"max_hp_loss":0.0,"gold_gain":175.0,"event_name":"Liars Game","player_choice":"AGREE","floor":2.0,"gold_loss":0.0,"damage_taken":0.0,"cards_obtained":["Doubt"]},{"damage_healed":0.0,"max_hp_gain":0.0,"max_hp_loss":0.0,"gold_gain":0.0,"event_name":"Shining Light","player_choice":"Entered Light","floor":3.0,"gold_loss":0.0,"damage_taken":16.0,"cards_upgraded":["Strike_R","Strike_R"]},{"damage_healed":0.0,"max_hp_gain":0.0,"max_hp_loss":0.0,"gold_gain":0.0,"event_name":"Golden Wing","player_choice":"Ignored","floor":5.0,"gold_loss":0.0,"damage_taken":0.0},{"damage_healed":0.0,"max_hp_gain":0.0,"max_hp_loss":0.0,"gold_gain":0.0,"event_name":"The Woman in Blue","player_choice":"Bought 0 Potions","floor":22.0,"gold_loss":0.0,"damage_taken":0.0},{"damage_healed":0.0,"max_hp_gain":0.0,"max_hp_loss":0.0,"gold_gain":0.0,"event_name":"The Mausoleum","player_choice":"Opened","floor":30.0,"gold_loss":0.0,"damage_taken":0.0,"relics_obtained":["Bag of Preparation"]},{"damage_healed":0.0,"max_hp_gain":0.0,"max_hp_loss":0.0,"gold_gain":0.0,"event_name":"MindBloom","player_choice":"Fight","floor":37.0,"gold_loss":0.0,"damage_taken":0.0},{"damage_healed":0,"gold_gain":0,"player_choice":"Max HP","damage_taken":0,"max_hp_gain":0,"max_hp_loss":4,"event_name":"Winding Halls","floor":41,"gold_loss":0},{"damage_healed":0,"gold_gain":0,"player_choice":"Paid","damage_taken":0,"relics_obtained":["Red Mask"],"max_hp_gain":0,"max_hp_loss":0,"event_name":"Tomb of Lord Red Mask","floor":45,"gold_loss":238},{"damage_healed":0,"gold_gain":0,"player_choice":"Gave Potion","damage_taken":0,"relics_obtained":["Sundial"],"max_hp_gain":0,"max_hp_loss":0,"event_name":"WeMeetAgain","floor":47,"gold_loss":0}],"is_beta":false,"boss_relics":[{"not_picked":["Cursed Key","White Beast Statue"],"picked":"Velvet Choker"},{"not_picked":["Tiny House","Eternal Feather"],"picked":"Sozu"}],"items_purged_floors":[4,13],"is_endless":false,"potions_floor_spawned":[1,12,18,25,29,31,35,37,40,44,54],"killed_by":"The Heart","ascension_level":1}