{"gold_per_floor":[219,219,232,307,321,346,346,357,429,440,455,36,68,84,84,183,183,197,208,218,318,318,347,347,4,80,100,126,41,3,38,38,140,140,159,159,185,197,247,281,281,309,334,366,14,28,43,62,62,62],"floor_reached":51,"playtime":6078,"items_purged":["Strike_B"],"score":870,"play_id":"b60bb12f-b370-4ab2-8931-01d80089a4c3","local_time":"20190120142823","is_ascension_mode":true,"campfire_choices":[{"data":"Zap","floor":7.0,"key":"SMITH"},{"floor":15.0,"key":"REST"},{"data":"Dualcast","floor":24.0,"key":"SMITH"},{"data":"Capacitor","floor":32,"key":"SMITH"},{"data":"Self Repair","floor":41,"key":"SMITH"},{"data":"Defragment","floor":49,"key":"SMITH"}],"neow_cost":"NONE","seed_source_timestamp":0,"circlet_count":0,"master_deck":["Strike_B","Defend_B","Defend_B","Defend_B","Defend_B","Zap+1","Dualcast+1","Cold Snap","Coolheaded","Self Repair+1","Machine Learning","Skim","Seek","Doom and Gloom","Cold Snap+1","Genetic Algorithm","RitualDagger","Echo Form","Capacitor+1","Sunder+1","Double Energy+1","Glacier","Darkness+1","Defragment+1"],"special_seed":0,"relics":["FrozenCore","Gambling Chip","Cables","Mercury Hourglass","Lantern","Busted Crown","Mango","Dodecahedron","Symbiotic Virus","Lee\u0027s Waffle","Shuriken","Calipers","Bag of Preparation","Vajra","Omamori","Singing Bowl","Blue Candle","Ancient Tea Set","Strawberry","Runic Capacitor"],"potions_floor_usage":[33,44],"damage_taken":[{"damage":0.0,"enemies":"Cultist","floor":1.0,"turns":4.0},{"damage":4.0,"enemies":"Jaw Worm","floor":3.0,"turns":3.0},{"damage":0.0,"enemies":"2 Louse","floor":5.0,"turns":2.0},{"damage":16.0,"enemies":"Lagavulin","floor":6.0,"turns":9.0},{"damage":8.0,"enemies":"Large Slime","floor":8.0,"turns":9.0},{"damage":0.0,"enemies":"2 Fungi Beasts","floor":10.0,"turns":3.0},{"damage":0.0,"enemies":"Blue Slaver","floor":11.0,"turns":3.0},{"damage":14.0,"enemies":"Gremlin Nob","floor":13.0,"turns":3.0},{"damage":0.0,"enemies":"Large Slime","floor":14.0,"turns":4.0},{"damage":2.0,"enemies":"Slime Boss","floor":16.0,"turns":9.0},{"damage":9.0,"enemies":"2 Thieves","floor":18.0,"turns":4.0},{"damage":3.0,"enemies":"Spheric Guardian","floor":19.0,"turns":3.0},{"damage":7.0,"enemies":"Shelled Parasite and Fungi","floor":20.0,"turns":4.0},{"damage":20.0,"enemies":"Colosseum Slavers","floor":21.0,"turns":4.0},{"damage":0.0,"enemies":"Colosseum Nobs","floor":21.0,"turns":3.0},{"damage":24.0,"enemies":"Book of Stabbing","floor":23.0,"turns":7.0},{"damage":8.0,"enemies":"Centurion and Healer","floor":27.0,"turns":6.0},{"damage":24.0,"enemies":"Slavers","floor":28.0,"turns":8.0},{"damage":19,"enemies":"Book of Stabbing","floor":31,"turns":6},{"damage":43,"enemies":"Automaton","floor":33,"turns":9},{"damage":19,"enemies":"3 Darklings","floor":35,"turns":5},{"damage":4,"enemies":"Orb Walker","floor":38,"turns":4},{"damage":45,"enemies":"Nemesis","floor":40,"turns":7},{"damage":61,"enemies":"Giant Head","floor":42,"turns":10},{"damage":12,"enemies":"Reptomancer","floor":44,"turns":7},{"damage":0,"enemies":"Sphere and 2 Shapes","floor":46,"turns":5},{"damage":9,"enemies":"Spire Growth","floor":47,"turns":5},{"damage":0,"enemies":"Maw","floor":48,"turns":7},{"damage":23,"enemies":"Time Eater","floor":50,"turns":6}],"seed_played":"1302170899610986754","potions_obtained":[{"floor":6.0,"key":"Poison Potion"},{"floor":8.0,"key":"PowerPotion"},{"floor":10.0,"key":"FearPotion"},{"floor":13.0,"key":"Regen Potion"},{"floor":16.0,"key":"Block Potion"},{"floor":19.0,"key":"Explosive Potion"},{"floor":23.0,"key":"Weak Potion"},{"floor":31,"key":"SkillPotion"},{"floor":42,"key":"SteroidPotion"},{"floor":44,"key":"Explosive Potion"},{"floor":46,"key":"SteroidPotion"}],"is_trial":false,"path_per_floor":["M","?","M","?","M","E","R","M","T","M","M","$","E","M","R","B",null,"M","M","M","?","?","E","R","$","T","M","E","?","$","E","R","B",null,"M","?","T","M","T","E","R","E","T","E","$","M","M","M","R","B",null],"character_chosen":"DEFECT","items_purchased":["Machine Learning","Mercury Hourglass","Echo Form","Lee\u0027s Waffle","Capacitor","Defragment","Runic Capacitor"],"campfire_rested":1,"item_purchase_floors":[12,12,25,25,30,45,45],"current_hp_per_floor":[75,68,64,53,53,37,37,29,29,29,29,29,15,22,44,49,75,73,75,75,89,83,59,59,96,96,95,78,78,78,73,73,37,96,91,91,91,94,94,65,65,24,24,39,39,61,74,96,96,73],"gold":62,"neow_bonus":"HUNDRED_GOLD","is_prod":false,"is_daily":false,"chose_seed":false,"campfire_upgraded":5,"win_rate":0,"timestamp":1548016103,"path_taken":["M","?","M","?","M","E","R","M","T","M","M","$","E","M","R","BOSS","M","M","M","?","?","E","R","$","T","M","E","?","?","E","R","BOSS","M","?","?","?","?","E","R","E","T","E","?","M","M","?","R","BOSS"],"build_version":"2019-01-17v2","purchased_purges":1,"victory":true,"max_hp_per_floor":[75,75,75,75,75,75,75,75,75,75,75,75,75,75,75,75,75,75,75,75,89,89,89,89,96,96,96,96,96,96,96,96,96,96,96,96,96,96,96,98,98,98,98,105,105,107,109,111,111,111],"card_choices":[{"not_picked":["Steam","Aggregate"],"picked":"Cold Snap","floor":1.0},{"not_picked":["Redo","Scrape"],"picked":"Coolheaded","floor":3.0},{"not_picked":["Fusion","Go for the Eyes","Heatsinks"],"picked":"SKIP","floor":5.0},{"not_picked":["Stack","Rebound","Beam Cell"],"picked":"SKIP","floor":6.0},{"not_picked":["Undo","Aggregate","Sweeping Beam"],"picked":"SKIP","floor":8.0},{"not_picked":["Beam Cell","Redo","Fusion"],"picked":"SKIP","floor":10.0},{"not_picked":["Coolheaded","Gash"],"picked":"Self Repair","floor":11.0},{"not_picked":["Hologram","Stack","Multi-Cast"],"picked":"SKIP","floor":13.0},{"not_picked":["Rip and Tear","Barrage"],"picked":"Skim","floor":14.0},{"not_picked":["All For One","Multi-Cast"],"picked":"Seek","floor":16.0},{"not_picked":[],"picked":"Doom and Gloom","floor":18.0},{"not_picked":[],"picked":"Cold Snap+1","floor":19.0},{"not_picked":[],"picked":"Genetic Algorithm","floor":20.0},{"not_picked":["Storm"],"picked":"SKIP","floor":23.0},{"not_picked":["Rebound"],"picked":"SKIP","floor":27.0},{"not_picked":["Gash"],"picked":"SKIP","floor":28.0},{"not_picked":[],"picked":"Sunder+1","floor":31},{"not_picked":[],"picked":"Double Energy+1","floor":35},{"not_picked":["Sweeping Beam"],"picked":"SKIP","floor":38},{"not_picked":["Recycle"],"picked":"Singing Bowl","floor":40},{"not_picked":[],"picked":"Glacier","floor":42},{"not_picked":[],"picked":"Darkness+1","floor":44},{"not_picked":["Melter+1"],"picked":"Singing Bowl","floor":46},{"not_picked":["Gash"],"picked":"Singing Bowl","floor":47},{"not_picked":["Darkness+1"],"picked":"Singing Bowl","floor":48}],"player_experience":261263,"relics_obtained":[{"floor":6.0,"key":"Gambling Chip"},{"floor":9.0,"key":"Cables"},{"floor":13.0,"key":"Lantern"},{"floor":21.0,"key":"Mango"},{"floor":21.0,"key":"Dodecahedron"},{"floor":23.0,"key":"Symbiotic Virus"},{"floor":28.0,"key":"Shuriken"},{"floor":31,"key":"Bag of Preparation"},{"floor":37,"key":"Vajra"},{"floor":39,"key":"Omamori"},{"floor":40,"key":"Singing Bowl"},{"floor":42,"key":"Blue Candle"},{"floor":43,"key":"Ancient Tea Set"},{"floor":44,"key":"Strawberry"}],"event_choices":[{"cards_removed":["Strike_B"],"damage_healed":0.0,"max_hp_gain":0.0,"max_hp_loss":0.0,"gold_gain":0.0,"event_name":"Golden Wing","player_choice":"Card Removal","floor":2.0,"gold_loss":0.0,"damage_taken":7.0},{"damage_healed":0.0,"max_hp_gain":0.0,"max_hp_loss":0.0,"gold_gain":75.0,"event_name":"World of Goop","player_choice":"Gather Gold","floor":4.0,"gold_loss":0.0,"damage_taken":11.0},{"damage_healed":0.0,"max_hp_gain":0.0,"max_hp_loss":0.0,"gold_gain":0.0,"event_name":"Colosseum","player_choice":"Fight","floor":21.0,"gold_loss":0.0,"damage_taken":0.0},{"damage_healed":0.0,"max_hp_gain":0.0,"max_hp_loss":0.0,"gold_gain":0.0,"event_name":"Colosseum","player_choice":"Fought Nobs","floor":21.0,"gold_loss":0.0,"damage_taken":0.0},{"damage_healed":0.0,"max_hp_gain":0.0,"max_hp_loss":0.0,"gold_gain":0.0,"event_name":"Nest","player_choice":"Joined the Cult","floor":22.0,"gold_loss":0.0,"damage_taken":6.0,"cards_obtained":["RitualDagger"]},{"damage_healed":0.0,"max_hp_gain":0.0,"max_hp_loss":0.0,"gold_gain":0.0,"event_name":"Addict","player_choice":"Obtained Relic","floor":29.0,"gold_loss":85.0,"damage_taken":0.0,"relics_obtained":["Calipers"]},{"cards_removed":["Strike_B"],"damage_healed":0,"gold_gain":0,"player_choice":"Removed Attack","damage_taken":0,"max_hp_gain":0,"max_hp_loss":0,"event_name":"Falling","floor":36,"gold_loss":0}],"is_beta":false,"boss_relics":[{"not_picked":["Tiny House","Snecko Eye"],"picked":"Busted Crown"},{"not_picked":["Black Star","Philosopher\u0027s Stone"],"picked":"FrozenCore"}],"items_purged_floors":[45],"is_endless":false,"potions_floor_spawned":[6,8,10,13,16,19,20,23,31,42,44,46],"ascension_level":1}