{"gold_per_floor":[361,371,391,371,387,421,421,452,478,509,509,525,359,386,386,486,486,503,503,503,503,520,546,546,579,579,605,605,618,718,736,736,736],"floor_reached":33,"playtime":1328,"items_purged":["Defend_R"],"score":436,"play_id":"2a2da5a5-fde7-400b-b011-d4681dbe9705","local_time":"20190111200134","is_ascension_mode":true,"campfire_choices":[{"floor":7.0,"key":"REST"},{"data":"True Grit","floor":15.0,"key":"SMITH"},{"data":"True Grit","floor":24.0,"key":"SMITH"},{"data":"Shockwave","floor":28.0,"key":"SMITH"},{"data":"Double Tap","floor":32,"key":"SMITH"}],"neow_cost":"PERCENT_DAMAGE","seed_source_timestamp":193027129151408,"circlet_count":0,"master_deck":["Strike_R","Strike_R","Strike_R","Strike_R","Strike_R","Defend_R","Defend_R","Defend_R","Bash","Wild Strike","Shrug It Off","Dropkick","Infernal Blade","Limit Break","Inflame","Flex","True Grit+1","Cleave","True Grit+1","Thunderclap","Immolate","Armaments+1","Battle Trance","Corruption+1","True Grit","Shockwave+1","Double Tap+1"],"special_seed":0,"relics":["Burning Blood","Meat on the Bone","Juzu Bracelet","Anchor","Centennial Puzzle","Smiling Mask","Odd Mushroom","Sozu","Ice Cream","Happy Flower","Darkstone Periapt","Blood Vial"],"potions_floor_usage":[],"damage_taken":[{"damage":1.0,"enemies":"Jaw Worm","floor":1.0,"turns":5.0},{"damage":1.0,"enemies":"Cultist","floor":2.0,"turns":3.0},{"damage":5.0,"enemies":"Small Slimes","floor":3.0,"turns":3.0},{"damage":9.0,"enemies":"Looter","floor":5.0,"turns":3.0},{"damage":38.0,"enemies":"Lagavulin","floor":6.0,"turns":7.0},{"damage":16.0,"enemies":"3 Sentries","floor":8.0,"turns":4.0},{"damage":8.0,"enemies":"Gremlin Nob","floor":10.0,"turns":3.0},{"damage":17.0,"enemies":"Gremlin Gang","floor":12.0,"turns":4.0},{"damage":0.0,"enemies":"The Mushroom Lair","floor":14.0,"turns":2.0},{"damage":22.0,"enemies":"Slime Boss","floor":16.0,"turns":6.0},{"damage":5.0,"enemies":"Chosen","floor":18.0,"turns":3.0},{"damage":7.0,"enemies":"Colosseum Slavers","floor":20.0,"turns":3.0},{"damage":10.0,"enemies":"2 Thieves","floor":22.0,"turns":3.0},{"damage":21.0,"enemies":"Slavers","floor":23.0,"turns":5.0},{"damage":16.0,"enemies":"Book of Stabbing","floor":25.0,"turns":4.0},{"damage":10.0,"enemies":"Slavers","floor":27.0,"turns":2.0},{"damage":13.0,"enemies":"Snecko","floor":29.0,"turns":4.0},{"damage":37,"enemies":"Sentry and Sphere","floor":31,"turns":6},{"damage":67,"enemies":"Automaton","floor":33,"turns":6}],"seed_played":"-4513049521047491294","potions_obtained":[{"floor":5.0,"key":"Explosive Potion"},{"floor":6.0,"key":"Explosive Potion"},{"floor":8.0,"key":"FearPotion"},{"floor":12.0,"key":"Fire Potion"}],"is_trial":false,"path_per_floor":["M","M","M","?","M","E","R","E","T","E","T","M","$","?","R","B",null,"M","?","?","?","M","E","R","E","T","E","R","M","?","M","R","B"],"character_chosen":"IRONCLAD","items_purchased":["Cleave","True Grit","Thunderclap"],"campfire_rested":1,"item_purchase_floors":[13,13,13],"current_hp_per_floor":[56,61,62,62,59,27,51,53,53,51,51,52,52,58,58,54,74,75,75,74,74,70,55,55,57,57,53,53,48,48,31,31,0],"gold":736,"neow_bonus":"TWO_FIFTY_GOLD","is_prod":false,"is_daily":false,"chose_seed":false,"campfire_upgraded":4,"win_rate":0,"timestamp":1547258494,"path_taken":["M","M","M","?","M","E","R","E","T","E","?","M","$","?","R","BOSS","M","?","?","?","M","E","R","E","T","E","R","M","?","M","R","BOSS"],"build_version":"2019-01-10","purchased_purges":1,"victory":false,"max_hp_per_floor":[80,80,80,80,80,80,80,80,80,80,80,80,80,80,80,80,80,80,80,80,80,80,80,80,80,80,80,80,80,80,80,80,80],"card_choices":[{"not_picked":["Iron Wave","Perfected Strike"],"picked":"Wild Strike","floor":1.0},{"not_picked":["Hemokinesis","Armaments"],"picked":"Shrug It Off","floor":2.0},{"not_picked":["Flex","Havoc"],"picked":"Dropkick","floor":3.0},{"not_picked":["Heavy Blade","Armaments"],"picked":"Infernal Blade","floor":5.0},{"not_picked":["Armaments","Flex"],"picked":"Limit Break","floor":6.0},{"not_picked":["Flex","Wild Strike"],"picked":"Inflame","floor":8.0},{"not_picked":["Thunderclap","Shrug It Off"],"picked":"Flex","floor":10.0},{"not_picked":["Entrench","Sentinel"],"picked":"True Grit","floor":12.0},{"not_picked":["Limit Break","Juggernaut"],"picked":"Immolate","floor":16.0},{"not_picked":["Shrug It Off","Perfected Strike"],"picked":"Armaments+1","floor":18.0},{"not_picked":["Shrug It Off","Perfected Strike+1","Dual Wield"],"picked":"SKIP","floor":22.0},{"not_picked":["Infernal Blade","Pommel Strike"],"picked":"Corruption+1","floor":23.0},{"not_picked":["Clothesline","Burning Pact"],"picked":"True Grit","floor":25.0},{"not_picked":["Wild Strike","Dropkick+1"],"picked":"Shockwave","floor":27.0},{"not_picked":["Dropkick","Shrug It Off"],"picked":"Double Tap","floor":29.0},{"not_picked":["Entrench","Anger+1","True Grit"],"picked":"SKIP","floor":31}],"player_experience":152025,"relics_obtained":[{"floor":6.0,"key":"Meat on the Bone"},{"floor":8.0,"key":"Juzu Bracelet"},{"floor":9.0,"key":"Anchor"},{"floor":10.0,"key":"Centennial Puzzle"},{"floor":11.0,"key":"Smiling Mask"},{"floor":14.0,"key":"Odd Mushroom"},{"floor":23.0,"key":"Ice Cream"},{"floor":25.0,"key":"Happy Flower"},{"floor":26.0,"key":"Darkstone Periapt"},{"floor":27.0,"key":"Blood Vial"}],"event_choices":[{"damage_healed":0.0,"max_hp_gain":0.0,"max_hp_loss":0.0,"gold_gain":0.0,"event_name":"World of Goop","player_choice":"Left Gold","floor":4.0,"gold_loss":20.0,"damage_taken":0.0},{"damage_healed":0.0,"max_hp_gain":0.0,"max_hp_loss":0.0,"gold_gain":0.0,"event_name":"Mushrooms","player_choice":"Fought Mushrooms","floor":14.0,"gold_loss":0.0,"damage_taken":0.0},{"damage_healed":0.0,"max_hp_gain":0.0,"max_hp_loss":0.0,"gold_gain":0.0,"event_name":"Duplicator","player_choice":"Ignored","floor":19.0,"gold_loss":0.0,"damage_taken":0.0},{"damage_healed":0.0,"max_hp_gain":0.0,"max_hp_loss":0.0,"gold_gain":0.0,"event_name":"Colosseum","player_choice":"Fight","floor":20.0,"gold_loss":0.0,"damage_taken":0.0},{"damage_healed":0.0,"max_hp_gain":0.0,"max_hp_loss":0.0,"gold_gain":0.0,"event_name":"Colosseum","player_choice":"Fled From Nobs","floor":20.0,"gold_loss":0.0,"damage_taken":0.0},{"damage_healed":0.0,"max_hp_gain":0.0,"max_hp_loss":0.0,"gold_gain":0.0,"event_name":"The Library","player_choice":"Read","floor":21.0,"gold_loss":0.0,"damage_taken":0.0,"cards_obtained":["Battle Trance"]},{"damage_healed":0.0,"max_hp_gain":0.0,"max_hp_loss":0.0,"gold_gain":100.0,"event_name":"Golden Shrine","player_choice":"Pray","floor":30.0,"gold_loss":0.0,"damage_taken":0.0}],"is_beta":false,"boss_relics":[{"not_picked":["Calling Bell","Runic Pyramid"],"picked":"Sozu"}],"items_purged_floors":[13],"is_endless":false,"potions_floor_spawned":[5,6,8,12,20,23,25,29],"killed_by":"Automaton","ascension_level":7}