{"gold_per_floor":[15,15,30,49,65,79,79,79,157,157,173,203,53,73,73,73],"floor_reached":16,"playtime":574,"items_purged":[],"score":156,"play_id":"de9185d0-5345-44c9-b27f-8bdae7cb6bde","local_time":"20190206052032","is_ascension_mode":true,"campfire_choices":[{"data":"Clothesline","floor":7,"key":"SMITH"},{"floor":15,"key":"REST"}],"neow_cost":"NO_GOLD","seed_source_timestamp":21364085580343,"circlet_count":0,"master_deck":["AscendersBane","Strike_R","Strike_R","Strike_R","Strike_R","Defend_R","Defend_R","Defend_R","Bash","Clothesline+1","Shrug It Off"],"relics":["Burning Blood","Letter Opener","Mummified Hand","Ice Cream","Omamori"],"potions_floor_usage":[12,12,12,16],"damage_taken":[{"damage":1,"enemies":"Cultist","floor":1,"turns":3},{"damage":20,"enemies":"Jaw Worm","floor":3,"turns":5},{"damage":4,"enemies":"2 Louse","floor":4,"turns":3},{"damage":21,"enemies":"Red Slaver","floor":5,"turns":5},{"damage":11,"enemies":"Large Slime","floor":6,"turns":6},{"damage":28,"enemies":"3 Louse","floor":11,"turns":6},{"damage":15,"enemies":"Gremlin Nob","floor":12,"turns":5},{"damage":2,"enemies":"Blue Slaver","floor":14,"turns":5},{"damage":48,"enemies":"Slime Boss","floor":16,"turns":7}],"seed_played":"6700510346598682160","potions_obtained":[{"floor":3,"key":"BloodPotion"},{"floor":4,"key":"SteroidPotion"},{"floor":11,"key":"Block Potion"},{"floor":12,"key":"LiquidBronze"}],"is_trial":false,"path_per_floor":["M","$","M","M","M","M","R","?","T","T","M","E","$","M","R","B"],"character_chosen":"IRONCLAD","items_purchased":["Omamori"],"campfire_rested":1,"item_purchase_floors":[13],"current_hp_per_floor":[77,77,63,65,50,45,45,45,45,45,23,22,22,26,50,2],"gold":73,"neow_bonus":"REMOVE_TWO","is_prod":false,"is_daily":false,"chose_seed":false,"campfire_upgraded":1,"win_rate":0,"timestamp":1549398032,"path_taken":["M","?","M","M","M","M","R","?","T","?","?","E","?","M","R","BOSS"],"build_version":"2019-01-23","purchased_purges":0,"victory":false,"max_hp_per_floor":[80,80,80,80,80,80,80,80,80,80,80,80,80,80,80,80],"card_choices":[{"not_picked":["Sword Boomerang","Warcry","Searing Blow"],"picked":"SKIP","floor":1},{"not_picked":["Body Slam","Bloodletting"],"picked":"Clothesline","floor":3},{"not_picked":["Second Wind","Iron Wave","Sword Boomerang"],"picked":"SKIP","floor":4},{"not_picked":["Havoc","Armaments"],"picked":"Shrug It Off","floor":5},{"not_picked":["Clash","Iron Wave","Wild Strike"],"picked":"SKIP","floor":6},{"not_picked":["Heavy Blade","Rage","True Grit"],"picked":"SKIP","floor":11},{"not_picked":["Sentinel","Headbutt","Iron Wave"],"picked":"SKIP","floor":12},{"not_picked":["Body Slam","Cleave","Carnage"],"picked":"SKIP","floor":14}],"player_experience":180634,"relics_obtained":[{"floor":9,"key":"Letter Opener"},{"floor":10,"key":"Mummified Hand"},{"floor":12,"key":"Ice Cream"}],"event_choices":[{"damage_healed":0,"gold_gain":0,"player_choice":"Ignored","damage_taken":0,"max_hp_gain":0,"max_hp_loss":0,"event_name":"Liars Game","floor":8,"gold_loss":0}],"is_beta":false,"boss_relics":[],"items_purged_floors":[],"is_endless":false,"potions_floor_spawned":[3,4,11,12],"killed_by":"Slime Boss","ascension_level":10}