{"gold_per_floor":[112,11,11,11,21,21,347,365,365,365,365],"floor_reached":11,"playtime":266,"items_purged":[],"score":85,"play_id":"a1d2cd1a-4a62-47d1-8c13-ceaa01129edf","local_time":"20181225175133","is_ascension_mode":true,"campfire_choices":[{"data":"Finesse","floor":6,"key":"SMITH"}],"neow_cost":"NONE","seed_source_timestamp":685695306077500,"circlet_count":0,"master_deck":["Defend_G","Defend_G","Defend_G","Defend_G","Defend_G","Strike_G","Strike_G","Strike_G","Strike_G","Strike_G","Survivor","Neutralize","Finesse+1","Regret","Blade Dance+1","Footwork"],"relics":["Ring of the Snake","Sundial","Toxic Egg 2","Old Coin","Dream Catcher"],"potions_floor_usage":[5,7,7],"damage_taken":[{"damage":3,"enemies":"Small Slimes","floor":1,"turns":5},{"damage":7,"enemies":"Jaw Worm","floor":5,"turns":6},{"damage":33,"enemies":"Gremlin Nob","floor":7,"turns":4},{"damage":3,"enemies":"Cultist","floor":8,"turns":4},{"damage":0,"enemies":"Exordium Wildlife","floor":11,"turns":1}],"seed_played":"4914061127924862701","potions_obtained":[{"floor":1,"key":"Fire Potion"},{"floor":5,"key":"Strength Potion"}],"is_trial":false,"path_per_floor":["M","$","?","?","M","R","E","M","T","T","M"],"character_chosen":"THE_SILENT","items_purchased":["Fruit Juice"],"campfire_rested":0,"item_purchase_floors":[2],"current_hp_per_floor":[67,67,67,64,62,62,29,26,26,26,26],"gold":365,"neow_bonus":"RANDOM_COLORLESS","is_prod":false,"is_daily":false,"chose_seed":false,"campfire_upgraded":1,"win_rate":0,"timestamp":1545756693,"path_taken":["M","$","?","?","M","R","E","M","T","?","M"],"build_version":"2018-12-20","purchased_purges":0,"victory":false,"max_hp_per_floor":[70,70,70,70,75,75,75,75,75,75,75],"card_choices":[{"not_picked":["Calculated Gamble","Dagger Throw","Underhanded Strike"],"picked":"SKIP","floor":1},{"not_picked":["Underhanded Strike","Terror+1"],"picked":"Blade Dance+1","floor":5},{"not_picked":["Dagger Spray","Slice","Sucker Punch"],"picked":"SKIP","floor":7},{"not_picked":["Poisoned Stab","Deflect+1"],"picked":"Footwork","floor":8}],"player_experience":814422,"relics_obtained":[{"floor":7,"key":"Old Coin"},{"floor":9,"key":"Dream Catcher"}],"event_choices":[{"damage_healed":0,"gold_gain":0,"player_choice":"Box","damage_taken":0,"relics_obtained":["Sundial"],"max_hp_gain":0,"max_hp_loss":0,"event_name":"Big Fish","floor":3,"gold_loss":0,"cards_obtained":["Regret"]},{"damage_healed":0,"gold_gain":0,"player_choice":"Success","damage_taken":3,"relics_obtained":["Toxic Egg 2"],"max_hp_gain":0,"max_hp_loss":0,"event_name":"Scrap Ooze","floor":4,"gold_loss":0}],"is_beta":false,"boss_relics":[],"items_purged_floors":[],"is_endless":false,"potions_floor_spawned":[1,5],"killed_by":"Exordium Wildlife","ascension_level":4}