{"gold_per_floor":[109,119,66,80,93,118,118,148,160,172,149,161,191,203,215,303,365,394,406,418,141,141,141],"floor_reached":23,"playtime":1029,"items_purged":[],"score":338,"play_id":"e2f14a65-fe36-4d8c-8256-9f4977a4f258","local_time":"20181208110119","is_ascension_mode":true,"campfire_choices":[{"floor":12,"key":"REST"},{"floor":15,"key":"REST"}],"neow_cost":"NONE","seed_source_timestamp":647538128989520,"circlet_count":0,"master_deck":["AscendersBane","Strike_R","Strike_R","Strike_R","Strike_R","Defend_R","Defend_R","Defend_R","Defend_R","Bash","Perfected Strike","Twin Strike","Perfected Strike","Cleave","Pommel Strike+1","Shrug It Off","Reaper","Cleave","Thunderclap","Writhe"],"relics":["Burning Blood","NeowsBlessing","Strawberry","MawBank","Kunai","Gambling Chip","Tiny House","Torii","Potion Belt"],"potions_floor_usage":[8,8,20,20],"damage_taken":[{"damage":0,"enemies":"Jaw Worm","floor":1,"turns":1},{"damage":0,"enemies":"Small Slimes","floor":2,"turns":1},{"damage":0,"enemies":"2 Louse","floor":4,"turns":1},{"damage":11,"enemies":"Looter","floor":5,"turns":2},{"damage":30,"enemies":"3 Sentries","floor":6,"turns":6},{"damage":24,"enemies":"Gremlin Nob","floor":8,"turns":4},{"damage":8,"enemies":"Red Slaver","floor":13,"turns":3},{"damage":36,"enemies":"Slime Boss","floor":16,"turns":12},{"damage":19,"enemies":"Chosen","floor":18,"turns":4},{"damage":7,"enemies":"Shell Parasite","floor":20,"turns":2},{"damage":95,"enemies":"Gremlin Leader","floor":23,"turns":4}],"seed_played":"-9220763558604040629","potions_obtained":[{"floor":5,"key":"Ancient Potion"},{"floor":6,"key":"SkillPotion"},{"floor":8,"key":"GamblersBrew"},{"floor":16,"key":"SpeedPotion"},{"floor":19,"key":"SmokeBomb"},{"floor":19,"key":"Fruit Juice"}],"is_trial":false,"path_per_floor":["M","M","$","M","M","E","?","E","T","$","?","R","M","?","R","B",null,"M","?","M","$","?","E"],"character_chosen":"IRONCLAD","items_purchased":["Perfected Strike","Torii"],"campfire_rested":2,"item_purchase_floors":[3,21],"current_hp_per_floor":[74,75,75,75,70,53,46,28,28,28,48,72,70,58,82,52,80,67,67,71,71,71,0],"gold":141,"neow_bonus":"THREE_ENEMY_KILL","is_prod":false,"is_daily":false,"chose_seed":false,"campfire_upgraded":0,"win_rate":0,"timestamp":1544266879,"path_taken":["M","M","$","M","M","E","?","E","T","$","?","R","M","?","R","BOSS","M","?","?","$","?","E"],"build_version":"2018-12-06","purchased_purges":0,"victory":false,"max_hp_per_floor":[75,75,75,75,75,82,82,82,82,82,82,82,82,82,82,82,87,87,87,92,92,92,92],"card_choices":[{"not_picked":["Sever Soul","Shrug It Off"],"picked":"Perfected Strike","floor":1},{"not_picked":["Hemokinesis","Perfected Strike"],"picked":"Twin Strike","floor":2},{"not_picked":["Warcry","Second Wind","Feel No Pain"],"picked":"SKIP","floor":4},{"not_picked":["Flame Barrier","Fire Breathing"],"picked":"Cleave","floor":5},{"not_picked":["Headbutt","Twin Strike"],"picked":"Pommel Strike","floor":6},{"not_picked":["Fiend Fire","Anger","Headbutt"],"picked":"SKIP","floor":8},{"not_picked":["Twin Strike","Flame Barrier"],"picked":"Shrug It Off","floor":13},{"not_picked":["Feed","Brutality"],"picked":"Reaper","floor":16},{"not_picked":["Infernal Blade","Flex"],"picked":"Cleave","floor":17},{"not_picked":["True Grit","Headbutt"],"picked":"Thunderclap","floor":18}],"player_experience":996651,"relics_obtained":[{"floor":6,"key":"Strawberry"},{"floor":8,"key":"MawBank"},{"floor":9,"key":"Kunai"}],"event_choices":[{"cards_removed":["Strike_R"],"damage_healed":0,"gold_gain":0,"player_choice":"Card Removal","damage_taken":7,"max_hp_gain":0,"max_hp_loss":0,"event_name":"Golden Wing","floor":7,"gold_loss":0},{"damage_healed":20,"gold_gain":0,"player_choice":"Healed","damage_taken":0,"max_hp_gain":0,"max_hp_loss":0,"event_name":"The Cleric","floor":11,"gold_loss":35},{"damage_healed":0,"gold_gain":0,"player_choice":"Success","damage_taken":12,"relics_obtained":["Gambling Chip"],"max_hp_gain":0,"max_hp_loss":0,"event_name":"Scrap Ooze","floor":14,"gold_loss":0},{"damage_healed":0,"gold_gain":0,"player_choice":"Got Potions","damage_taken":0,"max_hp_gain":0,"max_hp_loss":0,"event_name":"Lab","floor":19,"gold_loss":0},{"damage_healed":0,"gold_gain":0,"player_choice":"Opened","damage_taken":0,"relics_obtained":["Potion Belt"],"max_hp_gain":0,"max_hp_loss":0,"event_name":"The Mausoleum","floor":22,"gold_loss":0,"cards_obtained":["Writhe"]}],"is_beta":false,"boss_relics":[{"not_picked":["Busted Crown","Philosopher\u0027s Stone"],"picked":"Tiny House"}],"items_purged_floors":[],"is_endless":false,"potions_floor_spawned":[5,6,8,16,18],"killed_by":"Gremlin Leader","ascension_level":14}