{"gold_per_floor":[118,134,134,152,2,2,34,34,112,112,132,82,92,20,20,123,123,143,153,167,92,92,92],"floor_reached":23,"playtime":1167,"items_purged":["Decay"],"score":296,"play_id":"cd5bdd17-d570-49e5-8593-217c88ec8085","local_time":"20190103235657","is_ascension_mode":true,"campfire_choices":[{"floor":6,"key":"REST"},{"data":"Noxious Fumes","floor":8,"key":"SMITH"},{"data":"Neutralize","floor":10,"key":"SMITH"},{"floor":15,"key":"REST"}],"neow_cost":"NONE","seed_source_timestamp":971554580419544,"circlet_count":0,"master_deck":["AscendersBane","Defend_G","Defend_G","Defend_G","Defend_G","Defend_G","Strike_G","Strike_G","Survivor","Neutralize+1","Dodge and Roll","PiercingWail","Heel Hook","Noxious Fumes+1","Escape Plan","Sucker Punch","Heel Hook","Malaise","PiercingWail","Expertise","Finisher","Envenom"],"relics":["Calling Bell","Bag of Marbles","Meat on the Bone","Calipers","Vajra","Matryoshka","Black Star"],"potions_floor_usage":[4,16,18,20],"damage_taken":[{"damage":4,"enemies":"2 Louse","floor":1,"turns":3},{"damage":11,"enemies":"Jaw Worm","floor":2,"turns":6},{"damage":3,"enemies":"Cultist","floor":4,"turns":3},{"damage":27,"enemies":"Lagavulin","floor":7,"turns":10},{"damage":6,"enemies":"Looter","floor":11,"turns":4},{"damage":4,"enemies":"Large Slime","floor":13,"turns":7},{"damage":35,"enemies":"Hexaghost","floor":16,"turns":11},{"damage":0,"enemies":"Spheric Guardian","floor":18,"turns":4},{"damage":0,"enemies":"3 Byrds","floor":19,"turns":5},{"damage":38,"enemies":"Shelled Parasite and Fungi","floor":20,"turns":12},{"damage":39,"enemies":"Book of Stabbing","floor":23,"turns":8}],"seed_played":"637251060277035263","potions_obtained":[{"floor":1,"key":"Poison Potion"},{"floor":11,"key":"Fire Potion"},{"floor":16,"key":"EssenceOfSteel"},{"floor":19,"key":"SpeedPotion"},{"floor":20,"key":"Ancient Potion"}],"is_trial":false,"path_per_floor":["M","M","?","M","$","R","E","R","T","R","M","?","M","$","R","B",null,"M","M","M","?","?","E"],"character_chosen":"THE_SILENT","items_purchased":["Noxious Fumes","LiquidBronze"],"campfire_rested":2,"item_purchase_floors":[5,14],"current_hp_per_floor":[59,48,41,38,38,59,44,44,44,44,38,38,46,46,67,44,64,64,64,38,38,38,0],"gold":92,"neow_bonus":"BOSS_RELIC","is_prod":false,"is_daily":false,"chose_seed":false,"campfire_upgraded":2,"win_rate":0,"timestamp":1546577817,"path_taken":["M","M","?","M","$","R","E","R","T","R","M","?","M","?","R","BOSS","M","?","M","?","?","E"],"build_version":"2019-01-03","purchased_purges":1,"victory":false,"max_hp_per_floor":[70,70,70,70,70,70,70,70,70,70,70,70,70,70,70,70,70,70,70,70,70,70,70],"card_choices":[{"not_picked":["Finisher","Backflip"],"picked":"Dodge and Roll","floor":1},{"not_picked":["Predator","Prepared"],"picked":"PiercingWail","floor":2},{"not_picked":["Acrobatics","Prepared"],"picked":"Heel Hook","floor":4},{"not_picked":["Poisoned Stab","Blade Dance"],"picked":"Escape Plan","floor":7},{"not_picked":["Dagger Spray","Outmaneuver"],"picked":"Sucker Punch","floor":11},{"not_picked":["Cloak And Dagger","Eviscerate"],"picked":"Heel Hook","floor":13},{"not_picked":["Die Die Die","Tools of the Trade"],"picked":"Malaise","floor":16},{"not_picked":["Sucker Punch","Quick Slash"],"picked":"PiercingWail","floor":18},{"not_picked":["Slice+1","Dagger Spray+1"],"picked":"Expertise","floor":19},{"not_picked":["Underhanded Strike","Finisher","Sucker Punch"],"picked":"SKIP","floor":20}],"player_experience":462081,"relics_obtained":[{"floor":0,"key":"Bag of Marbles"},{"floor":0,"key":"Meat on the Bone"},{"floor":0,"key":"Calipers"},{"floor":7,"key":"Vajra"},{"floor":9,"key":"Matryoshka"}],"event_choices":[{"cards_removed":["Shame"],"damage_healed":0,"gold_gain":0,"player_choice":"Card Removal","damage_taken":7,"max_hp_gain":0,"max_hp_loss":0,"event_name":"Golden Wing","floor":3,"gold_loss":0},{"cards_removed":["Regret"],"damage_healed":0,"gold_gain":0,"player_choice":"Card Removal","damage_taken":0,"max_hp_gain":0,"max_hp_loss":0,"event_name":"The Cleric","floor":12,"gold_loss":50},{"cards_removed":["Strike_G"],"damage_healed":0,"gold_gain":0,"player_choice":"Gave Gold","damage_taken":0,"max_hp_gain":0,"max_hp_loss":0,"event_name":"Beggar","floor":21,"gold_loss":75},{"damage_healed":0,"gold_gain":0,"cards_transformed":["Strike_G","Strike_G"],"player_choice":"Became Test Subject","damage_taken":0,"max_hp_gain":0,"max_hp_loss":0,"event_name":"Drug Dealer","floor":22,"gold_loss":0,"cards_obtained":["Finisher","Envenom"]}],"is_beta":false,"boss_relics":[{"not_picked":["White Beast Statue","Snecko Eye"],"picked":"Black Star"}],"items_purged_floors":[5],"is_endless":false,"potions_floor_spawned":[1,11,16,19,20],"killed_by":"Book of Stabbing","ascension_level":11}