{"gold_per_floor":[109,109,34,48,13,13,45,45,45,60,72,72,72,85,85,188,238,253,47,66,66,81,81,47,67,92,92,92,92,191,191,191,191],"floor_reached":33,"playtime":1657,"items_purged":["Strike_B","Strike_B"],"score":352,"play_id":"c28df542-2d53-4442-afec-63297585a8c2","local_time":"20181205233950","is_ascension_mode":true,"campfire_choices":[{"floor":6,"key":"REST"},{"floor":8,"key":"REST"},{"floor":12,"key":"REST"},{"floor":15,"key":"REST"},{"floor":23,"key":"REST"},{"floor":28,"key":"RECALL"},{"floor":32,"key":"REST"}],"neow_cost":"NONE","seed_source_timestamp":433214189344256,"circlet_count":0,"master_deck":["Strike_B+1","Defend_B","Defend_B+1","Defend_B","Defend_B","Zap","Dualcast","Melter","Electrodynamics+1","Creative AI","Streamline","Sunder","Consume","Necronomicurse","Sunder","Decay"],"relics":["Snecko Eye","Vajra","Anchor","Tiny House","Necronomicon","Juzu Bracelet"],"potions_floor_usage":[7,11,16,33,33],"damage_taken":[{"damage":8,"enemies":"2 Louse","floor":1,"turns":3},{"damage":4,"enemies":"Small Slimes","floor":4,"turns":4},{"damage":47,"enemies":"Lagavulin","floor":7,"turns":8},{"damage":11,"enemies":"Jaw Worm","floor":10,"turns":4},{"damage":12,"enemies":"Gremlin Gang","floor":11,"turns":6},{"damage":8,"enemies":"Blue Slaver","floor":14,"turns":3},{"damage":14,"enemies":"Slime Boss","floor":16,"turns":7},{"damage":13,"enemies":"2 Thieves","floor":18,"turns":3},{"damage":0,"enemies":"Spheric Guardian","floor":20,"turns":1},{"damage":5,"enemies":"Snecko","floor":22,"turns":3},{"damage":5,"enemies":"Centurion and Healer","floor":25,"turns":3},{"damage":79,"enemies":"Automaton","floor":33,"turns":6}],"seed_played":"-6381005032084696760","potions_obtained":[{"floor":1,"key":"Strength Potion"},{"floor":10,"key":"SpeedPotion"},{"floor":14,"key":"SpeedPotion"},{"floor":17,"key":"Dexterity Potion"},{"floor":20,"key":"FocusPotion"}],"is_trial":false,"path_per_floor":["M","?","$","M","?","R","E","R","T","M","M","R","?","M","R","B",null,"M","$","M","?","M","R","$","M","T","$","R","?","?","?","R","B"],"character_chosen":"DEFECT","items_purchased":["Sunder","Consume","Sunder"],"campfire_rested":6,"item_purchase_floors":[19,19,24],"current_hp_per_floor":[60,45,45,41,59,75,28,50,50,39,27,49,49,41,63,49,74,61,61,61,45,40,64,64,59,59,59,59,51,51,51,75,0],"gold":191,"neow_bonus":"BOSS_RELIC","is_prod":false,"is_daily":false,"chose_seed":false,"campfire_upgraded":0,"win_rate":0,"timestamp":1544053190,"path_taken":["M","?","$","M","?","R","E","R","T","M","M","R","?","M","R","BOSS","M","$","M","?","M","R","$","M","T","$","R","?","?","?","R","BOSS"],"build_version":"2018-11-15","purchased_purges":2,"victory":false,"max_hp_per_floor":[75,75,75,75,75,75,75,75,75,75,75,75,75,75,75,75,80,80,80,80,80,80,80,80,80,80,80,80,80,80,80,80,80],"card_choices":[{"not_picked":["White Noise","Ball Lightning","Stack"],"picked":"SKIP","floor":1},{"not_picked":["Recycle","Scrape","Turbo"],"picked":"SKIP","floor":4},{"not_picked":["Double Energy","Compile Driver","Beam Cell"],"picked":"SKIP","floor":7},{"not_picked":["Chaos","Redo","Gash"],"picked":"SKIP","floor":10},{"not_picked":["Barrage","Gash"],"picked":"Melter","floor":11},{"not_picked":["Turbo","Compile Driver","Scrape"],"picked":"SKIP","floor":14},{"not_picked":["Machine Learning","Multi-Cast"],"picked":"Creative AI","floor":16},{"not_picked":["Darkness","Ball Lightning"],"picked":"Streamline","floor":18},{"not_picked":["Cold Snap+1","Darkness","Compile Driver"],"picked":"SKIP","floor":20},{"not_picked":["Rebound+1","Compile Driver+1","Stack"],"picked":"SKIP","floor":22},{"not_picked":["Steam","Turbo+1","Reprogram"],"picked":"SKIP","floor":25}],"player_experience":972494,"relics_obtained":[{"floor":7,"key":"Vajra"},{"floor":9,"key":"Anchor"},{"floor":21,"key":"Necronomicon"},{"floor":26,"key":"Juzu Bracelet"}],"event_choices":[{"damage_healed":0,"gold_gain":0,"player_choice":"Entered Light","damage_taken":15,"max_hp_gain":0,"max_hp_loss":0,"event_name":"Shining Light","floor":2,"gold_loss":0,"cards_upgraded":["Defend_B","Strike_B"]},{"damage_healed":18,"gold_gain":0,"player_choice":"Healed","damage_taken":0,"max_hp_gain":0,"max_hp_loss":0,"event_name":"The Cleric","floor":5,"gold_loss":35},{"damage_healed":0,"gold_gain":0,"cards_transformed":["Strike_B"],"player_choice":"Change","damage_taken":0,"max_hp_gain":0,"max_hp_loss":0,"event_name":"Living Wall","floor":13,"gold_loss":0,"cards_obtained":["Electrodynamics"]},{"damage_healed":0,"gold_gain":0,"player_choice":"Obtained Book","damage_taken":16,"max_hp_gain":0,"max_hp_loss":0,"event_name":"Cursed Tome","floor":21,"gold_loss":0},{"damage_healed":0,"gold_gain":0,"player_choice":"","damage_taken":8,"max_hp_gain":0,"max_hp_loss":0,"event_name":"Knowing Skull","floor":29,"potions_obtained":[],"gold_loss":0,"cards_obtained":[]},{"damage_healed":0,"gold_gain":99,"player_choice":"Stole From Cult","damage_taken":0,"max_hp_gain":0,"max_hp_loss":0,"event_name":"Nest","floor":30,"gold_loss":0},{"damage_healed":0,"gold_gain":0,"player_choice":"Smashed Altar","damage_taken":0,"max_hp_gain":0,"max_hp_loss":0,"event_name":"Forgotten Altar","floor":31,"gold_loss":0,"cards_obtained":["Decay"]}],"is_beta":false,"boss_relics":[{"not_picked":["Eternal Feather","Philosopher\u0027s Stone"],"picked":"Tiny House"}],"items_purged_floors":[3,19],"is_endless":false,"potions_floor_spawned":[1,10,14,20],"killed_by":"Automaton","ascension_level":9}