{"gold_per_floor":[99,99,29,29,29,29,29,29,29,29,29,29,29,29,29,29,29,29,29,29,29,29,29,29],"floor_reached":24,"playtime":866,"items_purged":[],"score":412,"play_id":"836b4605-464d-4c20-becc-f75494ed893c","local_time":"20190116180328","is_ascension_mode":true,"campfire_choices":[{"floor":11.0,"key":"REST"},{"floor":13.0,"key":"REST"},{"data":"Zap","floor":15.0,"key":"SMITH"}],"neow_cost":"NONE","seed_source_timestamp":234130207561028,"circlet_count":0,"master_deck":["Strike_B","Strike_B","Strike_B","Strike_B","Defend_B","Defend_B","Defend_B","Defend_B+1","Zap+1","Dualcast","Gash","Cold Snap","Defragment","Streamline","Good Instincts+1","Loop","All For One+1","Defragment","Gash+1","Ball Lightning+1","Echo Form","FTL+1","RitualDagger+1","Go for the Eyes+1"],"special_seed":0,"relics":["Ectoplasm","Bottled Flame","Molten Egg 2","Ice Cream","Dead Branch","Oddly Smooth Stone","Sozu","War Paint"],"potions_floor_usage":[23],"damage_taken":[{"damage":0.0,"enemies":"Cultist","floor":1.0,"turns":4.0},{"damage":0.0,"enemies":"Small Slimes","floor":2.0,"turns":3.0},{"damage":12.0,"enemies":"2 Louse","floor":4.0,"turns":3.0},{"damage":13.0,"enemies":"Lagavulin","floor":6.0,"turns":7.0},{"damage":1.0,"enemies":"Exordium Wildlife","floor":7.0,"turns":5.0},{"damage":30.0,"enemies":"3 Sentries","floor":8.0,"turns":9.0},{"damage":8.0,"enemies":"Lagavulin","floor":10.0,"turns":6.0},{"damage":36.0,"enemies":"Gremlin Nob","floor":12.0,"turns":5.0},{"damage":0.0,"enemies":"Lots of Slimes","floor":14.0,"turns":3.0},{"damage":0.0,"enemies":"Slime Boss","floor":16.0,"turns":7.0},{"damage":0.0,"enemies":"Spheric Guardian","floor":18.0,"turns":3.0},{"damage":27,"enemies":"Shell Parasite","floor":20,"turns":3},{"damage":26,"enemies":"Slavers","floor":23,"turns":4},{"damage":6,"enemies":"3 Cultists","floor":24,"turns":2}],"seed_played":"-5670122327022748442","potions_obtained":[{"floor":1.0,"key":"Regen Potion"},{"floor":2.0,"key":"FearPotion"},{"floor":4.0,"key":"FearPotion"},{"floor":10.0,"key":"Poison Potion"},{"floor":12.0,"key":"PowerPotion"}],"is_trial":false,"path_per_floor":["M","M","$","M","?","E","M","E","T","E","R","E","R","M","R","B",null,"M","?","M","?","$","E","M"],"character_chosen":"DEFECT","items_purchased":["Defragment"],"campfire_rested":2,"item_purchase_floors":[3],"current_hp_per_floor":[68,68,68,56,56,58,57,27,27,19,41,5,27,27,27,27,63,63,57,30,30,30,4,0],"gold":29,"neow_bonus":"BOSS_RELIC","is_prod":false,"is_daily":false,"chose_seed":false,"campfire_upgraded":1,"win_rate":0,"timestamp":1547683408,"path_taken":["M","M","?","M","?","E","?","E","T","E","R","E","R","?","R","BOSS","M","?","M","?","?","E","?"],"build_version":"2019-01-10","purchased_purges":0,"victory":false,"max_hp_per_floor":[75,75,75,75,75,75,75,75,75,75,75,75,75,75,75,75,75,75,75,75,75,75,75,75],"card_choices":[{"not_picked":["Genetic Algorithm","Tempest"],"picked":"Gash","floor":1.0},{"not_picked":["Hello World","Beam Cell"],"picked":"Cold Snap","floor":2.0},{"not_picked":["Recycle","Sweeping Beam"],"picked":"Streamline","floor":4.0},{"not_picked":["Barrage","Turbo"],"picked":"Loop","floor":6.0},{"not_picked":["Turbo","Lockon","Capacitor"],"picked":"SKIP","floor":7.0},{"not_picked":["Capacitor","Reprogram"],"picked":"All For One","floor":8.0},{"not_picked":["Redo","Steam Power"],"picked":"Defragment","floor":10.0},{"not_picked":["Self Repair","Reinforced Body"],"picked":"Gash+1","floor":12.0},{"not_picked":["Beam Cell+1","Conserve Battery"],"picked":"Ball Lightning+1","floor":14.0},{"not_picked":["Seek","Creative AI"],"picked":"Echo Form","floor":16.0},{"not_picked":["Sweeping Beam+1","Barrage+1"],"picked":"FTL+1","floor":18.0},{"not_picked":["Turbo","Sunder+1","Fusion"],"picked":"SKIP","floor":20},{"not_picked":["Undo","Darkness+1"],"picked":"Go for the Eyes+1","floor":23}],"player_experience":175855,"relics_obtained":[{"floor":6.0,"key":"Bottled Flame"},{"floor":8.0,"key":"Molten Egg 2"},{"floor":9.0,"key":"Ice Cream"},{"floor":10.0,"key":"Dead Branch"},{"floor":12.0,"key":"Oddly Smooth Stone"},{"floor":23,"key":"War Paint"}],"event_choices":[{"damage_healed":0.0,"max_hp_gain":0.0,"max_hp_loss":0.0,"gold_gain":0.0,"event_name":"Match and Keep!","player_choice":"1 cards matched","floor":5.0,"gold_loss":0.0,"damage_taken":0.0,"cards_obtained":["Good Instincts"]},{"damage_healed":0,"gold_gain":0,"player_choice":"Joined the Cult","damage_taken":6,"max_hp_gain":0,"max_hp_loss":0,"event_name":"Nest","floor":19,"gold_loss":0,"cards_obtained":["RitualDagger"]},{"damage_healed":0,"gold_gain":0,"player_choice":"Ignored","damage_taken":0,"max_hp_gain":0,"max_hp_loss":0,"event_name":"The Mausoleum","floor":21,"gold_loss":0}],"is_beta":false,"boss_relics":[{"not_picked":["Calling Bell","Lizard Tail"],"picked":"Sozu"}],"items_purged_floors":[],"is_endless":false,"potions_floor_spawned":[1,2,4,10,12,18],"killed_by":"3 Cultists","ascension_level":8}