{"gold_per_floor":[117,117,217,234,254,254,289,289,289,320,320,320,336,361,361,481,481,494,518,531,531,456,456,456,169,250,97,97,133,133,157,157,280,280,304,317,42,0,24,24,55,55,55,388,398,411,411,411,411,411],"floor_reached":51,"playtime":4322,"items_purged":["Writhe","Strike_B","Defend_B"],"score":978,"play_id":"93f7e2de-aeb4-4493-b46d-be0ba4bc64be","local_time":"20180626001332","is_ascension_mode":false,"campfire_choices":[{"data":"Zap","floor":6,"key":"SMITH"},{"floor":8,"key":"REST"},{"floor":12,"key":"REST"},{"data":"Machine Learning","floor":15,"key":"SMITH"},{"data":"Scrape","floor":23,"key":"SMITH"},{"data":"Hologram","floor":28,"key":"SMITH"},{"data":"Secret Weapon","floor":30,"key":"SMITH"},{"floor":32,"key":"REST"},{"data":"Machine Learning","floor":40,"key":"SMITH"},{"data":"Scrape","floor":42,"key":"SMITH"},{"floor":49,"key":"REST"}],"neow_cost":"NONE","seed_source_timestamp":665276755562627,"circlet_count":0,"master_deck":["Defend_B+1","Defend_B","Defend_B","Zap+1","Dualcast+1","Gash","Scrape+1","FTL","Go for the Eyes","Chill","Go for the Eyes","Machine Learning+1","Buffer","Beam Cell","Steam","Steam","Secret Weapon+1","Hologram+1","Gash+1","Skim","Skim","Seek","Beam Cell+1","Machine Learning+1","Reinforced Body+1","Scrape+1","Go for the Eyes+1","Secret Technique","Mind Blast","Panache"],"relics":["Cracked Core","War Paint","Calipers","Regal Pillow","Ginger","Oddly Smooth Stone","Sozu","Happy Flower","Dream Catcher","Kunai","Lantern","Empty Cage","Red Mask","Bronze Scales","Vajra","Ice Cream"],"potions_floor_usage":[16,18,20],"damage_taken":[{"damage":0,"enemies":"Small Slimes","floor":1,"turns":2},{"damage":6,"enemies":"2 Louse","floor":4,"turns":4},{"damage":1,"enemies":"Jaw Worm","floor":5,"turns":3},{"damage":18,"enemies":"Lagavulin","floor":7,"turns":5},{"damage":6,"enemies":"3 Sentries","floor":10,"turns":6},{"damage":2,"enemies":"3 Louse","floor":13,"turns":2},{"damage":7,"enemies":"Red Slaver","floor":14,"turns":3},{"damage":10,"enemies":"Slime Boss","floor":16,"turns":8},{"damage":0,"enemies":"Spheric Guardian","floor":18,"turns":3},{"damage":0,"enemies":"Chosen","floor":19,"turns":4},{"damage":16,"enemies":"Centurion and Healer","floor":20,"turns":6},{"damage":16,"enemies":"Slavers","floor":29,"turns":7},{"damage":0,"enemies":"3 Cultists","floor":31,"turns":6},{"damage":0,"enemies":"Champ","floor":33,"turns":11},{"damage":7,"enemies":"3 Shapes","floor":35,"turns":4},{"damage":0,"enemies":"Orb Walker","floor":36,"turns":3},{"damage":0,"enemies":"3 Darklings","floor":39,"turns":4},{"damage":2,"enemies":"Nemesis","floor":41,"turns":7},{"damage":0,"enemies":"4 Shapes","floor":45,"turns":5},{"damage":10,"enemies":"Sphere and 2 Shapes","floor":46,"turns":4},{"damage":0,"floor":47,"turns":5},{"damage":7,"enemies":"Awakened One","floor":50,"turns":8}],"seed_played":"3406011496922380556","potions_obtained":[{"floor":1,"key":"Fire Potion"},{"floor":10,"key":"Strength Potion"},{"floor":13,"key":"EntropicBrew"}],"is_trial":false,"path_per_floor":["M","?","?","M","M","R","E","R","T","E","?","R","M","M","R","B",null,"M","M","M","?","?","R","?","$","T","$","R","E","R","M","R","B",null,"M","M","$","?","M","R","E","R","T","?","M","M","?","?","R","B"],"character_chosen":"DEFECT","items_purchased":["Secret Weapon","Hologram","Machine Learning"],"campfire_rested":4,"item_purchase_floors":[25,27,37],"current_hp_per_floor":[75,50,50,44,43,43,25,62,62,56,38,75,73,66,66,56,75,75,75,59,59,59,59,59,59,59,59,59,43,43,43,75,75,75,68,68,68,68,68,68,66,66,66,66,66,56,56,46,75,68],"gold":411,"neow_bonus":"RANDOM_COMMON_RELIC","is_prod":false,"is_daily":false,"chose_seed":false,"campfire_upgraded":7,"win_rate":0.0,"timestamp":1529986412,"path_taken":["M","?","?","M","M","R","E","R","T","E","?","R","M","M","R","BOSS","M","M","M","?","?","R","?","$","T","?","R","E","R","M","R","BOSS","M","M","$","?","M","R","E","R","T","?","M","M","?","?","R","BOSS"],"build_version":"2018-06-21v2","purchased_purges":3,"victory":true,"max_hp_per_floor":[75,75,75,75,75,75,75,75,75,75,75,75,75,75,75,75,75,75,75,75,75,75,75,75,75,75,75,75,75,75,75,75,75,75,75,75,75,75,75,75,75,75,75,75,75,75,75,75,75,75],"card_choices":[{"not_picked":["Scrape","Blizzard"],"picked":"Gash","floor":1},{"not_picked":["Conserve Battery","Defragment"],"picked":"Scrape","floor":4},{"not_picked":["Barrage","Conserve Battery"],"picked":"FTL","floor":5},{"not_picked":["Darkness","Cold Snap"],"picked":"Go for the Eyes","floor":7},{"not_picked":["Hologram","Self Repair"],"picked":"Chill","floor":10},{"not_picked":["Ball Lightning","Compile Driver"],"picked":"Go for the Eyes","floor":13},{"not_picked":["Tempest","FTL"],"picked":"Machine Learning","floor":14},{"not_picked":["Machine Learning","Amplify"],"picked":"Buffer","floor":16},{"not_picked":["Blizzard","Stack"],"picked":"Beam Cell","floor":18},{"not_picked":["Undo","Consume+1"],"picked":"Steam","floor":19},{"not_picked":["Coolheaded","Barrage"],"picked":"Steam","floor":20},{"not_picked":["Beam Cell","Genetic Algorithm"],"picked":"Gash+1","floor":29},{"not_picked":["Reinforced Body","Lockon"],"picked":"Skim","floor":31},{"not_picked":["Leap","Ball Lightning"],"picked":"Skim","floor":32},{"not_picked":["Amplify","Electrodynamics"],"picked":"Seek","floor":33},{"not_picked":["Reprogram+1","Compile Driver+1"],"picked":"Beam Cell+1","floor":35},{"not_picked":["Conserve Battery+1","Lockon","Barrage+1"],"picked":"SKIP","floor":36},{"not_picked":["Compile Driver+1","Go for the Eyes+1"],"picked":"Reinforced Body+1","floor":39},{"not_picked":["Steam Power+1","Cold Snap+1"],"picked":"Scrape","floor":41},{"not_picked":["Conserve Battery","Redo+1"],"picked":"Go for the Eyes+1","floor":45},{"not_picked":["Genetic Algorithm+1","Lockon","Buffer"],"picked":"SKIP","floor":46},{"not_picked":["Jack Of All Trades","Good Instincts"],"picked":"Secret Technique","floor":48},{"not_picked":["Thinking Ahead","Jack Of All Trades"],"picked":"Mind Blast","floor":48},{"not_picked":["Jack Of All Trades","Enlightenment"],"picked":"Panache","floor":48}],"player_experience":15697,"relics_obtained":[{"floor":7,"key":"Regal Pillow"},{"floor":9,"key":"Ginger"},{"floor":10,"key":"Oddly Smooth Stone"},{"floor":26,"key":"Kunai"},{"floor":29,"key":"Lantern"},{"floor":41,"key":"Bronze Scales"},{"floor":43,"key":"Vajra"},{"floor":47,"key":"Ice Cream"}],"event_choices":[{"event_name":"Scrap Ooze","player_choice":"success","floor":2,"damage_taken":25},{"event_name":"Golden Shrine","player_choice":"Pray","floor":3,"damage_taken":0},{"event_name":"Golden Idol","player_choice":"Take Damage","floor":11,"damage_taken":0},{"event_name":"Wheel of Change","player_choice":"Relic","floor":21,"damage_taken":0},{"event_name":"Beggar","player_choice":"Gave Gold","floor":22,"damage_taken":0},{"event_name":"The Mausoleum","player_choice":"Yes","floor":24,"damage_taken":0},{"event_name":"Tomb of Lord Red Mask","player_choice":"Paid","floor":38,"damage_taken":0},{"event_name":"The Moai Head","player_choice":"Gave Idol","floor":44,"damage_taken":0},{"event_name":"MindBloom","player_choice":"Fight","floor":47,"damage_taken":0},{"event_name":"SensoryStone","player_choice":"Memory 3","floor":48,"damage_taken":0}],"boss_relics":[{"not_picked":["Busted Crown","Tiny House"],"picked":"Sozu"},{"not_picked":["White Beast Statue","Calling Bell"],"picked":"Empty Cage"}],"items_purged_floors":[25,27,37],"is_endless":false,"potions_floor_spawned":[1,10,13,18,33,45,46],"ascension_level":0}