{"gold_per_floor":[111,123,123,133,133,167,183,193,217,244,71,71,71,101,101,198,198,213,213,213],"floor_reached":20,"playtime":2839,"items_purged":[],"score":182,"play_id":"1335a15c-dbd2-4d8b-bbad-b68b5c79d6a6","local_time":"20190208011823","is_ascension_mode":false,"campfire_choices":[{"floor":15,"key":"REST"}],"neow_cost":"NONE","seed_source_timestamp":42123961925068,"circlet_count":0,"master_deck":["Strike_R","Strike_R","Strike_R","Strike_R","Strike_R","Defend_R","Defend_R","Defend_R","Defend_R","Bash","Armaments","Double Tap","Metallicize","Searing Blow","Inflame+1","Inflame+1","Barricade+1","Metamorphosis","Limit Break","Body Slam+1"],"relics":["Burning Blood","Frozen Egg 2","Bag of Preparation","Potion Belt","Lantern","Tiny Chest","Empty Cage"],"potions_floor_usage":[],"damage_taken":[{"damage":10,"enemies":"Cultist","floor":1,"turns":4},{"damage":5,"enemies":"Jaw Worm","floor":2,"turns":5},{"damage":0,"enemies":"Small Slimes","floor":4,"turns":3},{"damage":56,"enemies":"Lagavulin","floor":6,"turns":13},{"damage":7,"enemies":"Exordium Wildlife","floor":7,"turns":6},{"damage":8,"enemies":"2 Fungi Beasts","floor":8,"turns":4},{"damage":31,"enemies":"3 Sentries","floor":10,"turns":11},{"damage":34,"enemies":"Hexaghost","floor":16,"turns":8},{"damage":41,"enemies":"2 Thieves","floor":18,"turns":4},{"damage":50,"enemies":"3 Byrds","floor":20,"turns":5}],"seed_played":"3899222935845084834","potions_obtained":[{"floor":4,"key":"Strength Potion"},{"floor":7,"key":"Swift Potion"},{"floor":10,"key":"Explosive Potion"},{"floor":16,"key":"Explosive Potion"}],"is_trial":false,"path_per_floor":["M","M","$","M","$","E","M","M","T","E","$","?","?","?","R","B",null,"M","?","M"],"character_chosen":"IRONCLAD","items_purchased":["Metamorphosis"],"campfire_rested":1,"item_purchase_floors":[11],"current_hp_per_floor":[84,85,85,88,88,38,37,35,35,10,10,3,25,25,51,23,85,50,50,0],"gold":213,"neow_bonus":"TEN_PERCENT_HP_BONUS","is_prod":false,"is_daily":false,"chose_seed":false,"campfire_upgraded":0,"win_rate":0.0,"timestamp":1549585103,"path_taken":["M","?","$","M","$","E","M","M","T","E","$","?","?","?","R","BOSS","M","?","M"],"build_version":"2019-01-23","purchased_purges":0,"victory":false,"max_hp_per_floor":[88,88,88,88,88,88,88,88,88,88,88,88,88,88,88,88,85,85,85,85],"card_choices":[{"not_picked":["Iron Wave","Body Slam"],"picked":"Armaments","floor":1},{"not_picked":["Entrench","Armaments"],"picked":"Double Tap","floor":2},{"not_picked":["Seeing Red","Clash"],"picked":"Metallicize","floor":4},{"not_picked":["Pommel Strike","Cleave"],"picked":"Searing Blow","floor":6},{"not_picked":["Iron Wave","Armaments"],"picked":"Inflame+1","floor":7},{"not_picked":["Sword Boomerang","Headbutt"],"picked":"Inflame+1","floor":8},{"not_picked":["Clothesline","Pommel Strike"],"picked":"Barricade+1","floor":10},{"not_picked":["Offering","Immolate"],"picked":"Limit Break","floor":16},{"not_picked":["Twin Strike+1","Wild Strike"],"picked":"Body Slam+1","floor":18}],"player_experience":34767,"relics_obtained":[{"floor":6,"key":"Frozen Egg 2"},{"floor":9,"key":"Bag of Preparation"},{"floor":10,"key":"Potion Belt"}],"event_choices":[{"damage_healed":0,"gold_gain":0,"player_choice":"Success","damage_taken":7,"relics_obtained":["Lantern"],"max_hp_gain":0,"max_hp_loss":0,"event_name":"Scrap Ooze","floor":12,"gold_loss":0},{"damage_healed":22,"gold_gain":0,"player_choice":"Healed and dodged fight","damage_taken":0,"max_hp_gain":0,"max_hp_loss":0,"event_name":"Mushrooms","floor":13,"gold_loss":0,"cards_obtained":["Parasite"]},{"damage_healed":0,"gold_gain":0,"player_choice":"Box","damage_taken":0,"relics_obtained":["Tiny Chest"],"max_hp_gain":0,"max_hp_loss":0,"event_name":"Big Fish","floor":14,"gold_loss":0,"cards_obtained":["Regret"]},{"damage_healed":0,"gold_gain":0,"player_choice":"Ignored","damage_taken":0,"max_hp_gain":0,"max_hp_loss":0,"event_name":"Vampires","floor":19,"gold_loss":0}],"is_beta":false,"boss_relics":[{"not_picked":["Ectoplasm","Runic Pyramid"],"picked":"Empty Cage"}],"items_purged_floors":[],"is_endless":false,"potions_floor_spawned":[4,7,10,16],"killed_by":"3 Byrds","ascension_level":0}