{"gold_per_floor":[114,114,114,133,145,172,186,35,61,61,87,87,87,103,103,203,203,217,217,299,199,219,144,144,158,184,115,115,30,30,64,64,168,168,184,184,33,51,51,51,66,94,94,104,132,132,157,185,185,185,185,185,35,35],"floor_reached":54,"playtime":5906,"items_purged":["Strike_R","Strike_R"],"score":886,"play_id":"0450cb71-e529-41e9-8552-b31112076eff","local_time":"20190207112122","is_ascension_mode":true,"campfire_choices":[{"data":"Demon Form","floor":10.0,"key":"SMITH"},{"floor":12.0,"key":"REST"},{"floor":15.0,"key":"REST"},{"floor":28.0,"key":"REST"},{"floor":32.0,"key":"REST"},{"floor":40.0,"key":"RECALL"},{"floor":46.0,"key":"REST"},{"floor":49,"key":"REST"},{"data":"Armaments","floor":52,"key":"SMITH"}],"neow_cost":"NONE","seed_source_timestamp":0,"circlet_count":0,"master_deck":["Strike_R","Strike_R","Defend_R","Defend_R","Bash","Flex","Twin Strike","Demon Form+1","Heavy Blade","Clothesline","Evolve","Reaper","True Grit","Reaper","Ghostly Armor","Armaments+1","Metallicize","Metallicize","Double Tap","Panacea","Cleave","Ghostly Armor+1","Sword Boomerang+1","Dropkick+1"],"special_seed":0,"relics":["Burning Blood","NeowsBlessing","Art of War","Vajra","Bronze Scales","Velvet Choker","Gremlin Horn","Omamori","Letter Opener","Centennial Puzzle","Cursed Key","Happy Flower","Pantograph","Molten Egg 2","Boot","Ginger","Orichalcum"],"potions_floor_usage":[54],"damage_taken":[{"damage":0.0,"enemies":"Cultist","floor":1.0,"turns":1.0},{"damage":0.0,"enemies":"Small Slimes","floor":4.0,"turns":1.0},{"damage":0.0,"enemies":"2 Louse","floor":5.0,"turns":1.0},{"damage":35.0,"enemies":"Lagavulin","floor":6.0,"turns":6.0},{"damage":7.0,"enemies":"Exordium Wildlife","floor":7.0,"turns":4.0},{"damage":35.0,"enemies":"3 Sentries","floor":11.0,"turns":6.0},{"damage":28.0,"enemies":"Exordium Thugs","floor":14.0,"turns":3.0},{"damage":18.0,"enemies":"Slime Boss","floor":16.0,"turns":8.0},{"damage":17.0,"enemies":"Chosen","floor":18.0,"turns":4.0},{"damage":34.0,"enemies":"Colosseum Slavers","floor":19.0,"turns":3.0},{"damage":29.0,"enemies":"2 Thieves","floor":22.0,"turns":5.0},{"damage":20.0,"enemies":"Snake Plant","floor":25.0,"turns":4.0},{"damage":54.0,"enemies":"Gremlin Leader","floor":31.0,"turns":5.0},{"damage":43.0,"enemies":"Collector","floor":33.0,"turns":9.0},{"damage":36.0,"enemies":"3 Darklings","floor":35.0,"turns":5.0},{"damage":8.0,"enemies":"3 Shapes","floor":38.0,"turns":7.0},{"damage":45.0,"enemies":"Maw","floor":41.0,"turns":7.0},{"damage":67.0,"enemies":"Nemesis","floor":42.0,"turns":7.0},{"damage":35.0,"enemies":"Transient","floor":44.0,"turns":5.0},{"damage":54.0,"enemies":"Reptomancer","floor":45.0,"turns":6.0},{"damage":29.0,"enemies":"Nemesis","floor":48.0,"turns":7.0},{"damage":111,"enemies":"Awakened One","floor":50,"turns":10},{"damage":114,"enemies":"Shield and Spear","floor":54,"turns":3}],"seed_played":"-8883954884610994945","potions_obtained":[{"floor":4.0,"key":"SkillPotion"},{"floor":5.0,"key":"PowerPotion"},{"floor":7.0,"key":"EssenceOfSteel"},{"floor":39.0,"key":"Dexterity Potion"},{"floor":45.0,"key":"Ancient Potion"},{"floor":48.0,"key":"Poison Potion"}],"is_trial":false,"path_per_floor":["M","?","?","M","M","E","M","$","T","R","E","R","?","M","R","B",null,"M","?","T","$","M","?","?","M","T","$","R","?","$","E","R","B",null,"M","?","$","M","?","R","M","E","T","M","E","R","T","E","R","B",null,"R","$","E"],"character_chosen":"IRONCLAD","items_purchased":["Evolve","Metallicize","Happy Flower","Orichalcum"],"campfire_rested":6,"item_purchase_floors":[8,27,37,53],"current_hp_per_floor":[80,85,85,85,85,56,55,55,55,55,26,51,44,22,47,59,85,81,73,73,73,65,65,49,39,39,39,66,66,66,40,67,65,90,90,90,90,90,90,90,71,41,41,12,13,40,40,29,56,9,90,90,90,0],"gold":35,"neow_bonus":"THREE_ENEMY_KILL","is_prod":false,"is_daily":false,"chose_seed":false,"campfire_upgraded":2,"win_rate":0,"timestamp":1549534882,"path_taken":["M","?","?","?","?","E","M","$","T","R","E","R","?","M","R","BOSS","M","?","?","$","M","?","?","M","T","?","R","?","?","E","R","BOSS","M","?","$","M","?","R","?","E","T","M","E","R","?","E","R","BOSS","R","$","E"],"build_version":"2019-01-23","purchased_purges":2,"victory":false,"max_hp_per_floor":[80,85,85,85,85,85,85,85,85,85,85,85,85,85,85,85,85,85,85,85,85,85,85,90,90,90,90,90,90,90,90,90,90,90,90,90,90,90,90,90,90,90,90,90,90,90,90,90,90,90,90,90,90,90],"card_choices":[{"not_picked":["Twin Strike","Dual Wield"],"picked":"Flex","floor":1.0},{"not_picked":["Pommel Strike","Thunderclap"],"picked":"Twin Strike","floor":4.0},{"not_picked":["Clash","Reckless Charge"],"picked":"Demon Form","floor":5.0},{"not_picked":["Wild Strike","Juggernaut"],"picked":"Heavy Blade","floor":6.0},{"not_picked":["Flex","Heavy Blade"],"picked":"Clothesline","floor":7.0},{"not_picked":["Shrug It Off","Rage"],"picked":"Reaper","floor":11.0},{"not_picked":["Entrench","Ghostly Armor"],"picked":"True Grit","floor":14.0},{"not_picked":["Fiend Fire","Juggernaut"],"picked":"Reaper","floor":16.0},{"not_picked":["Corruption+1","Thunderclap"],"picked":"Ghostly Armor","floor":18.0},{"not_picked":["Anger","Searing Blow"],"picked":"Armaments","floor":22.0},{"not_picked":["Blood for Blood+1","Perfected Strike+1","Feel No Pain"],"picked":"SKIP","floor":25.0},{"not_picked":["Pommel Strike","Clothesline"],"picked":"Metallicize","floor":31.0},{"not_picked":["Impervious","Immolate"],"picked":"Double Tap","floor":33.0},{"not_picked":["Flame Barrier","Havoc","Anger"],"picked":"SKIP","floor":35.0},{"not_picked":["Panache","Forethought"],"picked":"Panacea","floor":36.0},{"not_picked":["Perfected Strike+1","Iron Wave","Uppercut+1"],"picked":"SKIP","floor":38.0},{"not_picked":["Wild Strike+1","Inflame+1"],"picked":"Cleave","floor":41.0},{"not_picked":["Inflame","Flex+1","Limit Break"],"picked":"SKIP","floor":42.0},{"not_picked":["True Grit","Shrug It Off+1"],"picked":"Ghostly Armor+1","floor":44.0},{"not_picked":["Perfected Strike","Armaments+1"],"picked":"Sword Boomerang+1","floor":45.0},{"not_picked":["Body Slam+1","True Grit"],"picked":"Dropkick+1","floor":48.0}],"player_experience":260415,"relics_obtained":[{"floor":6.0,"key":"Art of War"},{"floor":9.0,"key":"Vajra"},{"floor":11.0,"key":"Bronze Scales"},{"floor":20.0,"key":"Gremlin Horn"},{"floor":26.0,"key":"Omamori"},{"floor":31.0,"key":"Centennial Puzzle"},{"floor":42.0,"key":"Pantograph"},{"floor":45.0,"key":"Molten Egg 2"},{"floor":47.0,"key":"Boot"},{"floor":48.0,"key":"Ginger"}],"event_choices":[{"damage_healed":0.0,"max_hp_gain":5.0,"max_hp_loss":0.0,"gold_gain":0.0,"event_name":"Big Fish","player_choice":"Donut","floor":2.0,"gold_loss":0.0,"damage_taken":0.0},{"cards_removed":["Defend_R"],"damage_healed":0.0,"max_hp_gain":0.0,"max_hp_loss":0.0,"gold_gain":0.0,"event_name":"Purifier","player_choice":"Purged","floor":3.0,"gold_loss":0.0,"damage_taken":0.0},{"cards_removed":["Strike_R"],"damage_healed":0.0,"max_hp_gain":0.0,"max_hp_loss":0.0,"gold_gain":0.0,"event_name":"Golden Wing","player_choice":"Card Removal","floor":13.0,"gold_loss":0.0,"damage_taken":7.0},{"damage_healed":0.0,"max_hp_gain":0.0,"max_hp_loss":0.0,"gold_gain":0.0,"event_name":"Colosseum","player_choice":"Fight","floor":19.0,"gold_loss":0.0,"damage_taken":0.0},{"damage_healed":0.0,"max_hp_gain":0.0,"max_hp_loss":0.0,"gold_gain":0.0,"event_name":"Colosseum","player_choice":"Fled From Nobs","floor":19.0,"gold_loss":0.0,"damage_taken":0.0},{"cards_removed":["Defend_R"],"damage_healed":0.0,"max_hp_gain":0.0,"max_hp_loss":0.0,"gold_gain":0.0,"event_name":"Beggar","player_choice":"Gave Gold","floor":23.0,"gold_loss":75.0,"damage_taken":0.0},{"damage_healed":0.0,"max_hp_gain":5.0,"max_hp_loss":0.0,"gold_gain":0.0,"event_name":"Forgotten Altar","player_choice":"Shed Blood","floor":24.0,"gold_loss":0.0,"damage_taken":21.0},{"damage_healed":0.0,"max_hp_gain":0.0,"max_hp_loss":0.0,"gold_gain":0.0,"event_name":"Addict","player_choice":"Obtained Relic","floor":29.0,"gold_loss":85.0,"damage_taken":0.0,"relics_obtained":["Letter Opener"]},{"damage_healed":0.0,"max_hp_gain":0.0,"max_hp_loss":0.0,"gold_gain":0.0,"event_name":"SensoryStone","player_choice":"Memory 1","floor":36.0,"gold_loss":0.0,"damage_taken":0.0},{"damage_healed":0.0,"max_hp_gain":0.0,"max_hp_loss":0.0,"gold_gain":0.0,"event_name":"Lab","player_choice":"Got Potions","floor":39.0,"gold_loss":0.0,"damage_taken":0.0}],"is_beta":false,"boss_relics":[{"not_picked":["Black Star","Black Blood"],"picked":"Velvet Choker"},{"not_picked":["Runic Dome","Lizard Tail"],"picked":"Cursed Key"}],"items_purged_floors":[8,21],"is_endless":false,"potions_floor_spawned":[4,5,7,14,22,25,33,38,45,48],"killed_by":"Shield and Spear","ascension_level":3}