{"gold_per_floor":[119,194,207,382,61,95,95,127,127,144,159,189,114,147,147,244,244,258,6,6,19,0,27,27,55,55,66,66,84,84,101,101,201,201,219,219,219,231,242,242,274,274,297,307,325,339,374,120,120,120,120,120,120,147,147],"floor_reached":56,"playtime":4297,"items_purged":["Doubt","Strike_R"],"score":1450,"play_id":"d16035a2-c981-446b-814a-7ce05fb8c1d4","local_time":"20190210131251","is_ascension_mode":true,"campfire_choices":[{"data":"1","floor":7,"key":"LIFT"},{"data":"2","floor":15,"key":"LIFT"},{"data":"3","floor":24,"key":"LIFT"},{"floor":28,"key":"DIG"},{"floor":32,"key":"DIG"},{"data":"Apotheosis","floor":40,"key":"SMITH"},{"floor":42,"key":"DIG"},{"floor":49,"key":"RECALL"},{"floor":52,"key":"DIG"}],"neow_cost":"NONE","seed_source_timestamp":588095916546468,"circlet_count":0,"master_deck":["Strike_R","Strike_R","Strike_R","Strike_R","Defend_R","Defend_R","Defend_R","Defend_R","Bash","Infernal Blade","Combust","Sentinel","Pummel","Ghostly Armor","Shrug It Off","Feel No Pain","Seeing Red","Juggernaut","Reaper","Flex","Dual Wield","Metallicize","Pummel","Offering","Disarm","Reaper","Thunderclap+1","J.A.X.","Impervious","Demon Form","Pummel+1","Inflame+1","Apotheosis+1","Mayhem","True Grit","Sword Boomerang+1","Flame Barrier+1","True Grit+1","Limit Break"],"relics":["Burning Blood","NeowsBlessing","Meat on the Bone","Girya","Centennial Puzzle","Prayer Wheel","Pantograph","Dream Catcher","Mark of Pain","PreservedInsect","Question Card","Singing Bowl","Shovel","Vajra","Bottled Flame","Coffee Dripper","Boot","Mummified Hand","Champion Belt","Blue Candle","Orichalcum"],"potions_floor_usage":[16,23,55,55,55],"damage_taken":[{"damage":0,"enemies":"Small Slimes","floor":1,"turns":2},{"damage":0,"enemies":"Jaw Worm","floor":3,"turns":1},{"damage":0,"enemies":"3 Sentries","floor":6,"turns":2},{"damage":45,"enemies":"Lagavulin","floor":8,"turns":7},{"damage":4,"enemies":"2 Louse","floor":10,"turns":2},{"damage":8,"enemies":"Blue Slaver","floor":11,"turns":4},{"damage":14,"enemies":"3 Sentries","floor":12,"turns":12},{"damage":12,"enemies":"Lagavulin","floor":14,"turns":6},{"damage":46,"enemies":"Hexaghost","floor":16,"turns":10},{"damage":27,"enemies":"3 Byrds","floor":18,"turns":4},{"damage":26,"enemies":"Spheric Guardian","floor":21,"turns":5},{"damage":20,"enemies":"Slavers","floor":23,"turns":4},{"damage":15,"enemies":"Gremlin Leader","floor":25,"turns":4},{"damage":38,"enemies":"Centurion and Healer","floor":27,"turns":6},{"damage":27,"enemies":"Chosen and Byrds","floor":29,"turns":4},{"damage":20,"enemies":"Cultist and Chosen","floor":31,"turns":4},{"damage":85,"enemies":"Automaton","floor":33,"turns":11},{"damage":1,"enemies":"3 Shapes","floor":35,"turns":2},{"damage":17,"enemies":"Orb Walker","floor":38,"turns":4},{"damage":9,"enemies":"Sphere and 2 Shapes","floor":39,"turns":2},{"damage":47,"enemies":"Giant Head","floor":41,"turns":6},{"damage":6,"enemies":"Jaw Worm Horde","floor":44,"turns":1},{"damage":8,"enemies":"Writhing Mass","floor":45,"turns":3},{"damage":6,"enemies":"3 Darklings","floor":46,"turns":1},{"damage":10,"enemies":"Reptomancer","floor":47,"turns":2},{"damage":68,"enemies":"Awakened One","floor":50,"turns":7},{"damage":22,"enemies":"Shield and Spear","floor":54,"turns":4},{"damage":144,"enemies":"The Heart","floor":55,"turns":10}],"seed_played":"-2802345507858954444","potions_obtained":[{"floor":6,"key":"Energy Potion"},{"floor":10,"key":"SkillPotion"},{"floor":11,"key":"SteroidPotion"},{"floor":12,"key":"EssenceOfSteel"},{"floor":16,"key":"Explosive Potion"},{"floor":21,"key":"SteroidPotion"},{"floor":25,"key":"Swift Potion"},{"floor":33,"key":"AttackPotion"},{"floor":44,"key":"BloodPotion"}],"is_trial":false,"path_per_floor":["M","?","M","?","$","E","R","E","T","M","M","E","$","E","R","B",null,"M","$","?","M","?","E","R","E","T","M","R","M","?","M","R","B",null,"M","?","?","M","M","R","E","R","T","M","M","M","E","$","R","B",null,"R","$","E","B",null],"character_chosen":"IRONCLAD","items_purchased":["Meat on the Bone","Combust","PreservedInsect","Metallicize","Pummel","Limit Break"],"campfire_rested":0,"item_purchase_floors":[5,5,19,19,19,48],"current_hp_per_floor":[80,69,75,75,75,80,80,53,53,55,53,57,57,51,51,48,80,59,59,59,51,51,56,56,61,61,54,54,57,57,57,57,43,88,88,80,71,87,88,88,61,61,61,100,98,104,102,102,102,72,106,106,106,92,41],"gold":147,"neow_bonus":"THREE_ENEMY_KILL","is_prod":false,"is_daily":false,"chose_seed":false,"campfire_upgraded":1,"win_rate":0,"timestamp":1549825971,"path_taken":["M","?","M","?","$","E","R","E","T","M","M","E","?","E","R","BOSS","M","$","?","M","?","E","R","E","T","M","R","M","?","M","R","BOSS","M","?","?","?","M","R","E","R","T","M","M","M","E","$","R","BOSS","R","$","E","BOSS"],"build_version":"2019-01-23","purchased_purges":2,"victory":true,"max_hp_per_floor":[80,80,80,80,80,80,80,80,80,80,80,80,80,80,80,80,80,80,80,80,80,80,80,80,80,80,84,84,86,86,88,88,88,88,88,90,90,92,96,96,98,98,98,100,100,104,106,106,106,106,106,106,106,108,108],"card_choices":[{"not_picked":["Anger","Iron Wave","Clothesline"],"picked":"SKIP","floor":1},{"not_picked":["Heavy Blade","Sever Soul"],"picked":"Infernal Blade","floor":3},{"not_picked":["Iron Wave","Infernal Blade"],"picked":"Sentinel","floor":6},{"not_picked":["Sentinel","Pommel Strike"],"picked":"Pummel","floor":8},{"not_picked":["Disarm","Shockwave"],"picked":"Ghostly Armor","floor":10},{"not_picked":["Searing Blow","Heavy Blade"],"picked":"Shrug It Off","floor":10},{"not_picked":["Heavy Blade","Intimidate"],"picked":"Feel No Pain","floor":11},{"not_picked":["Cleave","Reckless Charge"],"picked":"Seeing Red","floor":11},{"not_picked":["Flame Barrier","Feel No Pain"],"picked":"Juggernaut","floor":12},{"not_picked":["Wild Strike","Cleave","Iron Wave"],"picked":"SKIP","floor":14},{"not_picked":["Exhume","Immolate"],"picked":"Reaper","floor":16},{"not_picked":["Pommel Strike","Shrug It Off"],"picked":"Flex","floor":18},{"not_picked":["Cleave","Clash+1"],"picked":"Dual Wield","floor":18},{"not_picked":["Body Slam","Pommel Strike"],"picked":"Offering","floor":21},{"not_picked":["Combust","Iron Wave","Blood for Blood"],"picked":"SKIP","floor":21},{"not_picked":["Entrench","Pommel Strike"],"picked":"Disarm","floor":23},{"not_picked":["Bloodletting","Anger","Clash+1"],"picked":"Reaper","floor":25},{"not_picked":["Twin Strike+1","Blood for Blood","Pommel Strike","Perfected Strike"],"picked":"Singing Bowl","floor":27},{"not_picked":["Armaments","Entrench","Body Slam+1","Clothesline+1"],"picked":"Singing Bowl","floor":27},{"not_picked":["Pommel Strike","Heavy Blade+1","Dark Embrace","Clothesline+1"],"picked":"Singing Bowl","floor":29},{"not_picked":["True Grit","Anger+1","Clothesline"],"picked":"Thunderclap+1","floor":29},{"not_picked":["Armaments","Warcry","Body Slam","Iron Wave"],"picked":"Singing Bowl","floor":31},{"not_picked":["Power Through","Perfected Strike+1","Seeing Red"],"picked":"Impervious","floor":31},{"not_picked":["Feed","Juggernaut","Double Tap"],"picked":"Demon Form","floor":33},{"not_picked":["Havoc","True Grit","Clothesline+1"],"picked":"Pummel+1","floor":35},{"not_picked":["Dual Wield+1","Rampage","Battle Trance+1"],"picked":"Inflame+1","floor":35},{"not_picked":["Madness","Mayhem","Thinking Ahead"],"picked":"Apotheosis","floor":36},{"not_picked":["Madness","Violence","Flash of Steel","Thinking Ahead"],"picked":"Singing Bowl","floor":36},{"not_picked":["Thinking Ahead","Secret Weapon","PanicButton"],"picked":"Mayhem","floor":36},{"not_picked":["Headbutt","Heavy Blade","Pummel"],"picked":"True Grit","floor":38},{"not_picked":["Dual Wield+1","Wild Strike+1","Cleave+1","Sever Soul+1"],"picked":"Singing Bowl","floor":38},{"not_picked":["Combust","Anger+1","Searing Blow+1","Twin Strike"],"picked":"Singing Bowl","floor":39},{"not_picked":["Anger","Inflame+1","Rage+1","True Grit"],"picked":"Singing Bowl","floor":39},{"not_picked":["Sever Soul","Battle Trance","Thunderclap+1","Shrug It Off+1"],"picked":"Singing Bowl","floor":41},{"not_picked":["Sentinel","Reckless Charge","Armaments","Pommel Strike"],"picked":"Singing Bowl","floor":44},{"not_picked":["Spot Weakness","Wild Strike+1","Warcry"],"picked":"Sword Boomerang+1","floor":44},{"not_picked":["Warcry+1","Iron Wave+1","Shrug It Off+1"],"picked":"Flame Barrier+1","floor":45},{"not_picked":["Sentinel","Intimidate","Warcry+1"],"picked":"True Grit+1","floor":45},{"not_picked":["Pummel+1","Warcry","Clash+1","Iron Wave+1"],"picked":"Singing Bowl","floor":46},{"not_picked":["Clothesline+1","Sentinel","Hemokinesis","Havoc+1"],"picked":"Singing Bowl","floor":46},{"not_picked":["Hemokinesis+1","Cleave+1","Evolve+1","Sever Soul+1"],"picked":"Singing Bowl","floor":47},{"not_picked":["Limit Break","Heavy Blade+1","Flex+1","True Grit"],"picked":"Singing Bowl","floor":54}],"player_experience":339956,"relics_obtained":[{"floor":6,"key":"Girya"},{"floor":8,"key":"Centennial Puzzle"},{"floor":9,"key":"Prayer Wheel"},{"floor":12,"key":"Pantograph"},{"floor":14,"key":"Dream Catcher"},{"floor":23,"key":"Question Card"},{"floor":25,"key":"Singing Bowl"},{"floor":26,"key":"Shovel"},{"floor":28,"key":"Vajra"},{"floor":32,"key":"Bottled Flame"},{"floor":41,"key":"Boot"},{"floor":42,"key":"Mummified Hand"},{"floor":47,"key":"Champion Belt"},{"floor":52,"key":"Blue Candle"},{"floor":54,"key":"Orichalcum"}],"event_choices":[{"damage_healed":0,"gold_gain":75,"player_choice":"Gather Gold","damage_taken":11,"max_hp_gain":0,"max_hp_loss":0,"event_name":"World of Goop","floor":2,"gold_loss":0},{"damage_healed":0,"gold_gain":175,"player_choice":"AGREE","damage_taken":0,"max_hp_gain":0,"max_hp_loss":0,"event_name":"Liars Game","floor":4,"gold_loss":0,"cards_obtained":["Doubt"]},{"damage_healed":0,"gold_gain":0,"player_choice":"Ignored","damage_taken":0,"max_hp_gain":0,"max_hp_loss":0,"event_name":"Vampires","floor":20,"gold_loss":0},{"damage_healed":0,"gold_gain":0,"player_choice":"Paid Fearfully","damage_taken":0,"max_hp_gain":0,"max_hp_loss":0,"event_name":"Masked Bandits","floor":22,"gold_loss":19},{"damage_healed":0,"gold_gain":0,"player_choice":"Obtain J.A.X.","damage_taken":0,"max_hp_gain":0,"max_hp_loss":0,"event_name":"Drug Dealer","floor":30,"gold_loss":0,"cards_obtained":["J.A.X."]},{"damage_healed":0,"gold_gain":0,"player_choice":"Memory 3","damage_taken":10,"max_hp_gain":0,"max_hp_loss":0,"event_name":"SensoryStone","floor":36,"gold_loss":0},{"damage_healed":0,"gold_gain":0,"player_choice":"Damaged","damage_taken":9,"max_hp_gain":0,"max_hp_loss":0,"event_name":"Wheel of Change","floor":37,"gold_loss":0}],"is_beta":false,"boss_relics":[{"not_picked":["Calling Bell","Runic Dome"],"picked":"Mark of Pain"},{"not_picked":["Black Star","Fusion Hammer"],"picked":"Coffee Dripper"}],"items_purged_floors":[13,48],"is_endless":false,"potions_floor_spawned":[6,10,11,12,16,18,21,25,29,33,35,41,44,54],"ascension_level":3}