{"gold_per_floor":[109,109,127,50,50,82,232,2,2,21,37,37,71,71,71,71],"floor_reached":16,"playtime":847,"items_purged":["Doubt"],"score":233,"play_id":"e4a249e2-d0f5-455c-8760-d9ec2a0ba4c2","local_time":"20190109214733","is_ascension_mode":true,"campfire_choices":[{"data":"Barricade","floor":12,"key":"SMITH"},{"data":"Feel No Pain","floor":15,"key":"SMITH"}],"neow_cost":"NONE","seed_source_timestamp":39971164784332,"circlet_count":0,"master_deck":["AscendersBane","Strike_R","Strike_R","Strike_R","Defend_R","Defend_R","Defend_R","Defend_R","Bash","Shrug It Off","Headbutt","Pommel Strike","Corruption","Barricade+1","Feel No Pain+1","Clash","Impervious"],"relics":["Burning Blood","NeowsBlessing","Pen Nib","Regal Pillow","Lantern","Molten Egg 2","Golden Idol"],"potions_floor_usage":[16],"damage_taken":[{"damage":0,"enemies":"2 Louse","floor":1,"turns":1},{"damage":0,"enemies":"Jaw Worm","floor":3,"turns":1},{"damage":0,"enemies":"Lagavulin","floor":6,"turns":1},{"damage":0,"enemies":"Small Slimes","floor":10,"turns":4},{"damage":15,"enemies":"3 Louse","floor":11,"turns":5},{"damage":22,"enemies":"3 Sentries","floor":13,"turns":14},{"damage":50,"enemies":"Hexaghost","floor":16,"turns":12}],"seed_played":"-5416672837593962090","potions_obtained":[{"floor":3,"key":"Ancient Potion"},{"floor":6,"key":"SpeedPotion"}],"is_trial":false,"path_per_floor":["M","?","M","$","?","E","?","$","T","M","M","R","E","?","R","B"],"character_chosen":"IRONCLAD","items_purchased":["Corruption","Regal Pillow"],"campfire_rested":0,"item_purchase_floors":[4,8],"current_hp_per_floor":[74,74,75,75,68,74,74,74,74,75,66,66,50,50,50,0],"gold":71,"neow_bonus":"THREE_ENEMY_KILL","is_prod":false,"is_daily":false,"chose_seed":false,"campfire_upgraded":2,"win_rate":0,"timestamp":1547070453,"path_taken":["M","?","M","$","?","E","?","$","T","M","M","R","E","?","R","BOSS"],"build_version":"2019-01-03v4","purchased_purges":1,"victory":false,"max_hp_per_floor":[75,75,75,75,75,75,75,75,75,75,75,75,75,68,68,68],"card_choices":[{"not_picked":["Wild Strike","Headbutt"],"picked":"Shrug It Off","floor":1},{"not_picked":["Heavy Blade","Headbutt"],"picked":"Pommel Strike","floor":3},{"not_picked":["True Grit","Perfected Strike"],"picked":"Barricade","floor":6},{"not_picked":["Havoc","Clothesline"],"picked":"Feel No Pain","floor":10},{"not_picked":["Armaments","Pommel Strike"],"picked":"Clash","floor":11},{"not_picked":["Bloodletting","Exhume"],"picked":"Impervious","floor":13}],"player_experience":1166496,"relics_obtained":[{"floor":6,"key":"Pen Nib"},{"floor":9,"key":"Lantern"},{"floor":13,"key":"Molten Egg 2"}],"event_choices":[{"damage_healed":0,"gold_gain":0,"cards_transformed":["Strike_R"],"player_choice":"Change","damage_taken":0,"max_hp_gain":0,"max_hp_loss":0,"event_name":"Living Wall","floor":2,"gold_loss":0,"cards_obtained":["Headbutt"]},{"cards_removed":["Strike_R"],"damage_healed":0,"gold_gain":0,"player_choice":"Card Removal","damage_taken":7,"max_hp_gain":0,"max_hp_loss":0,"event_name":"Golden Wing","floor":5,"gold_loss":0},{"damage_healed":0,"gold_gain":150,"player_choice":"AGREE","damage_taken":0,"max_hp_gain":0,"max_hp_loss":0,"event_name":"Liars Game","floor":7,"gold_loss":0,"cards_obtained":["Doubt"]},{"damage_healed":0,"gold_gain":0,"player_choice":"Lose Max HP","damage_taken":0,"relics_obtained":["Golden Idol"],"max_hp_gain":0,"max_hp_loss":7,"event_name":"Golden Idol","floor":14,"gold_loss":0}],"is_beta":false,"boss_relics":[],"items_purged_floors":[8],"is_endless":false,"potions_floor_spawned":[3,6,10,11],"killed_by":"Hexaghost","ascension_level":15}