{"gold_per_floor":[115,129,148,39,56,67,100,70,70,70,100,100,113,128,128,230,230,247,67,78,91,91,91,117,129,152,171,186,219,219,239,239,336,336,351,365,385,85,98,98,130,130],"floor_reached":42,"playtime":6761,"items_purged":["Strike_R","Doubt"],"score":636,"play_id":"4beda12a-7430-4b91-beb8-82c8dab72e58","local_time":"20190208154515","is_ascension_mode":false,"campfire_choices":[{"data":"Juggernaut","floor":10,"key":"SMITH"},{"floor":15,"key":"REST"},{"data":"Flame Barrier","floor":23,"key":"SMITH"},{"floor":32,"key":"REST"},{"data":"Barricade","floor":40,"key":"SMITH"}],"neow_cost":"CURSE","seed_source_timestamp":73568516505395,"circlet_count":0,"master_deck":["Strike_R","Strike_R","Strike_R","Defend_R+1","Defend_R","Defend_R","Defend_R","Bash","Juggernaut+1","Flame Barrier+1","Power Through","Headbutt","Metallicize","Rampage","Body Slam","Iron Wave","Headbutt","Metallicize","Double Tap","Ghostly Armor","Feed","Power Through+1","Shrug It Off+1","Warcry","Shrug It Off","Warcry","Barricade+1","Rampage","Rage","Juggernaut","Shrug It Off","Warcry","Shrug It Off","Warcry","Iron Wave+1","Metallicize+1","Warcry+1"],"relics":["Burning Blood","Bag of Preparation","Sundial","Calipers","Runic Dome","Centennial Puzzle","Pantograph","War Paint","Bottled Tornado","Orrery","Toolbox","Question Card"],"potions_floor_usage":[16,16,16],"damage_taken":[{"damage":5,"enemies":"Cultist","floor":1,"turns":4},{"damage":7,"enemies":"Small Slimes","floor":2,"turns":5},{"damage":7,"enemies":"2 Louse","floor":3,"turns":4},{"damage":26,"enemies":"Gremlin Gang","floor":5,"turns":7},{"damage":7,"enemies":"Lots of Slimes","floor":6,"turns":6},{"damage":9,"enemies":"Gremlin Nob","floor":7,"turns":4},{"damage":10,"enemies":"Looter","floor":8,"turns":4},{"damage":11,"enemies":"3 Sentries","floor":11,"turns":7},{"damage":9,"enemies":"2 Fungi Beasts","floor":13,"turns":3},{"damage":6,"enemies":"Exordium Wildlife","floor":14,"turns":5},{"damage":0,"enemies":"The Guardian","floor":16,"turns":10},{"damage":14,"enemies":"2 Thieves","floor":18,"turns":4},{"damage":4,"enemies":"Shell Parasite","floor":20,"turns":6},{"damage":8,"enemies":"Cultist and Chosen","floor":21,"turns":5},{"damage":35,"enemies":"Slavers","floor":24,"turns":6},{"damage":5,"enemies":"Snake Plant","floor":25,"turns":5},{"damage":7,"enemies":"Chosen and Byrds","floor":27,"turns":5},{"damage":6,"enemies":"Shelled Parasite and Fungi","floor":28,"turns":6},{"damage":5,"enemies":"Book of Stabbing","floor":29,"turns":6},{"damage":0,"enemies":"Snecko","floor":31,"turns":9},{"damage":17,"enemies":"Champ","floor":33,"turns":11},{"damage":12,"enemies":"Orb Walker","floor":35,"turns":5},{"damage":30,"enemies":"3 Darklings","floor":36,"turns":7},{"damage":14,"enemies":"Jaw Worm Horde","floor":37,"turns":7},{"damage":13,"enemies":"Writhing Mass","floor":39,"turns":8},{"damage":3,"enemies":"Giant Head","floor":41,"turns":9},{"damage":42,"enemies":"2 Orb Walkers","floor":42,"turns":4}],"seed_played":"3987406756118992207","potions_obtained":[{"floor":1,"key":"Dexterity Potion"},{"floor":3,"key":"Swift Potion"},{"floor":7,"key":"Fire Potion"},{"floor":18,"key":"GamblersBrew"},{"floor":28,"key":"Fire Potion"},{"floor":29,"key":"Poison Potion"}],"is_trial":false,"path_per_floor":["M","M","M","$","M","M","E","M","T","R","E","?","M","M","R","B",null,"M","$","M","M","$","R","E","M","T","M","M","E","?","M","R","B",null,"M","M","M","$","M","R","E","?"],"character_chosen":"IRONCLAD","items_purchased":["Metallicize","Centennial Puzzle","Shrug It Off","Toolbox"],"campfire_rested":2,"item_purchase_floors":[4,19,19,38],"current_hp_per_floor":[80,79,78,78,58,57,54,50,50,50,45,45,42,42,66,72,80,72,72,74,75,75,75,46,47,47,46,46,47,47,53,77,72,83,77,53,45,45,38,38,41,0],"gold":130,"neow_bonus":"THREE_RARE_CARDS","is_prod":false,"is_daily":false,"chose_seed":false,"campfire_upgraded":3,"win_rate":0.0,"timestamp":1549637115,"path_taken":["M","M","?","$","M","M","E","M","T","R","E","?","M","?","R","BOSS","M","$","M","M","$","R","E","M","T","M","M","E","?","?","R","BOSS","M","M","M","$","?","R","E","?"],"build_version":"2019-01-23","purchased_purges":2,"victory":false,"max_hp_per_floor":[80,80,80,80,80,80,80,80,80,80,80,80,80,80,80,80,80,80,80,80,83,83,83,83,83,83,83,83,83,83,83,83,83,83,83,83,83,83,83,83,83,83],"card_choices":[{"not_picked":["Exhume","Impervious"],"picked":"Juggernaut","floor":0},{"not_picked":["Searing Blow","Twin Strike"],"picked":"Flame Barrier","floor":1},{"not_picked":["Perfected Strike","Rupture"],"picked":"Power Through","floor":2},{"not_picked":["Wild Strike","Clothesline"],"picked":"Headbutt","floor":3},{"not_picked":["Anger","Thunderclap"],"picked":"Rampage","floor":5},{"not_picked":["Wild Strike","Clothesline"],"picked":"Body Slam","floor":6},{"not_picked":["Searing Blow","True Grit"],"picked":"Iron Wave","floor":7},{"not_picked":["Clash","Pommel Strike"],"picked":"Headbutt","floor":8},{"not_picked":["Pommel Strike","Seeing Red"],"picked":"Metallicize","floor":11},{"not_picked":["Pommel Strike","Corruption"],"picked":"Double Tap","floor":13},{"not_picked":["Cleave","Infernal Blade"],"picked":"Ghostly Armor","floor":14},{"not_picked":["Offering","Juggernaut"],"picked":"Feed","floor":16},{"not_picked":["Intimidate","Havoc"],"picked":"Power Through+1","floor":18},{"not_picked":["Combust+1","Reckless Charge","Dropkick"],"picked":"SKIP","floor":20},{"not_picked":["Clothesline","Flex","Anger"],"picked":"SKIP","floor":21},{"not_picked":["Cleave+1","Fire Breathing"],"picked":"Warcry","floor":24},{"not_picked":["Fire Breathing+1","Clash"],"picked":"Shrug It Off","floor":25},{"not_picked":["Wild Strike+1","Anger+1"],"picked":"Warcry","floor":27},{"not_picked":["Havoc","Fire Breathing","Disarm+1"],"picked":"SKIP","floor":28},{"not_picked":["Feel No Pain","Heavy Blade"],"picked":"Barricade","floor":29},{"not_picked":["Flex","Fire Breathing"],"picked":"Rage","floor":31},{"not_picked":["Reaper","Feed"],"picked":"Juggernaut","floor":33},{"not_picked":["Twin Strike","Blood for Blood"],"picked":"Shrug It Off","floor":34},{"not_picked":["Cleave","Evolve"],"picked":"Warcry","floor":34},{"not_picked":["Cleave+1","Wild Strike"],"picked":"Shrug It Off","floor":34},{"not_picked":["Heavy Blade","Carnage"],"picked":"Warcry","floor":34},{"not_picked":["Carnage+1","Headbutt+1"],"picked":"Iron Wave+1","floor":35},{"not_picked":["Offering","Bloodletting"],"picked":"Metallicize+1","floor":36},{"not_picked":["Havoc+1","Thunderclap","Shrug It Off"],"picked":"SKIP","floor":37},{"not_picked":["Wild Strike+1","Anger+1"],"picked":"Warcry+1","floor":39},{"not_picked":["Headbutt+1","True Grit+1","Fire Breathing"],"picked":"SKIP","floor":41}],"player_experience":61553,"relics_obtained":[{"floor":7,"key":"Bag of Preparation"},{"floor":9,"key":"Sundial"},{"floor":11,"key":"Calipers"},{"floor":24,"key":"Pantograph"},{"floor":26,"key":"War Paint"},{"floor":29,"key":"Bottled Tornado"},{"floor":41,"key":"Question Card"}],"event_choices":[{"damage_healed":0,"gold_gain":0,"player_choice":"Ignored","damage_taken":0,"max_hp_gain":0,"max_hp_loss":0,"event_name":"NoteForYourself","floor":12,"gold_loss":0},{"damage_healed":0,"gold_gain":0,"cards_transformed":["Strike_R"],"player_choice":"Transformed","damage_taken":0,"max_hp_gain":0,"max_hp_loss":0,"event_name":"Transmorgrifier","floor":30,"gold_loss":0,"cards_obtained":["Rampage"]},{"damage_healed":0,"gold_gain":0,"player_choice":"Fight","damage_taken":0,"max_hp_gain":0,"max_hp_loss":0,"event_name":"Mysterious Sphere","floor":42,"gold_loss":0}],"is_beta":false,"boss_relics":[{"not_picked":["Runic Pyramid","Ectoplasm"],"picked":"Runic Dome"},{"not_picked":["Fusion Hammer","Coffee Dripper"],"picked":"Orrery"}],"items_purged_floors":[4,38],"is_endless":false,"potions_floor_spawned":[1,3,7,13,14,18,28,29,37,41],"killed_by":"2 Orb Walkers","ascension_level":0}