{"gold_per_floor":[115,115,62,81,6,6,41,61,143,183,183,183,183,208,208,327,327,343,367,34,55,55,55,88,13,13,45,144,162,243,259,259,362,362,378,378,338,167,186,217,217,243,243,255,290,33,58,78,78,78],"floor_reached":51,"playtime":2279,"items_purged":["Strike_B","Strike_B","Strike_B+1"],"score":1080,"play_id":"505514f9-3fa0-42b9-92f2-6b5e5c366300","local_time":"20190130222920","is_ascension_mode":true,"campfire_choices":[{"data":"Genetic Algorithm","floor":6.0,"key":"SMITH"},{"data":"Zap","floor":11.0,"key":"SMITH"},{"data":"Dualcast","floor":15.0,"key":"SMITH"},{"data":"Biased Cognition","floor":23.0,"key":"SMITH"},{"data":"Buffer","floor":32,"key":"SMITH"},{"data":"Echo Form","floor":41,"key":"SMITH"},{"data":"Electrodynamics","floor":49,"key":"SMITH"}],"neow_cost":"NONE","seed_source_timestamp":15226060581900,"circlet_count":0,"master_deck":["Defend_B+1","Defend_B","Defend_B+1","Defend_B","Zap+1","Dualcast+1","Barrage+1","Ball Lightning+1","Genetic Algorithm+1","Conserve Battery+1","Biased Cognition+1","Coolheaded+1","Fission+1","Skim+1","Hologram+1","Echo Form+1","Finesse+1","Tempest+1","Electrodynamics+1","Buffer+1","Machine Learning","Deep Breath+1","Hologram+1","Storm+1","Double Energy+1","Storm+1"],"special_seed":0,"relics":["Cracked Core","NeowsBlessing","Bloody Idol","Smiling Mask","Toxic Egg 2","Whetstone","Philosopher\u0027s Stone","Membership Card","Bottled Flame","Ancient Tea Set","Pantograph","The Courier","Runic Dome","Chemical X","Bag of Marbles","Bronze Scales","Question Card","Ornamental Fan","War Paint","Bag of Preparation","Strawberry","Happy Flower"],"potions_floor_usage":[29,33,33,50,50],"damage_taken":[{"damage":0.0,"enemies":"Jaw Worm","floor":1.0,"turns":1.0},{"damage":0.0,"enemies":"Small Slimes","floor":4.0,"turns":1.0},{"damage":0.0,"enemies":"3 Sentries","floor":7.0,"turns":1.0},{"damage":15.0,"enemies":"2 Louse","floor":8.0,"turns":3.0},{"damage":22.0,"enemies":"Gremlin Nob","floor":10.0,"turns":4.0},{"damage":0.0,"enemies":"Blue Slaver","floor":14.0,"turns":2.0},{"damage":2.0,"enemies":"Hexaghost","floor":16.0,"turns":10.0},{"damage":5.0,"enemies":"Shell Parasite","floor":18.0,"turns":5.0},{"damage":0.0,"enemies":"Spheric Guardian","floor":19.0,"turns":3.0},{"damage":0.0,"enemies":"Snake Plant","floor":21.0,"turns":4.0},{"damage":5,"enemies":"Gremlin Leader","floor":24,"turns":4},{"damage":31,"enemies":"Slavers","floor":27,"turns":3},{"damage":0,"enemies":"Snecko","floor":29,"turns":5},{"damage":12,"enemies":"Cultist and Chosen","floor":31,"turns":3},{"damage":0,"enemies":"Automaton","floor":33,"turns":7},{"damage":23,"enemies":"3 Darklings","floor":35,"turns":4},{"damage":0,"enemies":"3 Shapes","floor":39,"turns":3},{"damage":16,"enemies":"Nemesis","floor":40,"turns":5},{"damage":0,"enemies":"Reptomancer","floor":42,"turns":3},{"damage":5,"enemies":"Transient","floor":44,"turns":5},{"damage":11,"enemies":"Nemesis","floor":45,"turns":3},{"damage":0,"enemies":"Giant Head","floor":47,"turns":6},{"damage":0,"enemies":"Writhing Mass","floor":48,"turns":2},{"damage":0,"enemies":"Donu and Deca","floor":50,"turns":3}],"seed_played":"8172468305389804016","potions_obtained":[{"floor":1.0,"key":"Swift Potion"},{"floor":10.0,"key":"Ancient Potion"},{"floor":14.0,"key":"Fire Potion"},{"floor":27,"key":"Block Potion"},{"floor":31,"key":"PowerPotion"},{"floor":35,"key":"Ancient Potion"},{"floor":40,"key":"Swift Potion"},{"floor":48,"key":"Strength Potion"}],"is_trial":false,"path_per_floor":["M","?","$","M","$","R","E","M","T","E","R","?","?","M","R","B",null,"M","M","$","M","?","R","E","$","T","E","?","M","T","M","R","B",null,"M","?","?","$","M","E","R","E","T","M","E","$","E","M","R","B",null],"character_chosen":"DEFECT","items_purchased":["Ball Lightning","Membership Card","Echo Form","Finesse+1","Electrodynamics","Chemical X","Deep Breath+1","Double Energy+1","War Paint","Bag of Preparation","Strawberry"],"campfire_rested":0,"item_purchase_floors":[3,20,20,20,25,38,38,46,46,46,46],"current_hp_per_floor":[75,57,57,57,57,57,57,42,42,20,20,13,13,13,13,11,75,70,70,70,70,70,70,70,70,70,44,49,54,59,52,52,75,75,57,57,57,57,62,51,51,56,56,56,50,57,62,67,67,78],"gold":78,"neow_bonus":"THREE_ENEMY_KILL","is_prod":false,"is_daily":false,"chose_seed":false,"campfire_upgraded":7,"win_rate":0,"timestamp":1548912560,"path_taken":["M","?","$","M","$","R","E","M","T","E","R","?","?","M","R","BOSS","M","M","$","M","?","R","E","$","T","E","?","M","?","M","R","BOSS","M","?","?","$","?","E","R","E","T","M","E","$","E","M","R","BOSS"],"build_version":"2019-01-23","purchased_purges":3,"victory":true,"max_hp_per_floor":[75,75,75,75,75,75,75,75,75,75,75,75,75,75,75,75,75,75,75,75,75,75,75,75,75,75,75,75,75,75,75,75,75,75,75,71,71,71,71,71,71,71,71,71,71,78,78,78,78,78],"card_choices":[{"not_picked":["Hello World","Steam"],"picked":"Barrage","floor":1.0},{"not_picked":["Leap","Defragment"],"picked":"Genetic Algorithm","floor":4.0},{"not_picked":["Hello World","Sunder"],"picked":"Conserve Battery","floor":7.0},{"not_picked":["Streamline","Compile Driver","Consume"],"picked":"SKIP","floor":8.0},{"not_picked":["Compile Driver","Rebound"],"picked":"Biased Cognition","floor":10.0},{"not_picked":["Leap+1","Turbo+1"],"picked":"Coolheaded+1","floor":14.0},{"not_picked":["All For One","Creative AI"],"picked":"Fission+1","floor":16.0},{"not_picked":["Hologram+1","Lockon"],"picked":"Skim+1","floor":18.0},{"not_picked":["Genetic Algorithm+1","Barrage+1"],"picked":"Hologram+1","floor":19.0},{"not_picked":["Rebound+1","Defragment"],"picked":"Tempest+1","floor":21.0},{"not_picked":["Rebound+1","Ball Lightning","Go for the Eyes+1"],"picked":"SKIP","floor":24},{"not_picked":["Conserve Battery+1","Ball Lightning"],"picked":"Buffer","floor":27},{"not_picked":["Turbo+1","Leap+1","Cold Snap+1"],"picked":"SKIP","floor":29},{"not_picked":["Compile Driver","Rebound","Ball Lightning"],"picked":"SKIP","floor":31},{"not_picked":["Meteor Strike","Core Surge"],"picked":"Machine Learning","floor":33},{"not_picked":["Streamline+1","Ball Lightning","Gash+1"],"picked":"SKIP","floor":35},{"not_picked":["Doom and Gloom+1","Undo+1","Leap+1"],"picked":"SKIP","floor":39},{"not_picked":["Beam Cell","Stack+1"],"picked":"Hologram+1","floor":40},{"not_picked":["Redo+1","Sweeping Beam","Cold Snap+1"],"picked":"SKIP","floor":42},{"not_picked":["Static Discharge+1","Gash+1","Compile Driver+1","Cold Snap+1"],"picked":"SKIP","floor":44},{"not_picked":["Compile Driver+1","Rip and Tear+1","Hello World"],"picked":"Storm+1","floor":45},{"not_picked":["Hyperbeam","Meteor Strike","Streamline","Electrodynamics"],"picked":"SKIP","floor":47},{"not_picked":["Ball Lightning","Stack+1","Sunder"],"picked":"Storm+1","floor":48}],"player_experience":280328,"relics_obtained":[{"floor":7.0,"key":"Smiling Mask"},{"floor":9.0,"key":"Toxic Egg 2"},{"floor":10.0,"key":"Whetstone"},{"floor":24,"key":"Bottled Flame"},{"floor":26,"key":"Ancient Tea Set"},{"floor":27,"key":"Pantograph"},{"floor":30,"key":"The Courier"},{"floor":40,"key":"Bag of Marbles"},{"floor":42,"key":"Bronze Scales"},{"floor":43,"key":"Question Card"},{"floor":45,"key":"Ornamental Fan"},{"floor":47,"key":"Happy Flower"}],"event_choices":[{"damage_healed":0.0,"max_hp_gain":0.0,"max_hp_loss":0.0,"gold_gain":0.0,"event_name":"Golden Idol","player_choice":"Take Damage","floor":2.0,"gold_loss":0.0,"damage_taken":18.0,"relics_obtained":["Golden Idol"]},{"cards_removed":["Strike_B"],"damage_healed":0.0,"max_hp_gain":0.0,"max_hp_loss":0.0,"gold_gain":0.0,"event_name":"Golden Wing","player_choice":"Card Removal","floor":12.0,"gold_loss":0.0,"damage_taken":7.0},{"damage_healed":0.0,"max_hp_gain":0.0,"max_hp_loss":0.0,"gold_gain":0.0,"event_name":"Scrap Ooze","player_choice":"Fled","floor":13.0,"gold_loss":0.0,"damage_taken":0.0},{"damage_healed":0.0,"max_hp_gain":0.0,"max_hp_loss":0.0,"gold_gain":0.0,"event_name":"Forgotten Altar","player_choice":"Gave Idol","floor":22.0,"relics_lost":["Golden Idol"],"gold_loss":0.0,"damage_taken":0.0,"relics_obtained":["Bloody Idol"]},{"damage_healed":0,"gold_gain":99,"player_choice":"Stole From Cult","damage_taken":0,"max_hp_gain":0,"max_hp_loss":0,"event_name":"Nest","floor":28,"gold_loss":0},{"damage_healed":0,"gold_gain":0,"player_choice":"Max HP","damage_taken":0,"max_hp_gain":0,"max_hp_loss":4,"event_name":"Winding Halls","floor":36,"gold_loss":0},{"damage_healed":0,"gold_gain":0,"player_choice":"Upgraded Two","damage_taken":0,"max_hp_gain":0,"max_hp_loss":0,"event_name":"Designer","floor":37,"gold_loss":40,"cards_upgraded":["Ball Lightning","Defend_B"]}],"is_beta":false,"boss_relics":[{"not_picked":["Cursed Key","Runic Pyramid"],"picked":"Philosopher\u0027s Stone"},{"not_picked":["Orrery","Velvet Choker"],"picked":"Runic Dome"}],"items_purged_floors":[5,38,46],"is_endless":false,"potions_floor_spawned":[1,10,14,21,27,31,35,40,45,48],"ascension_level":2}