{"gold_per_floor":[112,124,124,124,144,144,175,191,191,191,191,44,74,87,87,189,189,209,5,5,5,5,34,45,76,76,76,109,109,473,473,473,570,570,585,599,611,711,560,560],"floor_reached":40,"playtime":4274,"items_purged":["Bane+1"],"score":909,"play_id":"2b209be3-7c97-4fde-b8a2-b631d4a0bab5","local_time":"20190119204817","is_ascension_mode":true,"campfire_choices":[{"data":"Neutralize","floor":6,"key":"SMITH"},{"floor":11,"key":"REST"},{"data":"A Thousand Cuts","floor":15,"key":"SMITH"},{"floor":27,"key":"REST"},{"data":"Ghostly","floor":29,"key":"SMITH"},{"data":"Blade Dance","floor":32,"key":"SMITH"}],"neow_cost":"NONE","seed_source_timestamp":30090275284593,"circlet_count":0,"master_deck":["AscendersBane","Defend_G+1","Defend_G+1","Defend_G+1","Defend_G+1","Survivor+1","Neutralize+1","Heel Hook","Burst","Dagger Throw","Dagger Spray","Caltrops","Glass Knife","Caltrops","A Thousand Cuts+1","Underhanded Strike","Corpse Explosion","Dagger Spray+1","Blade Dance","Noxious Fumes","Quick Slash","Ghostly","Ghostly","Ghostly+1","Ghostly","Ghostly","PiercingWail","Blade Dance+1","Blade Dance+1","Malaise+1","Masterful Stab+1","Bouncing Flask+1","Catalyst+1","Bouncing Flask+1"],"relics":["Black Star","Regal Pillow","Letter Opener","Kunai","Anchor","Pocketwatch","Runic Pyramid","Bronze Scales","Strawberry","Boot","Ninja Scroll","Potion Belt","Pear","Oddly Smooth Stone","Toxic Egg 2","Old Coin","Tiny Chest","Astrolabe"],"potions_floor_usage":[7,14,16,25,28,30,33],"damage_taken":[{"damage":4,"enemies":"Small Slimes","floor":1,"turns":4},{"damage":7,"enemies":"Jaw Worm","floor":2,"turns":4},{"damage":1,"enemies":"Cultist","floor":5,"turns":6},{"damage":34,"enemies":"Gremlin Nob","floor":7,"turns":5},{"damage":0,"enemies":"Blue Slaver","floor":8,"turns":3},{"damage":14,"enemies":"3 Sentries","floor":13,"turns":7},{"damage":0,"enemies":"2 Fungi Beasts","floor":14,"turns":4},{"damage":17,"enemies":"Slime Boss","floor":16,"turns":9},{"damage":2,"enemies":"Chosen","floor":18,"turns":4},{"damage":3,"enemies":"Slavers","floor":23,"turns":4},{"damage":0,"enemies":"3 Byrds","floor":24,"turns":2},{"damage":38,"enemies":"Book of Stabbing","floor":25,"turns":6},{"damage":2,"enemies":"Slavers","floor":28,"turns":5},{"damage":0,"enemies":"Book of Stabbing","floor":30,"turns":5},{"damage":0,"enemies":"Automaton","floor":33,"turns":12},{"damage":0,"enemies":"3 Shapes","floor":35,"turns":4},{"damage":0,"enemies":"3 Darklings","floor":36,"turns":5},{"damage":14,"enemies":"Sphere and 2 Shapes","floor":37,"turns":8},{"damage":39,"enemies":"Giant Head","floor":40,"turns":7}],"seed_played":"-4009819655391783420","potions_obtained":[{"floor":5,"key":"Fire Potion"},{"floor":8,"key":"GamblersBrew"},{"floor":13,"key":"PowerPotion"},{"floor":16,"key":"Explosive Potion"},{"floor":23,"key":"FearPotion"},{"floor":28,"key":"AttackPotion"},{"floor":30,"key":"EssenceOfSteel"},{"floor":36,"key":"SteroidPotion"}],"is_trial":false,"path_per_floor":["M","M","?","?","M","R","E","M","T","?","R","$","E","M","R","B",null,"M","$","?","?","?","E","M","E","T","R","E","R","E","?","R","B",null,"M","M","M","?","$","E"],"character_chosen":"THE_SILENT","items_purchased":["Glass Knife","Caltrops","Bronze Scales","Blade Dance","Bouncing Flask+1"],"campfire_rested":2,"item_purchase_floors":[12,12,19,19,39],"current_hp_per_floor":[59,52,70,56,55,55,21,21,21,21,57,57,43,43,43,26,59,57,57,57,57,35,39,39,1,11,41,39,39,39,39,39,39,49,49,49,35,35,35,0],"gold":560,"neow_bonus":"BOSS_RELIC","is_prod":false,"is_daily":false,"chose_seed":false,"campfire_upgraded":4,"win_rate":0,"timestamp":1547930897,"path_taken":["M","M","?","?","M","R","E","M","T","?","R","$","E","M","R","BOSS","M","$","?","?","?","E","M","E","T","R","E","R","E","?","R","BOSS","M","M","?","?","?","E"],"build_version":"2019-01-17v2","purchased_purges":1,"victory":false,"max_hp_per_floor":[70,70,70,70,70,70,70,70,70,70,70,70,70,70,70,70,70,70,70,70,70,35,42,42,42,52,52,52,52,52,52,52,52,52,52,52,52,52,52,52],"card_choices":[{"not_picked":["Underhanded Strike","Dodge and Roll"],"picked":"Heel Hook","floor":1},{"not_picked":["Flechettes","Quick Slash"],"picked":"Burst","floor":2},{"not_picked":["Slice","Underhanded Strike"],"picked":"Dagger Throw","floor":5},{"not_picked":["Slice","Acrobatics"],"picked":"Dagger Spray","floor":7},{"not_picked":["Predator","Dagger Spray"],"picked":"Caltrops","floor":8},{"not_picked":["Backflip","Slice"],"picked":"A Thousand Cuts","floor":13},{"not_picked":["Outmaneuver","Eviscerate"],"picked":"Underhanded Strike","floor":14},{"not_picked":["Doppelganger","Bullet Time"],"picked":"Corpse Explosion","floor":16},{"not_picked":["Bane","Deadly Poison"],"picked":"Dagger Spray+1","floor":18},{"not_picked":["Dash","Acrobatics"],"picked":"PiercingWail","floor":23},{"not_picked":["Slice","Deadly Poison","Tactician"],"picked":"SKIP","floor":24},{"not_picked":["Heel Hook","Finisher"],"picked":"Blade Dance","floor":25},{"not_picked":["Leg Sweep","Skewer","Dagger Spray"],"picked":"SKIP","floor":28},{"not_picked":["Choke","Acrobatics+1"],"picked":"Blade Dance+1","floor":30},{"not_picked":["Doppelganger+1","Burst+1"],"picked":"Malaise+1","floor":33},{"not_picked":["Prepared+1","Outmaneuver+1","Deflect+1"],"picked":"SKIP","floor":35},{"not_picked":["Quick Slash+1","Heel Hook","Distraction+1"],"picked":"SKIP","floor":36},{"not_picked":["Quick Slash","Poisoned Stab+1"],"picked":"Catalyst+1","floor":37}],"player_experience":1217443,"relics_obtained":[{"floor":7,"key":"Regal Pillow"},{"floor":7,"key":"Letter Opener"},{"floor":9,"key":"Kunai"},{"floor":13,"key":"Anchor"},{"floor":13,"key":"Pocketwatch"},{"floor":23,"key":"Strawberry"},{"floor":23,"key":"Boot"},{"floor":25,"key":"Ninja Scroll"},{"floor":25,"key":"Potion Belt"},{"floor":26,"key":"Pear"},{"floor":28,"key":"Oddly Smooth Stone"},{"floor":28,"key":"Toxic Egg 2"},{"floor":30,"key":"Old Coin"},{"floor":30,"key":"Tiny Chest"}],"event_choices":[{"damage_healed":23,"gold_gain":0,"player_choice":"Banana","damage_taken":0,"max_hp_gain":0,"max_hp_loss":0,"event_name":"Big Fish","floor":3,"gold_loss":0},{"damage_healed":0,"gold_gain":0,"player_choice":"Entered Light","damage_taken":14,"max_hp_gain":0,"max_hp_loss":0,"event_name":"Shining Light","floor":4,"gold_loss":0,"cards_upgraded":["Survivor","Defend_G"]},{"cards_removed":["Strike_G"],"damage_healed":0,"gold_gain":0,"player_choice":"Offered Basic","damage_taken":0,"max_hp_gain":0,"max_hp_loss":0,"event_name":"Bonfire Elementals","floor":10,"gold_loss":0},{"damage_healed":0,"gold_gain":0,"cards_transformed":["Strike_G","Strike_G"],"player_choice":"Became Test Subject","damage_taken":0,"max_hp_gain":0,"max_hp_loss":0,"event_name":"Drug Dealer","floor":20,"gold_loss":0,"cards_obtained":["Noxious Fumes","Quick Slash"]},{"damage_healed":0,"gold_gain":0,"player_choice":"Simplicity","damage_taken":0,"max_hp_gain":0,"max_hp_loss":0,"event_name":"Back to Basics","floor":21,"gold_loss":0,"cards_upgraded":["Defend_G","Defend_G","Defend_G","Defend_G","Strike_G","Strike_G"]},{"damage_healed":0,"gold_gain":0,"player_choice":"Became a Ghost","damage_taken":0,"max_hp_gain":0,"max_hp_loss":35,"event_name":"Ghosts","floor":22,"gold_loss":0,"cards_obtained":["Ghostly","Ghostly","Ghostly","Ghostly","Ghostly"]},{"damage_healed":0,"gold_gain":0,"player_choice":"Leave","damage_taken":0,"max_hp_gain":0,"max_hp_loss":0,"event_name":"FaceTrader","floor":31,"gold_loss":0},{"damage_healed":0,"gold_gain":100,"player_choice":"Pray","damage_taken":0,"max_hp_gain":0,"max_hp_loss":0,"event_name":"Golden Shrine","floor":38,"gold_loss":0}],"is_beta":false,"boss_relics":[{"not_picked":["Runic Dome","Tiny House"],"picked":"Runic Pyramid"},{"not_picked":["Eternal Feather","Coffee Dripper"],"picked":"Astrolabe"}],"items_purged_floors":[39],"is_endless":false,"potions_floor_spawned":[5,8,13,16,23,24,28,30,36],"killed_by":"Giant Head","ascension_level":11}