{"gold_per_floor":[111,111,111,130,130,155,191,206,206,220,220,241,282,307,307],"floor_reached":15,"playtime":608,"items_purged":[],"score":136,"play_id":"6d6e35c4-394e-4b9a-8ff6-c17b2e56218a","local_time":"20181207215134","is_ascension_mode":true,"campfire_choices":[{"floor":11,"key":"REST"},{"floor":15,"key":"RECALL"}],"neow_cost":"NONE","seed_source_timestamp":1659089201061600,"circlet_count":0,"master_deck":["Strike_R","Strike_R","Strike_R","Strike_R","Strike_R","Defend_R","Defend_R+1","Defend_R+1","Defend_R","Bash","Iron Wave","Injury","Shrug It Off","Impervious","Flame Barrier","Infernal Blade","Infernal Blade"],"relics":["Burning Blood","NeowsBlessing","Golden Idol","War Paint","Self Forming Clay","Pantograph"],"potions_floor_usage":[7,8],"damage_taken":[{"damage":0,"enemies":"Jaw Worm","floor":1,"turns":1},{"damage":0,"enemies":"Small Slimes","floor":4,"turns":1},{"damage":0,"enemies":"Cultist","floor":6,"turns":1},{"damage":58,"enemies":"3 Sentries","floor":7,"turns":24},{"damage":15,"enemies":"Large Slime","floor":8,"turns":9},{"damage":13,"enemies":"Lots of Slimes","floor":10,"turns":6},{"damage":1,"enemies":"Looter","floor":12,"turns":4},{"damage":36,"enemies":"Lagavulin","floor":13,"turns":11},{"damage":13,"enemies":"Exordium Thugs","floor":14,"turns":5}],"seed_played":"2447361187968052441","potions_obtained":[{"floor":6,"key":"EssenceOfSteel"},{"floor":7,"key":"BloodPotion"},{"floor":12,"key":"Swift Potion"}],"is_trial":false,"path_per_floor":["M","?","?","M","?","M","E","M","T","M","R","M","E","M","R"],"character_chosen":"IRONCLAD","items_purchased":[],"campfire_rested":1,"item_purchase_floors":[],"current_hp_per_floor":[80,80,80,80,80,80,28,27,27,20,44,49,19,12,12],"gold":307,"neow_bonus":"THREE_ENEMY_KILL","is_prod":false,"is_daily":false,"chose_seed":false,"campfire_upgraded":0,"win_rate":0,"timestamp":1544215894,"path_taken":["M","?","?","?","?","M","E","?","T","M","R","M","E","M","R"],"build_version":"2018-12-06","purchased_purges":0,"victory":false,"max_hp_per_floor":[80,80,80,80,80,80,80,80,80,80,80,80,80,80,80],"card_choices":[{"not_picked":["Cleave","Whirlwind"],"picked":"Iron Wave","floor":1},{"not_picked":["Twin Strike","Sword Boomerang"],"picked":"Shrug It Off","floor":4},{"not_picked":["Anger","Intimidate"],"picked":"Flame Barrier","floor":6},{"not_picked":["Dark Embrace","Rage","Wild Strike"],"picked":"SKIP","floor":7},{"not_picked":["Iron Wave","Burning Pact","Combust"],"picked":"SKIP","floor":8},{"not_picked":["Sever Soul","Sword Boomerang"],"picked":"Infernal Blade","floor":10},{"not_picked":["Pummel","Cleave","Twin Strike"],"picked":"SKIP","floor":12},{"not_picked":["Offering","Sword Boomerang"],"picked":"Infernal Blade","floor":13},{"not_picked":["Fire Breathing","Sword Boomerang","Pommel Strike"],"picked":"SKIP","floor":14}],"player_experience":786792,"relics_obtained":[{"floor":7,"key":"War Paint"},{"floor":9,"key":"Self Forming Clay"},{"floor":13,"key":"Pantograph"}],"event_choices":[{"damage_healed":0,"gold_gain":0,"player_choice":"Take Wound","damage_taken":0,"relics_obtained":["Golden Idol"],"max_hp_gain":0,"max_hp_loss":0,"event_name":"Golden Idol","floor":2,"gold_loss":0,"cards_obtained":["Injury"]},{"damage_healed":0,"gold_gain":0,"player_choice":"Bought 0 Potions","damage_taken":0,"max_hp_gain":0,"max_hp_loss":0,"event_name":"The Woman in Blue","floor":3,"gold_loss":0},{"damage_healed":0,"gold_gain":0,"player_choice":"1 cards matched","damage_taken":0,"max_hp_gain":0,"max_hp_loss":0,"event_name":"Match and Keep!","floor":5,"gold_loss":0,"cards_obtained":["Impervious"]}],"is_beta":false,"boss_relics":[],"items_purged_floors":[],"is_endless":false,"potions_floor_spawned":[6,7,12],"ascension_level":5}