{"gold_per_floor":[110,185,360,2,2,58,72,72,120,145,145,157,157,190,190,190],"floor_reached":16,"playtime":441,"items_purged":["Doubt"],"score":176,"play_id":"d0b02d76-941c-4841-82da-47dc8ea33868","local_time":"20181208215824","is_ascension_mode":true,"campfire_choices":[{"data":"Body Slam","floor":8,"key":"SMITH"},{"floor":11,"key":"RECALL"},{"floor":15,"key":"REST"}],"neow_cost":"NONE","seed_source_timestamp":1746067233180800,"circlet_count":0,"master_deck":["Strike_R","Strike_R","Strike_R","Strike_R","Defend_R","Defend_R","Defend_R","Defend_R","Bash","Body Slam+1","Infernal Blade","Seeing Red","Shrug It Off","Limit Break"],"relics":["Burning Blood","NeowsBlessing","Sling","Tiny Chest","Regal Pillow","Matryoshka","Dodecahedron"],"potions_floor_usage":[10,16],"damage_taken":[{"damage":0,"enemies":"2 Louse","floor":1,"turns":1},{"damage":0,"enemies":"Gremlin Nob","floor":6,"turns":1},{"damage":0,"enemies":"Jaw Worm","floor":7,"turns":1},{"damage":40,"enemies":"Lagavulin","floor":10,"turns":4},{"damage":3,"enemies":"Cultist","floor":12,"turns":2},{"damage":25,"enemies":"3 Sentries","floor":14,"turns":9},{"damage":74,"enemies":"Slime Boss","floor":16,"turns":10}],"seed_played":"-739530222305331455","potions_obtained":[{"floor":6,"key":"SkillPotion"},{"floor":14,"key":"Fire Potion"}],"is_trial":false,"path_per_floor":["M","?","?","$","$","E","M","R","T","E","R","M","?","E","R","B"],"character_chosen":"IRONCLAD","items_purchased":["Sling","Infernal Blade"],"campfire_rested":1,"item_purchase_floors":[4,4],"current_hp_per_floor":[80,69,69,69,69,75,80,80,80,46,46,49,49,30,69,0],"gold":190,"neow_bonus":"THREE_ENEMY_KILL","is_prod":false,"is_daily":false,"chose_seed":false,"campfire_upgraded":1,"win_rate":0,"timestamp":1544302704,"path_taken":["M","?","?","?","$","E","M","R","T","E","R","M","?","E","R","BOSS"],"build_version":"2018-12-06","purchased_purges":1,"victory":false,"max_hp_per_floor":[80,80,80,80,80,80,80,80,80,80,80,80,80,80,80,80],"card_choices":[{"not_picked":["Iron Wave","Intimidate"],"picked":"Body Slam","floor":1},{"not_picked":["Clash","Headbutt","Sword Boomerang"],"picked":"SKIP","floor":6},{"not_picked":["Havoc","Cleave"],"picked":"Seeing Red","floor":7},{"not_picked":["Whirlwind","Intimidate"],"picked":"Shrug It Off","floor":10},{"not_picked":["Clothesline","Headbutt"],"picked":"Limit Break","floor":12},{"not_picked":["Rupture","Body Slam","Shrug It Off"],"picked":"SKIP","floor":14}],"player_experience":789612,"relics_obtained":[{"floor":6,"key":"Tiny Chest"},{"floor":9,"key":"Regal Pillow"},{"floor":10,"key":"Matryoshka"},{"floor":14,"key":"Dodecahedron"}],"event_choices":[{"damage_healed":0,"gold_gain":75,"player_choice":"Gather Gold","damage_taken":11,"max_hp_gain":0,"max_hp_loss":0,"event_name":"World of Goop","floor":2,"gold_loss":0},{"damage_healed":0,"gold_gain":175,"player_choice":"AGREE","damage_taken":0,"max_hp_gain":0,"max_hp_loss":0,"event_name":"Liars Game","floor":3,"gold_loss":0,"cards_obtained":["Doubt"]},{"cards_removed":["Strike_R"],"damage_healed":0,"gold_gain":0,"player_choice":"Offered Basic","damage_taken":0,"max_hp_gain":0,"max_hp_loss":0,"event_name":"Bonfire Elementals","floor":13,"gold_loss":0}],"is_beta":false,"boss_relics":[],"items_purged_floors":[4],"is_endless":false,"potions_floor_spawned":[6,14],"killed_by":"Slime Boss","ascension_level":5}