{"gold_per_floor":[116,58,71,91,91,118,118,135,135,147,147,160,160,177,177,276,326,344,344,344,230,241,241,275,287,354,366,378,390,160,160,160,263,263,281,335,335,335],"floor_reached":38,"playtime":2378,"items_purged":["Strike_G","Strike_G"],"score":477,"play_id":"210dcb01-955a-4c25-90f6-20878c56cdb3","local_time":"20181104041258","is_ascension_mode":true,"campfire_choices":[{"data":"Poisoned Stab","floor":7.0,"key":"SMITH"},{"floor":13,"key":"REST"},{"floor":15,"key":"REST"},{"data":"Tools of the Trade","floor":23,"key":"SMITH"},{"data":"Distraction","floor":25,"key":"SMITH"},{"data":"Noxious Fumes","floor":27,"key":"SMITH"},{"data":"Catalyst","floor":29,"key":"SMITH"},{"floor":32,"key":"REST"}],"neow_cost":"NONE","seed_source_timestamp":0,"circlet_count":0,"master_deck":["Defend_G","Defend_G","Defend_G","Defend_G","Defend_G","Survivor","Neutralize","Bane","Poisoned Stab+1","Deflect","Dodge and Roll+1","Acrobatics","Slice","Acrobatics","Catalyst","Sucker Punch","Slice+1","Distraction+1","Well Laid Plans","Corpse Explosion","Catalyst+1","Poisoned Stab+1","Tools of the Trade+1","Predator","Quick Slash","Noxious Fumes+1","Poisoned Stab+1","Outmaneuver","Burst","Escape Plan","Adrenaline","Dagger Spray","PiercingWail+1"],"special_seed":0,"relics":["Orrery","Art of War","Dead Branch","Meat on the Bone","Tiny House","MawBank","Oddly Smooth Stone","Dream Catcher","Velvet Choker","Incense Burner"],"potions_floor_usage":[14,16,24,35],"damage_taken":[{"damage":0.0,"enemies":"Small Slimes","floor":1.0,"turns":4.0},{"damage":0.0,"enemies":"Cultist","floor":3.0,"turns":3.0},{"damage":1.0,"enemies":"2 Louse","floor":4.0,"turns":3.0},{"damage":36.0,"enemies":"Gremlin Nob","floor":6.0,"turns":5.0},{"damage":10.0,"enemies":"Lots of Slimes","floor":8.0,"turns":7.0},{"damage":22,"enemies":"Large Slime","floor":10,"turns":8},{"damage":0,"enemies":"2 Fungi Beasts","floor":12,"turns":4},{"damage":2,"enemies":"Blue Slaver","floor":14,"turns":5},{"damage":32,"enemies":"Hexaghost","floor":16,"turns":12},{"damage":0,"enemies":"3 Byrds","floor":18,"turns":3},{"damage":5,"enemies":"Chosen","floor":22,"turns":5},{"damage":24,"enemies":"Slavers","floor":24,"turns":2},{"damage":25,"enemies":"Champ","floor":33,"turns":6},{"damage":17,"enemies":"Orb Walker","floor":35,"turns":4},{"damage":57,"enemies":"2 Orb Walkers","floor":36,"turns":6},{"damage":15,"enemies":"3 Darklings","floor":38,"turns":2}],"seed_played":"-491873793779760428","potions_obtained":[{"floor":3.0,"key":"SpeedPotion"},{"floor":4.0,"key":"Swift Potion"},{"floor":6.0,"key":"Swift Potion"},{"floor":10,"key":"FearPotion"},{"floor":14,"key":"GamblersBrew"},{"floor":17,"key":"GamblersBrew"},{"floor":18,"key":"Explosive Potion"},{"floor":33,"key":"Fire Potion"},{"floor":37,"key":"EntropicBrew"}],"is_trial":false,"path_per_floor":["M","?","M","M","?","E","R","M","T","M","?","M","R","M","R","B",null,"M","?","?","$","M","R","E","R","T","R","$","R","$","?","R","B",null,"M","?","?","M"],"character_chosen":"THE_SILENT","items_purchased":["Noxious Fumes","Burst"],"campfire_rested":3,"item_purchase_floors":[21,30],"current_hp_per_floor":[70,70,70,69,70,34,34,24,24,14,14,26,47,45,66,46,75,75,75,75,75,70,70,46,46,46,46,46,46,46,46,68,43,75,58,13,13,0],"gold":335,"neow_bonus":"BOSS_RELIC","is_prod":false,"is_daily":false,"chose_seed":false,"campfire_upgraded":5,"win_rate":0,"timestamp":1541322778,"path_taken":["M","?","M","?","?","E","R","M","T","?","?","M","R","M","R","BOSS","M","?","?","$","?","R","E","R","T","R","$","R","$","?","R","BOSS","M","?","?","M"],"build_version":"2018-11-01","purchased_purges":2,"victory":false,"max_hp_per_floor":[70,70,70,70,70,70,70,70,70,70,70,70,70,70,70,70,75,75,75,75,75,75,75,75,75,75,75,75,75,75,75,75,75,75,75,75,75,75],"card_choices":[{"not_picked":["Storm of Steel","Dagger Spray"],"picked":"Cloak And Dagger","floor":0.0},{"not_picked":["Crippling Poison","Noxious Fumes"],"picked":"Bane","floor":0.0},{"not_picked":["Acrobatics","Underhanded Strike"],"picked":"Poisoned Stab","floor":0.0},{"not_picked":["Infinite Blades","Prepared"],"picked":"Deflect","floor":0.0},{"not_picked":["Setup","Blade Dance"],"picked":"Dodge and Roll","floor":0.0},{"not_picked":["Terror","PiercingWail"],"picked":"Acrobatics","floor":1.0},{"not_picked":["PiercingWail","Predator"],"picked":"Slice","floor":3.0},{"not_picked":["Dagger Spray","Deflect"],"picked":"Acrobatics","floor":4.0},{"not_picked":["Endless Agony","Backstab"],"picked":"Catalyst","floor":6.0},{"not_picked":["Outmaneuver","After Image"],"picked":"Sucker Punch","floor":8.0},{"not_picked":["Dagger Spray","Dodge and Roll"],"picked":"Slice","floor":10},{"not_picked":["Leg Sweep","Quick Slash"],"picked":"Distraction","floor":12},{"not_picked":["Acrobatics","Calculated Gamble"],"picked":"Well Laid Plans","floor":14},{"not_picked":["Burst","Envenom"],"picked":"Corpse Explosion","floor":16},{"not_picked":["Quick Slash","Terror"],"picked":"Catalyst","floor":17},{"not_picked":["Deflect","Dagger Throw+1"],"picked":"Poisoned Stab+1","floor":18},{"not_picked":["Skewer","Dash"],"picked":"Poisoned Stab+1","floor":22},{"not_picked":["Dagger Throw+1","Doppelganger"],"picked":"Outmaneuver","floor":24},{"not_picked":["Prepared+1","Dodge and Roll"],"picked":"Escape Plan","floor":32},{"not_picked":["Die Die Die","Glass Knife"],"picked":"Adrenaline","floor":33},{"not_picked":["Infinite Blades","Prepared+1"],"picked":"Dagger Spray","floor":35},{"not_picked":["Dodge and Roll","Poisoned Stab"],"picked":"PiercingWail+1","floor":36}],"player_experience":224580,"relics_obtained":[{"floor":6.0,"key":"Dead Branch"},{"floor":9.0,"key":"Meat on the Bone"},{"floor":24,"key":"MawBank"},{"floor":26,"key":"Oddly Smooth Stone"},{"floor":36,"key":"Incense Burner"}],"event_choices":[{"damage_healed":0.0,"max_hp_gain":0.0,"max_hp_loss":0.0,"gold_gain":0.0,"event_name":"WeMeetAgain","player_choice":"Paid Gold","floor":2.0,"gold_loss":58.0,"damage_taken":0.0,"relics_obtained":["Art of War"]},{"cards_removed":["Cloak And Dagger"],"damage_healed":5.0,"max_hp_gain":0.0,"max_hp_loss":0.0,"gold_gain":0.0,"event_name":"Bonfire Elementals","player_choice":"Offered Common","floor":5.0,"gold_loss":0.0,"damage_taken":0.0},{"cards_removed":["Cloak And Dagger"],"damage_healed":5.0,"max_hp_gain":0.0,"max_hp_loss":0.0,"gold_gain":0.0,"event_name":"Bonfire Elementals","player_choice":"Offered Special","floor":5.0,"gold_loss":0.0,"damage_taken":0.0},{"damage_healed":0,"gold_gain":0,"player_choice":"Grow","damage_taken":0,"max_hp_gain":0,"max_hp_loss":0,"event_name":"Living Wall","floor":11,"gold_loss":0,"cards_upgraded":["Dodge and Roll"]},{"damage_healed":0,"gold_gain":0,"cards_transformed":["Strike_G","Strike_G"],"player_choice":"Became Test Subject","damage_taken":0,"max_hp_gain":0,"max_hp_loss":0,"event_name":"Drug Dealer","floor":19,"gold_loss":0,"cards_obtained":["Tools of the Trade","Predator"]},{"damage_healed":0,"gold_gain":0,"cards_transformed":["Strike_G"],"player_choice":"Transformed","damage_taken":0,"max_hp_gain":0,"max_hp_loss":0,"event_name":"Transmorgrifier","floor":20,"gold_loss":0,"cards_obtained":["Quick Slash"]},{"damage_healed":0,"gold_gain":0,"player_choice":"Opened","damage_taken":0,"relics_obtained":["Dream Catcher"],"max_hp_gain":0,"max_hp_loss":0,"event_name":"The Mausoleum","floor":31,"gold_loss":0},{"damage_healed":0,"gold_gain":0,"player_choice":"Fight","damage_taken":0,"max_hp_gain":0,"max_hp_loss":0,"event_name":"Mysterious Sphere","floor":36,"gold_loss":0},{"damage_healed":0,"gold_gain":0,"player_choice":"Got Potions","damage_taken":0,"max_hp_gain":0,"max_hp_loss":0,"event_name":"Lab","floor":37,"gold_loss":0}],"is_beta":false,"boss_relics":[{"not_picked":["Eternal Feather","Fusion Hammer"],"picked":"Tiny House"},{"not_picked":["Pandora\u0027s Box","Lizard Tail"],"picked":"Velvet Choker"}],"items_purged_floors":[21,30],"is_endless":false,"potions_floor_spawned":[3,4,6,10,14,18,33],"killed_by":"3 Darklings","ascension_level":3}