{"gold_per_floor":[217,217,107,107,121,121,131,131,131,131,146,146,157,173,173,270,270,288,288,299,9,9,34,34,66,66,83,8,8,37,64,64,167,167,187,87,140,153,164,164,198,216,216,244,263,263,263,274,274,274,274,274,124,150,150],"floor_reached":56,"playtime":3810,"items_purged":["Strike_R","Defend_R","Defend_R"],"score":1481,"play_id":"5bd79924-ddf3-47a3-a724-d2b0bacc597d","local_time":"20190208141648","is_ascension_mode":true,"campfire_choices":[{"data":"Inflame","floor":6,"key":"SMITH"},{"data":"Rage","floor":8,"key":"SMITH"},{"data":"Bash","floor":10,"key":"SMITH"},{"data":"Pommel Strike","floor":12,"key":"SMITH"},{"data":"Battle Trance","floor":15,"key":"SMITH"},{"floor":24,"key":"REST"},{"data":"Rage","floor":29,"key":"SMITH"},{"data":"Double Tap","floor":32,"key":"SMITH"},{"data":"Evolve","floor":40,"key":"SMITH"},{"floor":46,"key":"RECALL"},{"floor":49,"key":"REST"},{"data":"Metallicize","floor":52,"key":"SMITH"}],"neow_cost":"NONE","seed_source_timestamp":1202604685629827,"circlet_count":0,"master_deck":["Strike_R","Strike_R","Strike_R","Defend_R","Defend_R","Bash+1","Headbutt","Inflame+1","Rage+1","Pommel Strike+1","Sword Boomerang","Battle Trance+1","Double Tap+1","Necronomicurse","Rage+1","Offering","Feed","Clash","Evolve+1","Spot Weakness","Warcry+1","Headbutt+1","Metallicize+1","Sever Soul+1","Headbutt"],"relics":["Burning Blood","Shuriken","Busted Crown","Necronomicon","Bronze Scales","Centennial Puzzle","Regal Pillow","Bottled Flame","Red Mask","Matryoshka","Sozu","Thread and Needle","Pen Nib","Mercury Hourglass","Champion Belt","Pantograph"],"potions_floor_usage":[23,25,30,55,55],"damage_taken":[{"damage":5,"enemies":"Small Slimes","floor":1,"turns":3},{"damage":4,"enemies":"Jaw Worm","floor":5,"turns":4},{"damage":0,"enemies":"Cultist","floor":7,"turns":4},{"damage":5,"enemies":"Gremlin Gang","floor":11,"turns":4},{"damage":4,"enemies":"Red Slaver","floor":13,"turns":4},{"damage":8,"enemies":"Exordium Thugs","floor":14,"turns":4},{"damage":39,"enemies":"Hexaghost","floor":16,"turns":8},{"damage":4,"enemies":"Chosen","floor":18,"turns":4},{"damage":35,"enemies":"2 Thieves","floor":20,"turns":4},{"damage":6,"enemies":"Book of Stabbing","floor":23,"turns":3},{"damage":6,"enemies":"Gremlin Leader","floor":25,"turns":3},{"damage":6,"enemies":"3 Cultists","floor":27,"turns":3},{"damage":12,"enemies":"Masked Bandits","floor":30,"turns":3},{"damage":6,"enemies":"Book of Stabbing","floor":31,"turns":3},{"damage":48,"enemies":"Automaton","floor":33,"turns":8},{"damage":0,"enemies":"Orb Walker","floor":35,"turns":2},{"damage":6,"enemies":"2 Orb Walkers","floor":37,"turns":2},{"damage":6,"enemies":"3 Darklings","floor":38,"turns":2},{"damage":18,"enemies":"Writhing Mass","floor":39,"turns":3},{"damage":6,"enemies":"Reptomancer","floor":41,"turns":3},{"damage":6,"enemies":"Maw","floor":42,"turns":4},{"damage":28,"enemies":"Nemesis","floor":44,"turns":3},{"damage":6,"enemies":"3 Darklings","floor":45,"turns":2},{"damage":0,"enemies":"Spire Growth","floor":48,"turns":3},{"damage":53,"enemies":"Awakened One","floor":50,"turns":9},{"damage":20,"enemies":"Shield and Spear","floor":54,"turns":4},{"damage":16,"enemies":"The Heart","floor":55,"turns":5}],"seed_played":"-7959614318401090605","potions_obtained":[{"floor":5,"key":"SpeedPotion"},{"floor":14,"key":"LiquidBronze"},{"floor":16,"key":"PowerPotion"},{"floor":23,"key":"AttackPotion"},{"floor":25,"key":"SkillPotion"},{"floor":30,"key":"Dexterity Potion"},{"floor":31,"key":"GamblersBrew"}],"is_trial":false,"path_per_floor":["M","?","$","?","M","R","M","R","T","R","M","R","M","M","R","B",null,"M","?","M","$","?","E","R","E","T","M","$","R","?","E","R","B",null,"M","$","?","M","M","R","E","M","T","E","M","R","?","M","R","B",null,"R","$","E","B",null],"character_chosen":"IRONCLAD","items_purchased":["Inflame","Rage","Bronze Scales","Offering","Evolve","Headbutt"],"campfire_rested":2,"item_purchase_floors":[3,21,21,21,28,53],"current_hp_per_floor":[80,85,85,85,85,85,85,85,85,85,85,85,85,83,83,50,85,85,69,40,40,40,40,65,65,65,68,68,68,62,65,65,23,91,91,91,94,94,82,82,82,85,85,66,69,69,69,75,103,56,103,103,103,92,96],"gold":150,"neow_bonus":"HUNDRED_GOLD","is_prod":false,"is_daily":false,"chose_seed":false,"campfire_upgraded":9,"win_rate":0,"timestamp":1549631808,"path_taken":["M","?","$","?","?","R","M","R","T","R","M","R","M","?","R","BOSS","M","?","M","?","?","E","R","E","T","?","$","R","?","E","R","BOSS","M","$","?","M","M","R","E","M","T","E","M","R","?","?","R","BOSS","R","$","E","BOSS"],"build_version":"2019-01-23","purchased_purges":3,"victory":true,"max_hp_per_floor":[80,85,85,85,85,85,85,85,85,85,85,85,85,85,85,85,85,85,85,85,85,85,85,85,85,85,88,88,88,88,91,91,91,91,91,91,94,94,94,94,94,97,97,100,103,103,103,103,103,103,103,103,103,106,106],"card_choices":[{"not_picked":["Thunderclap","Heavy Blade"],"picked":"Headbutt","floor":1},{"not_picked":["Perfected Strike","Entrench"],"picked":"Rage","floor":5},{"not_picked":["Headbutt","Sever Soul","Burning Pact"],"picked":"SKIP","floor":7},{"not_picked":["True Grit","Twin Strike"],"picked":"Pommel Strike","floor":11},{"not_picked":["Reckless Charge","Iron Wave"],"picked":"Sword Boomerang","floor":13},{"not_picked":["Clothesline","Clash"],"picked":"Battle Trance","floor":14},{"not_picked":["Immolate","Bludgeon"],"picked":"Double Tap","floor":16},{"not_picked":["Pommel Strike"],"picked":"SKIP","floor":18},{"not_picked":["Wild Strike"],"picked":"SKIP","floor":20},{"not_picked":["Warcry"],"picked":"SKIP","floor":23},{"not_picked":["Shockwave"],"picked":"SKIP","floor":25},{"not_picked":[],"picked":"Clash","floor":27},{"not_picked":[],"picked":"Spot Weakness","floor":30},{"not_picked":["Iron Wave"],"picked":"SKIP","floor":31},{"not_picked":["Shockwave"],"picked":"SKIP","floor":35},{"not_picked":[],"picked":"Warcry+1","floor":38},{"not_picked":[],"picked":"Headbutt+1","floor":39},{"not_picked":[],"picked":"Metallicize","floor":41},{"not_picked":["Sword Boomerang"],"picked":"SKIP","floor":42},{"not_picked":["Shockwave"],"picked":"SKIP","floor":44},{"not_picked":[],"picked":"Sever Soul+1","floor":45},{"not_picked":["Sever Soul+1"],"picked":"SKIP","floor":48},{"not_picked":["Feel No Pain"],"picked":"SKIP","floor":54}],"player_experience":296346,"relics_obtained":[{"floor":9,"key":"Shuriken"},{"floor":19,"key":"Necronomicon"},{"floor":23,"key":"Centennial Puzzle"},{"floor":25,"key":"Regal Pillow"},{"floor":26,"key":"Bottled Flame"},{"floor":30,"key":"Red Mask"},{"floor":31,"key":"Matryoshka"},{"floor":37,"key":"Thread and Needle"},{"floor":41,"key":"Pen Nib"},{"floor":43,"key":"Mercury Hourglass"},{"floor":44,"key":"Champion Belt"},{"floor":54,"key":"Pantograph"}],"event_choices":[{"damage_healed":0,"gold_gain":0,"player_choice":"Donut","damage_taken":0,"max_hp_gain":5,"max_hp_loss":0,"event_name":"Big Fish","floor":2,"gold_loss":0},{"cards_removed":["Strike_R"],"damage_healed":0,"gold_gain":0,"player_choice":"Offered Basic","damage_taken":0,"max_hp_gain":0,"max_hp_loss":0,"event_name":"Bonfire Elementals","floor":4,"gold_loss":0},{"damage_healed":0,"gold_gain":0,"player_choice":"Obtained Book","damage_taken":16,"max_hp_gain":0,"max_hp_loss":0,"event_name":"Cursed Tome","floor":19,"gold_loss":0},{"damage_healed":0,"gold_gain":0,"player_choice":"1 cards matched","damage_taken":0,"max_hp_gain":0,"max_hp_loss":0,"event_name":"Match and Keep!","floor":22,"gold_loss":0,"cards_obtained":["Feed"]},{"damage_healed":0,"gold_gain":0,"player_choice":"Fought Bandits","damage_taken":0,"max_hp_gain":0,"max_hp_loss":0,"event_name":"Masked Bandits","floor":30,"gold_loss":0},{"damage_healed":0,"gold_gain":0,"player_choice":"Fight","damage_taken":0,"max_hp_gain":0,"max_hp_loss":0,"event_name":"Mysterious Sphere","floor":37,"gold_loss":0},{"damage_healed":0,"gold_gain":0,"player_choice":"Ignored","damage_taken":0,"max_hp_gain":0,"max_hp_loss":0,"event_name":"SecretPortal","floor":47,"gold_loss":0}],"is_beta":false,"boss_relics":[{"not_picked":["Philosopher\u0027s Stone","Mark of Pain"],"picked":"Busted Crown"},{"not_picked":["Runic Dome","Velvet Choker"],"picked":"Sozu"}],"items_purged_floors":[3,36,53],"is_endless":false,"potions_floor_spawned":[5,14,16,23,25,30,31,35,37,38,42,48,54],"ascension_level":4}