{"gold_per_floor":[117,137,137,152,77,112,112,169,195,222,234,262,304,330,342,455,467,489,501,513,536,548],"floor_reached":22,"playtime":1896,"items_purged":["Strike_R"],"score":196,"play_id":"76270917-6ac9-40b4-a7c1-fb08837eee3e","local_time":"20190211010303","is_ascension_mode":false,"campfire_choices":[{"floor":7,"key":"REST"},{"floor":11,"key":"REST"},{"floor":15,"key":"REST"}],"neow_cost":"NONE","seed_source_timestamp":235475994390776,"circlet_count":0,"master_deck":["Strike_R","Strike_R","Strike_R","Strike_R","Defend_R","Defend_R","Defend_R","Defend_R","Bash","Pommel Strike","Flame Barrier","Ghostly Armor","Flex","Metallicize","Iron Wave","Combust","Immolate","Barricade","Body Slam","RitualDagger","Shockwave"],"relics":["Burning Blood","Lantern","Tiny Chest","MawBank","Runic Cube"],"potions_floor_usage":[],"damage_taken":[{"damage":6,"enemies":"Cultist","floor":1,"turns":4},{"damage":4,"enemies":"2 Louse","floor":2,"turns":4},{"damage":1,"enemies":"Small Slimes","floor":4,"turns":3},{"damage":65,"enemies":"Lagavulin","floor":6,"turns":14},{"damage":38,"enemies":"Gremlin Nob","floor":8,"turns":6},{"damage":12,"enemies":"Exordium Thugs","floor":10,"turns":5},{"damage":0,"enemies":"Looter","floor":12,"turns":4},{"damage":6,"enemies":"3 Louse","floor":14,"turns":4},{"damage":73,"enemies":"The Guardian","floor":16,"turns":14},{"damage":36,"enemies":"Shell Parasite","floor":18,"turns":11},{"damage":52,"enemies":"Spheric Guardian","floor":21,"turns":8},{"damage":38,"enemies":"Centurion and Healer","floor":22,"turns":7}],"seed_played":"-372939044089001522","potions_obtained":[{"floor":1,"key":"LiquidBronze"},{"floor":3,"key":"FairyPotion"},{"floor":3,"key":"FairyPotion"},{"floor":16,"key":"FairyPotion"},{"floor":21,"key":"PowerPotion"}],"is_trial":false,"path_per_floor":["M","M","?","M","$","E","R","E","T","M","R","M","?","M","R","B",null,"M","?","?","M","M"],"character_chosen":"IRONCLAD","items_purchased":[],"campfire_rested":3,"item_purchase_floors":[],"current_hp_per_floor":[88,88,88,88,88,29,55,23,23,17,43,49,49,49,75,8,88,58,52,52,14,0],"gold":548,"neow_bonus":"TEN_PERCENT_HP_BONUS","is_prod":false,"is_daily":false,"chose_seed":false,"campfire_upgraded":0,"win_rate":0.0,"timestamp":1549843383,"path_taken":["M","?","?","?","?","E","R","E","T","?","R","M","?","M","R","BOSS","M","?","?","M","M"],"build_version":"2019-01-23","purchased_purges":1,"victory":false,"max_hp_per_floor":[88,88,88,88,88,88,88,88,88,88,88,88,88,88,88,88,88,88,88,88,88,88],"card_choices":[{"not_picked":["Evolve","Bloodletting"],"picked":"Pommel Strike","floor":1},{"not_picked":["Fire Breathing","Corruption"],"picked":"Flame Barrier","floor":2},{"not_picked":["Reckless Charge","Warcry"],"picked":"Ghostly Armor","floor":4},{"not_picked":["Pummel","Intimidate"],"picked":"Flex","floor":6},{"not_picked":["Intimidate","Burning Pact"],"picked":"Metallicize","floor":8},{"not_picked":["Sword Boomerang","Heavy Blade"],"picked":"Iron Wave","floor":10},{"not_picked":["Heavy Blade","Blood for Blood"],"picked":"Combust","floor":12},{"not_picked":["Wild Strike","Twin Strike"],"picked":"Immolate","floor":14},{"not_picked":["Exhume","Juggernaut"],"picked":"Barricade","floor":16},{"not_picked":["True Grit","Headbutt+1"],"picked":"Body Slam","floor":18},{"not_picked":["Wild Strike","True Grit"],"picked":"Shockwave","floor":21}],"player_experience":188485,"relics_obtained":[{"floor":6,"key":"Lantern"},{"floor":8,"key":"Tiny Chest"},{"floor":9,"key":"MawBank"}],"event_choices":[{"damage_healed":0,"gold_gain":0,"player_choice":"Got Potions","damage_taken":0,"max_hp_gain":0,"max_hp_loss":0,"event_name":"Lab","floor":3,"gold_loss":0},{"damage_healed":0,"gold_gain":30,"player_choice":"Searched \u00272\u0027 times","damage_taken":0,"max_hp_gain":0,"max_hp_loss":0,"event_name":"Dead Adventurer","floor":13,"gold_loss":0},{"damage_healed":0,"gold_gain":0,"player_choice":"Joined the Cult","damage_taken":6,"max_hp_gain":0,"max_hp_loss":0,"event_name":"Nest","floor":19,"gold_loss":0,"cards_obtained":["RitualDagger"]},{"damage_healed":0,"gold_gain":0,"player_choice":"Ignored","damage_taken":0,"max_hp_gain":0,"max_hp_loss":0,"event_name":"Ghosts","floor":20,"gold_loss":0}],"is_beta":false,"boss_relics":[{"not_picked":["Snecko Eye","Astrolabe"],"picked":"Runic Cube"}],"items_purged_floors":[5],"is_endless":false,"potions_floor_spawned":[1,12,14,16,21],"killed_by":"Centurion and Healer","ascension_level":0}