{"gold_per_floor":[111,111,36,49,60,60,85,85,85,85,4,4,4,4,4,4],"floor_reached":16,"playtime":299,"items_purged":["Strike_G"],"score":115,"play_id":"dc795a51-3466-432b-9abd-aaf2290f955b","local_time":"20181222215210","is_ascension_mode":true,"campfire_choices":[{"floor":6,"key":"RECALL"},{"floor":8,"key":"REST"},{"data":"Dash","floor":10,"key":"SMITH"},{"data":"Jack Of All Trades","floor":13,"key":"SMITH"},{"data":"Neutralize","floor":15,"key":"SMITH"}],"neow_cost":"NONE","seed_source_timestamp":440894005146200,"circlet_count":0,"master_deck":["Defend_G","Defend_G","Defend_G","Defend_G","Defend_G","Strike_G","Strike_G","Strike_G","Survivor","Neutralize+1","Dagger Spray+1","Bane","Dash+1","Jack Of All Trades+1"],"relics":["Ring of the Snake","Paper Crane"],"potions_floor_usage":[],"damage_taken":[{"damage":0,"enemies":"Small Slimes","floor":1,"turns":3},{"damage":5,"enemies":"Cultist","floor":4,"turns":5},{"damage":0,"enemies":"2 Louse","floor":5,"turns":2},{"damage":34,"enemies":"Gremlin Nob","floor":7,"turns":5},{"damage":22,"enemies":"Hexaghost","floor":16,"turns":9}],"seed_played":"-5163245467100287920","potions_obtained":[{"floor":7,"key":"SpeedPotion"}],"is_trial":false,"path_per_floor":["M","?","$","M","M","R","E","R","T","R","$","?","R","$","R","B"],"character_chosen":"THE_SILENT","items_purchased":["Jack Of All Trades"],"campfire_rested":1,"item_purchase_floors":[11],"current_hp_per_floor":[70,70,70,65,65,65,31,52,52,52,52,52,52,52,52,30],"gold":4,"neow_bonus":"THREE_CARDS","is_prod":false,"is_daily":false,"chose_seed":false,"campfire_upgraded":3,"win_rate":0,"timestamp":1545511930,"path_taken":["M","?","$","?","M","R","E","R","T","R","$","?","R","?","R","BOSS"],"build_version":"2018-12-20","purchased_purges":1,"victory":false,"max_hp_per_floor":[70,70,70,70,70,70,70,70,70,70,70,70,70,70,70,70],"card_choices":[{"not_picked":["Poisoned Stab","Slice"],"picked":"Dagger Spray","floor":0},{"not_picked":["Skewer","Escape Plan"],"picked":"Bane","floor":1},{"not_picked":["Eviscerate","Outmaneuver","PiercingWail"],"picked":"SKIP","floor":4},{"not_picked":["Bane","Outmaneuver"],"picked":"Dash","floor":5},{"not_picked":["Dagger Throw","Backflip","Flying Knee"],"picked":"SKIP","floor":7}],"player_experience":812552,"relics_obtained":[{"floor":7,"key":"Paper Crane"}],"event_choices":[{"damage_healed":0,"gold_gain":0,"player_choice":"Forge","damage_taken":0,"max_hp_gain":0,"max_hp_loss":0,"event_name":"Accursed Blacksmith","floor":2,"gold_loss":0,"cards_upgraded":["Dagger Spray"]},{"cards_removed":["Strike_G"],"damage_healed":0,"gold_gain":0,"player_choice":"Offered Basic","damage_taken":0,"max_hp_gain":0,"max_hp_loss":0,"event_name":"Bonfire Elementals","floor":12,"gold_loss":0}],"is_beta":false,"boss_relics":[],"items_purged_floors":[3],"is_endless":false,"potions_floor_spawned":[7],"killed_by":"Hexaghost","ascension_level":4}