{"gold_per_floor":[117,136,148,204,204,204,237,237,237,237,264,264,299,319,319,417,417,435,435,350,290,310,310,323,323],"floor_reached":25,"playtime":1705,"items_purged":[],"score":419,"play_id":"febd9dc0-81c6-4394-8746-c4e528bbeb56","local_time":"20190202191722","daily_mods":["Specialized","Time Dilation","Lethality"],"is_ascension_mode":false,"campfire_choices":[{"data":"Feed","floor":6,"key":"SMITH"},{"data":"Heavy Blade","floor":8,"key":"SMITH"},{"floor":10,"key":"REST"},{"data":"Barricade","floor":12,"key":"SMITH"},{"floor":15,"key":"REST"},{"floor":23,"key":"REST"}],"neow_cost":"","seed_source_timestamp":0,"circlet_count":0,"master_deck":["Strike_R","Strike_R","Strike_R","Defend_R","Defend_R","Defend_R","Defend_R","Bash","Demon Form","Demon Form","Demon Form","Demon Form","Demon Form","Heavy Blade+1","Headbutt","Feed+1","Barricade+1","Rage","Sword Boomerang","Limit Break","Cleave","Flame Barrier","Corruption","Feel No Pain+1","Whirlwind"],"special_seed":0,"relics":["Burning Blood","Prayer Wheel","Unceasing Top","Incense Burner","FossilizedHelix","White Beast Statue","MutagenicStrength","Bird Faced Urn"],"potions_floor_usage":[16,18,22,25,25],"damage_taken":[{"damage":14.0,"enemies":"Jaw Worm","floor":1.0,"turns":2.0},{"damage":9,"enemies":"Cultist","floor":2,"turns":3},{"damage":10,"enemies":"Small Slimes","floor":3,"turns":3},{"damage":34,"enemies":"Gremlin Nob","floor":7,"turns":4},{"damage":0,"enemies":"Lagavulin","floor":11,"turns":4},{"damage":45,"enemies":"3 Sentries","floor":13,"turns":7},{"damage":20,"enemies":"Exordium Thugs","floor":14,"turns":4},{"damage":29,"enemies":"The Guardian","floor":16,"turns":6},{"damage":12,"enemies":"Shell Parasite","floor":18,"turns":4},{"damage":55,"enemies":"3 Byrds","floor":22,"turns":4},{"damage":43,"enemies":"Centurion and Healer","floor":24,"turns":5},{"damage":56,"enemies":"Slavers","floor":25,"turns":3}],"seed_played":"-986856293851082699","potions_obtained":[{"floor":7,"key":"EssenceOfSteel"},{"floor":16,"key":"AttackPotion"},{"floor":18,"key":"Energy Potion"},{"floor":22,"key":"PowerPotion"},{"floor":24,"key":"SteroidPotion"}],"is_trial":true,"path_per_floor":["M","M","M","?","?","R","E","R","T","R","E","R","E","M","R","B",null,"M","?","?","?","M","R","M","E"],"character_chosen":"IRONCLAD","items_purchased":[],"campfire_rested":3,"item_purchase_floors":[],"current_hp_per_floor":[72,69,65,65,65,65,37,37,37,61,67,67,32,22,48,29,92,90,90,90,90,45,75,44,0],"gold":323,"neow_bonus":"","is_prod":false,"is_daily":false,"chose_seed":false,"campfire_upgraded":3,"win_rate":0,"timestamp":1549135042,"path_taken":["M","M","M","?","?","R","E","R","T","R","E","R","E","M","R","BOSS","M","?","?","?","M","R","M","E"],"build_version":"2019-01-23","purchased_purges":0,"victory":false,"max_hp_per_floor":[80,80,80,80,80,80,80,80,80,80,80,80,84,88,88,92,92,96,96,96,96,100,100,104,104],"card_choices":[{"not_picked":["Anger","Shrug It Off"],"picked":"Heavy Blade","floor":1.0},{"not_picked":["Pommel Strike","Perfected Strike"],"picked":"Headbutt","floor":2},{"not_picked":["Pommel Strike","Shockwave","Clash"],"picked":"SKIP","floor":3},{"not_picked":["Shockwave","Body Slam","Pommel Strike"],"picked":"SKIP","floor":7},{"not_picked":["Iron Wave","Combust"],"picked":"Barricade","floor":11},{"not_picked":["Fire Breathing","Inflame"],"picked":"Rage","floor":13},{"not_picked":["Heavy Blade","Reckless Charge"],"picked":"Sword Boomerang","floor":14},{"not_picked":["Second Wind","Disarm","Dropkick"],"picked":"SKIP","floor":14},{"not_picked":["Exhume","Immolate"],"picked":"Limit Break","floor":16},{"not_picked":["Havoc","Heavy Blade","Clash+1"],"picked":"SKIP","floor":18},{"not_picked":["Thunderclap+1","Uppercut","Clash"],"picked":"SKIP","floor":18},{"not_picked":["Sentinel+1","Rage"],"picked":"Corruption","floor":22},{"not_picked":["Armaments","Perfected Strike"],"picked":"Feel No Pain+1","floor":22},{"not_picked":["Heavy Blade","Power Through"],"picked":"Whirlwind","floor":24},{"not_picked":["Rupture","Clash","Flex"],"picked":"SKIP","floor":24}],"player_experience":1265586,"relics_obtained":[{"floor":7,"key":"Prayer Wheel"},{"floor":9,"key":"Unceasing Top"},{"floor":11,"key":"Incense Burner"},{"floor":13,"key":"FossilizedHelix"}],"event_choices":[{"damage_healed":0,"gold_gain":56,"player_choice":"Gained Gold","damage_taken":0,"max_hp_gain":0,"max_hp_loss":0,"event_name":"Golden Wing","floor":4,"gold_loss":0},{"damage_healed":0,"gold_gain":0,"player_choice":"1 cards matched","damage_taken":0,"max_hp_gain":0,"max_hp_loss":0,"event_name":"Match and Keep!","floor":5,"gold_loss":0,"cards_obtained":["Feed"]},{"damage_healed":0,"gold_gain":0,"player_choice":"Inject Mutagens","damage_taken":0,"relics_obtained":["MutagenicStrength"],"max_hp_gain":0,"max_hp_loss":0,"event_name":"Drug Dealer","floor":19,"gold_loss":0},{"damage_healed":0,"gold_gain":0,"player_choice":"Obtained Relic","damage_taken":0,"relics_obtained":["Bird Faced Urn"],"max_hp_gain":0,"max_hp_loss":0,"event_name":"Addict","floor":20,"gold_loss":85},{"damage_healed":0,"gold_gain":0,"cards_transformed":["Strike_R","Strike_R"],"player_choice":"Transformed Cards","damage_taken":0,"max_hp_gain":0,"max_hp_loss":0,"event_name":"Designer","floor":21,"gold_loss":60,"cards_obtained":["Cleave","Flame Barrier"]}],"is_beta":false,"boss_relics":[{"not_picked":["Philosopher\u0027s Stone","Mark of Pain"],"picked":"White Beast Statue"}],"items_purged_floors":[],"is_endless":true,"potions_floor_spawned":[7,16,18,22,24],"killed_by":"Slavers","ascension_level":0}