{"gold_per_floor":[113,127,25,35,35,60,60,74,101,101],"floor_reached":10,"playtime":788,"items_purged":["Defend_G"],"score":71,"play_id":"21637208-4323-408e-9c25-164ae6f1bfd0","local_time":"20181105103349","is_ascension_mode":true,"campfire_choices":[{"data":"Acrobatics","floor":7,"key":"SMITH"}],"neow_cost":"NONE","seed_source_timestamp":0,"circlet_count":0,"master_deck":["Defend_G","Defend_G","Defend_G","Defend_G","Strike_G","Strike_G","Strike_G","Strike_G","Survivor","Neutralize","Grand Finale","PiercingWail","Quick Slash","Flying Knee","Acrobatics+1"],"special_seed":0,"relics":["Ring of the Snake","Bag of Preparation","Dream Catcher"],"potions_floor_usage":[6],"damage_taken":[{"damage":1.0,"enemies":"Cultist","floor":1.0,"turns":5.0},{"damage":0.0,"enemies":"Small Slimes","floor":2.0,"turns":5.0},{"damage":1.0,"enemies":"2 Louse","floor":4.0,"turns":3.0},{"damage":25,"enemies":"3 Sentries","floor":6,"turns":10},{"damage":3,"enemies":"Looter","floor":8,"turns":3},{"damage":44,"enemies":"Gremlin Nob","floor":10,"turns":5}],"seed_played":"-5463239249973849358","potions_obtained":[{"floor":4.0,"key":"LiquidBronze"},{"floor":8,"key":"LiquidBronze"}],"is_trial":false,"path_per_floor":["M","M","$","M","?","E","R","M","T","E"],"character_chosen":"THE_SILENT","items_purchased":["Quick Slash"],"campfire_rested":0,"item_purchase_floors":[3],"current_hp_per_floor":[69,69,69,68,68,43,43,40,40,0],"gold":101,"neow_bonus":"ONE_RANDOM_RARE_CARD","is_prod":false,"is_daily":false,"chose_seed":false,"campfire_upgraded":1,"win_rate":0,"timestamp":1541435629,"path_taken":["M","M","?","M","?","E","R","M","T","E"],"build_version":"2018-11-01","purchased_purges":1,"victory":false,"max_hp_per_floor":[70,70,70,70,70,70,70,70,70,70],"card_choices":[{"not_picked":["Deadly Poison","Cloak And Dagger"],"picked":"PiercingWail","floor":1.0},{"not_picked":["PiercingWail","Bane","Underhanded Strike"],"picked":"SKIP","floor":2.0},{"not_picked":["Bouncing Flask","Deadly Poison"],"picked":"Flying Knee","floor":4.0},{"not_picked":["Cloak And Dagger","Dagger Spray"],"picked":"Acrobatics","floor":6},{"not_picked":["Eviscerate","Sucker Punch","Dagger Spray"],"picked":"SKIP","floor":8}],"player_experience":186019,"relics_obtained":[{"floor":6,"key":"Bag of Preparation"},{"floor":9,"key":"Dream Catcher"}],"event_choices":[{"cards_removed":["Strike_G"],"damage_healed":0,"gold_gain":0,"player_choice":"Forget","damage_taken":0,"max_hp_gain":0,"max_hp_loss":0,"event_name":"Living Wall","floor":5,"gold_loss":0}],"is_beta":false,"boss_relics":[],"items_purged_floors":[3],"is_endless":false,"potions_floor_spawned":[4,8],"killed_by":"Gremlin Nob","ascension_level":1}