{"gold_per_floor":[117,42,7,7,7,7,22,22,22,22,37,51,51,62,62,134,134,146,146,159,159,159,159,194,18,44,63,63,80,80,97,97,174,174,192,204,204,204,218,218,218,218,299,299,199,199,18,29,29,29,29],"floor_reached":52,"playtime":2793,"items_purged":["Regret","Wild Strike","Anger"],"score":1716,"play_id":"0646de53-a04f-4c8f-b6e3-4fe824ec9307","local_time":"20180918135001","is_ascension_mode":true,"campfire_choices":[{"data":"Immolate","floor":6,"key":"SMITH"},{"data":"Bash","floor":8,"key":"SMITH"},{"data":"Defend_R","floor":10,"key":"SMITH"},{"data":"Spot Weakness","floor":15,"key":"SMITH"},{"data":"Demon Form","floor":23,"key":"SMITH"},{"data":"Limit Break","floor":32,"key":"SMITH"},{"data":"Limit Break","floor":40,"key":"SMITH"},{"data":"Heavy Blade","floor":41,"key":"SMITH"},{"data":"Ghostly","floor":44,"key":"SMITH"},{"data":"True Grit","floor":46,"key":"SMITH"},{"data":"Ghostly","floor":49,"key":"SMITH"}],"neow_cost":"CURSE","seed_source_timestamp":604605648518007,"circlet_count":0,"master_deck":["Bash+1","AscendersBane","Immolate+1","Clash","Headbutt","Double Tap","Spot Weakness+1","Spot Weakness","Demon Form+1","Ghostly+1","Ghostly+1","Ghostly","Ghostly","Ghostly","Havoc+1","Heavy Blade+1","Ghostly Armor","Limit Break+1","True Grit+1","Shrug It Off","Limit Break+1","Twin Strike","Sword Boomerang","Uppercut","Disarm","Pommel Strike","Spot Weakness","Headbutt","Battle Trance+1","Flame Barrier"],"relics":["Burning Blood","Shuriken","Gambling Chip","Velvet Choker","MutagenicStrength","Centennial Puzzle","Bag of Marbles","Ancient Tea Set","Kunai","Pandora\u0027s Box","WingedGreaves","Bottled Tornado"],"potions_floor_usage":[14,16,36,36,51],"damage_taken":[{"damage":15,"enemies":"Jaw Worm","floor":1,"turns":2},{"damage":5,"enemies":"Small Slimes","floor":7,"turns":2},{"damage":0,"enemies":"Cultist","floor":11,"turns":2},{"damage":8,"enemies":"Blue Slaver","floor":12,"turns":3},{"damage":0,"enemies":"Large Slime","floor":14,"turns":1},{"damage":58,"enemies":"Hexaghost","floor":16,"turns":6},{"damage":20,"enemies":"2 Thieves","floor":18,"turns":3},{"damage":25,"enemies":"3 Byrds","floor":20,"turns":4},{"damage":6,"enemies":"Slavers","floor":24,"turns":3},{"damage":6,"enemies":"Sentry and Sphere","floor":27,"turns":6},{"damage":0,"enemies":"Snake Plant","floor":29,"turns":4},{"damage":1,"enemies":"Snecko","floor":31,"turns":4},{"damage":5,"enemies":"Collector","floor":33,"turns":6},{"damage":1,"enemies":"3 Shapes","floor":35,"turns":3},{"damage":13,"enemies":"3 Darklings","floor":36,"turns":3},{"damage":11,"enemies":"Mind Bloom Boss Battle","floor":37,"turns":4},{"damage":4,"enemies":"Sphere and 2 Shapes","floor":39,"turns":6},{"damage":0,"enemies":"Reptomancer","floor":48,"turns":4},{"damage":17,"enemies":"Awakened One","floor":50,"turns":7},{"damage":14,"enemies":"Time Eater","floor":51,"turns":5}],"seed_played":"6500730691509329227","potions_obtained":[{"floor":11,"key":"Energy Potion"},{"floor":12,"key":"Fire Potion"},{"floor":14,"key":"Energy Potion"},{"floor":16,"key":"Weak Potion"},{"floor":18,"key":"SkillPotion"},{"floor":33,"key":"Fire Potion"},{"floor":36,"key":"Poison Potion"},{"floor":37,"key":"LiquidBronze"},{"floor":39,"key":"SmokeBomb"}],"is_trial":false,"path_per_floor":["M","$","?","?","$","R","M","R","T","R","M","M","?","M","R","B",null,"M","?","M","?","?","R","E","$","T","M","T","M","$","M","R","B",null,"M","M","?","?","M","R","R","?","T","R","$","R","$","M","R","B","B"],"character_chosen":"IRONCLAD","items_purchased":["Bag of Marbles","Weak Potion"],"campfire_rested":0,"item_purchase_floors":[25,47],"current_hp_per_floor":[59,59,75,80,80,80,80,80,80,80,80,78,73,79,79,27,67,53,40,21,21,21,21,21,21,21,21,21,27,27,32,32,33,38,40,33,28,28,30,30,30,30,30,30,30,30,30,36,36,25,17],"gold":29,"neow_bonus":"THREE_RARE_CARDS","is_prod":false,"is_daily":false,"chose_seed":false,"campfire_upgraded":11,"win_rate":0,"timestamp":1537293001,"path_taken":["M","$","?","?","$","R","?","R","T","R","M","M","?","M","R","BOSS","M","?","M","?","?","R","E","$","T","M","?","M","$","?","R","BOSS","M","?","?","?","?","R","R","?","T","R","$","R","$","M","R","BOSS","BOSS"],"build_version":"2018-09-06","purchased_purges":3,"victory":true,"max_hp_per_floor":[75,75,75,80,80,80,80,80,80,80,80,80,80,80,80,80,80,80,40,40,40,40,40,40,40,40,40,40,40,40,40,40,40,40,40,40,40,40,40,40,40,40,40,40,40,40,40,40,40,40,40],"card_choices":[{"not_picked":["Dark Embrace","Berserk"],"picked":"Immolate","floor":0},{"not_picked":["True Grit","Sentinel"],"picked":"Clash","floor":1},{"not_picked":["Heavy Blade","Twin Strike"],"picked":"Headbutt","floor":7},{"not_picked":["Iron Wave","True Grit"],"picked":"Double Tap","floor":11},{"not_picked":["Clothesline","Havoc"],"picked":"Spot Weakness","floor":12},{"not_picked":["Heavy Blade","Shrug It Off"],"picked":"Spot Weakness","floor":14},{"not_picked":["Feed","Exhume"],"picked":"Demon Form","floor":16},{"not_picked":["Blood for Blood","Body Slam","Bloodletting"],"picked":"SKIP","floor":18},{"not_picked":["Body Slam+1","Flex"],"picked":"Havoc+1","floor":20},{"not_picked":["Body Slam","Blood for Blood"],"picked":"Ghostly Armor","floor":24},{"not_picked":["Twin Strike","Warcry"],"picked":"Limit Break","floor":27},{"not_picked":["Perfected Strike","Whirlwind"],"picked":"True Grit","floor":29},{"not_picked":["Twin Strike","Thunderclap"],"picked":"Shrug It Off","floor":31},{"not_picked":["Bludgeon","Impervious"],"picked":"Limit Break","floor":33},{"not_picked":["Clothesline","Disarm","Pummel"],"picked":"SKIP","floor":35},{"not_picked":["Body Slam","Dual Wield"],"picked":"Headbutt","floor":36},{"not_picked":["Uppercut","Headbutt"],"picked":"Battle Trance+1","floor":37},{"not_picked":["Armaments","Perfected Strike","Thunderclap"],"picked":"SKIP","floor":39},{"not_picked":["Body Slam","Anger"],"picked":"Flame Barrier","floor":48}],"player_experience":2782359,"relics_obtained":[{"floor":9,"key":"Shuriken"},{"floor":24,"key":"Centennial Puzzle"},{"floor":26,"key":"Ancient Tea Set"},{"floor":28,"key":"Kunai"},{"floor":37,"key":"WingedGreaves"},{"floor":43,"key":"Bottled Tornado"}],"event_choices":[{"event_name":"The Cleric","player_choice":"Healed","floor":3,"damage_taken":0},{"event_name":"Big Fish","player_choice":"Donut","floor":4,"damage_taken":0},{"event_name":"Scrap Ooze","player_choice":"success","floor":13,"damage_taken":5},{"event_name":"Ghosts","player_choice":"Became a Ghost","floor":19,"damage_taken":0},{"event_name":"Drug Dealer","player_choice":"Inject Mutagens","floor":21,"damage_taken":0},{"event_name":"The Library","player_choice":"Read","floor":22,"damage_taken":0},{"event_name":"MindBloom","player_choice":"Fight","floor":37,"damage_taken":0},{"event_name":"Match and Keep!","player_choice":"0 cards matched","floor":38,"damage_taken":0},{"event_name":"Falling","player_choice":"Removed Power","floor":42,"damage_taken":0}],"is_beta":false,"boss_relics":[{"not_picked":["Eternal Feather","Empty Cage"],"picked":"Velvet Choker"},{"not_picked":["White Beast Statue","Black Star"],"picked":"Pandora\u0027s Box"}],"items_purged_floors":[2,45,47],"is_endless":false,"potions_floor_spawned":[11,12,14,16,18,27,29,33,36,37,39],"ascension_level":20}