{"gold_per_floor":[117,117,132,307,36,77,25,25,48,48,91,91,91,104,104,104],"floor_reached":16,"playtime":907,"items_purged":["Doubt"],"score":138,"play_id":"c5e8441c-adcb-4f89-87c1-b0e7ae86f742","local_time":"20190128095054","is_ascension_mode":true,"campfire_choices":[{"data":"Whirlwind","floor":8,"key":"SMITH"},{"data":"Bloodletting","floor":10,"key":"SMITH"},{"data":"Burning Pact","floor":15,"key":"SMITH"}],"neow_cost":"NONE","seed_source_timestamp":156255304949844,"circlet_count":0,"master_deck":["Strike_R","Strike_R","Strike_R","Strike_R","Strike_R","Defend_R","Defend_R","Defend_R","Defend_R","Bash","Whirlwind+1","Bloodletting+1","Feel No Pain","Sentinel","Warcry","Regret","Burning Pact+1"],"relics":["Burning Blood","NeowsBlessing","Golden Idol","Ancient Tea Set","Pear","Vajra","Centennial Puzzle","Gremlin Horn"],"potions_floor_usage":[16],"damage_taken":[{"damage":0,"enemies":"Cultist","floor":1,"turns":1},{"damage":0,"enemies":"Small Slimes","floor":3,"turns":1},{"damage":0,"enemies":"Gremlin Nob","floor":6,"turns":1},{"damage":37,"enemies":"Lagavulin","floor":11,"turns":6},{"damage":7,"enemies":"2 Louse","floor":14,"turns":2},{"damage":51,"enemies":"Hexaghost","floor":16,"turns":9}],"seed_played":"-5354947338312775772","potions_obtained":[{"floor":1,"key":"SteroidPotion"}],"is_trial":false,"path_per_floor":["M","?","M","?","$","E","$","R","T","R","E","?","$","M","R","B"],"character_chosen":"IRONCLAD","items_purchased":["Feel No Pain","Ancient Tea Set","Warcry"],"campfire_rested":0,"item_purchase_floors":[5,5,7],"current_hp_per_floor":[80,60,66,66,66,82,82,82,82,82,51,51,51,50,50,0],"gold":104,"neow_bonus":"THREE_ENEMY_KILL","is_prod":false,"is_daily":false,"chose_seed":false,"campfire_upgraded":3,"win_rate":0,"timestamp":1548690654,"path_taken":["M","?","M","?","$","E","$","R","T","R","E","?","?","M","R","BOSS"],"build_version":"2019-01-23","purchased_purges":1,"victory":false,"max_hp_per_floor":[80,80,80,80,80,90,90,90,90,90,90,90,90,90,90,90],"card_choices":[{"not_picked":["Second Wind","Clash"],"picked":"Whirlwind","floor":1},{"not_picked":["Rampage","Perfected Strike"],"picked":"Bloodletting","floor":3},{"not_picked":["Cleave","Rupture"],"picked":"Sentinel","floor":6},{"not_picked":["Iron Wave","Power Through","Feel No Pain"],"picked":"SKIP","floor":11},{"not_picked":["Carnage","Anger"],"picked":"Burning Pact","floor":14}],"player_experience":307023,"relics_obtained":[{"floor":6,"key":"Pear"},{"floor":9,"key":"Vajra"},{"floor":11,"key":"Centennial Puzzle"}],"event_choices":[{"damage_healed":0,"gold_gain":0,"player_choice":"Take Damage","damage_taken":20,"relics_obtained":["Golden Idol"],"max_hp_gain":0,"max_hp_loss":0,"event_name":"Golden Idol","floor":2,"gold_loss":0},{"damage_healed":0,"gold_gain":175,"player_choice":"AGREE","damage_taken":0,"max_hp_gain":0,"max_hp_loss":0,"event_name":"Liars Game","floor":4,"gold_loss":0,"cards_obtained":["Doubt"]},{"damage_healed":0,"gold_gain":0,"player_choice":"Box","damage_taken":0,"relics_obtained":["Gremlin Horn"],"max_hp_gain":0,"max_hp_loss":0,"event_name":"Big Fish","floor":12,"gold_loss":0,"cards_obtained":["Regret"]}],"is_beta":false,"boss_relics":[],"items_purged_floors":[5],"is_endless":false,"potions_floor_spawned":[1],"killed_by":"Hexaghost","ascension_level":1}