{"gold_per_floor":[18,31,31,45,45,45,80,80,106,118,293,293,311,350,350,350],"floor_reached":16,"playtime":576,"items_purged":[],"score":165,"play_id":"3aac5cd1-a288-4b07-80c0-ef743be7b860","local_time":"20181217160802","is_ascension_mode":true,"campfire_choices":[{"data":"Zap","floor":6,"key":"SMITH"},{"floor":8,"key":"REST"},{"floor":15,"key":"REST"}],"neow_cost":"NO_GOLD","seed_source_timestamp":339284460722317,"circlet_count":0,"master_deck":["AscendersBane","Strike_B","Strike_B","Strike_B","Strike_B","Defend_B","Defend_B+1","Defend_B+1","Defend_B","Zap+1","Dualcast","Hologram","Regret","FTL","Rebound","Conserve Battery","Doubt","Injury","Steam","Scrape"],"relics":["Cracked Core","War Paint","Bronze Scales","Bird Faced Urn","Vajra","Golden Idol","Omamori"],"potions_floor_usage":[13,14,16,16],"damage_taken":[{"damage":12,"enemies":"Small Slimes","floor":1,"turns":3},{"damage":1,"enemies":"Cultist","floor":2,"turns":4},{"damage":14,"enemies":"2 Louse","floor":4,"turns":4},{"damage":39,"enemies":"3 Sentries","floor":7,"turns":7},{"damage":15,"enemies":"Large Slime","floor":10,"turns":5},{"damage":10,"enemies":"Gremlin Gang","floor":13,"turns":4},{"damage":17,"enemies":"Lagavulin","floor":14,"turns":7},{"damage":39,"enemies":"Slime Boss","floor":16,"turns":6}],"seed_played":"-4308065133413627694","potions_obtained":[{"floor":2,"key":"Strength Potion"},{"floor":4,"key":"FearPotion"},{"floor":7,"key":"PowerPotion"},{"floor":14,"key":"Swift Potion"}],"is_trial":false,"path_per_floor":["M","M","?","M","?","R","E","R","T","M","?","?","M","E","R","B"],"character_chosen":"DEFECT","items_purchased":[],"campfire_rested":2,"item_purchase_floors":[],"current_hp_per_floor":[70,69,69,55,55,55,16,42,42,27,27,27,19,2,28,0],"gold":350,"neow_bonus":"TWENTY_PERCENT_HP_BONUS","is_prod":false,"is_daily":false,"chose_seed":false,"campfire_upgraded":1,"win_rate":0,"timestamp":1545080882,"path_taken":["M","M","?","M","?","R","E","R","T","?","?","?","M","E","R","BOSS"],"build_version":"2018-12-13","purchased_purges":0,"victory":false,"max_hp_per_floor":[89,89,89,89,89,89,89,89,89,89,89,89,89,89,89,89],"card_choices":[{"not_picked":["Barrage","Hello World"],"picked":"Hologram","floor":1},{"not_picked":["Hologram","Darkness"],"picked":"Coolheaded","floor":2},{"not_picked":["Barrage","Go for the Eyes"],"picked":"FTL","floor":4},{"not_picked":["Aggregate","Streamline"],"picked":"Rebound","floor":7},{"not_picked":["Beam Cell","Undo"],"picked":"Conserve Battery","floor":10},{"not_picked":["Conserve Battery","Turbo"],"picked":"Steam","floor":13},{"not_picked":["Capacitor","BootSequence"],"picked":"Scrape","floor":14}],"player_experience":402525,"relics_obtained":[{"floor":7,"key":"Bird Faced Urn"},{"floor":9,"key":"Vajra"},{"floor":14,"key":"Omamori"}],"event_choices":[{"damage_healed":0,"gold_gain":0,"player_choice":"Box","damage_taken":0,"relics_obtained":["War Paint"],"max_hp_gain":0,"max_hp_loss":0,"event_name":"Big Fish","floor":3,"gold_loss":0,"cards_obtained":["Regret"]},{"cards_removed":["Coolheaded"],"damage_healed":0,"gold_gain":0,"player_choice":"Gave Card","damage_taken":0,"relics_obtained":["Bronze Scales"],"max_hp_gain":0,"max_hp_loss":0,"event_name":"WeMeetAgain","floor":5,"gold_loss":0},{"damage_healed":0,"gold_gain":175,"player_choice":"AGREE","damage_taken":0,"max_hp_gain":0,"max_hp_loss":0,"event_name":"Liars Game","floor":11,"gold_loss":0,"cards_obtained":["Doubt"]},{"damage_healed":0,"gold_gain":0,"player_choice":"Take Wound","damage_taken":0,"relics_obtained":["Golden Idol"],"max_hp_gain":0,"max_hp_loss":0,"event_name":"Golden Idol","floor":12,"gold_loss":0,"cards_obtained":["Injury"]}],"is_beta":false,"boss_relics":[],"items_purged_floors":[],"is_endless":false,"potions_floor_spawned":[2,4,7,14],"killed_by":"Slime Boss","ascension_level":10}