{"gold_per_floor":[118,118,118,138,148,148,175,18,95,95,153,153,182,26,26,129,129,148,148,68,68,86,86,86,112,149,184,216,228,240,269,281,388,400,430,462,574,606,21,21,38,38,62,80,80,90,90,90,90,90],"floor_reached":51,"playtime":5160,"items_purged":["Strike_B"],"score":671,"play_id":"87520ebb-6ffe-4905-96d0-ecd511b01a8d","local_time":"20190201164111","is_ascension_mode":false,"campfire_choices":[{"data":"Dualcast","floor":6,"key":"SMITH"},{"data":"Genetic Algorithm","floor":10,"key":"SMITH"},{"data":"Lockon","floor":12,"key":"SMITH"},{"floor":15,"key":"REST"},{"data":"Static Discharge","floor":23,"key":"SMITH"},{"data":"Defend_B","floor":29,"key":"SMITH"},{"floor":32,"key":"REST"},{"data":"Defend_B","floor":40,"key":"SMITH"},{"data":"Amplify","floor":42,"key":"SMITH"},{"data":"Defend_B","floor":45,"key":"SMITH"},{"floor":49,"key":"REST"}],"neow_cost":"NONE","seed_source_timestamp":1200844205080557,"circlet_count":0,"master_deck":["Strike_B","Strike_B","Defend_B","Defend_B+1","Defend_B+1","Defend_B+1","Zap+1","Dualcast+1","Conserve Battery","Coolheaded","Ball Lightning","Genetic Algorithm+1","Static Discharge+1","Lockon+1","Static Discharge+1","Static Discharge+1","Static Discharge+1","Electrodynamics+1","Glacier+1","Self Repair+1","Leap+1","Writhe","Reinforced Body+1","Coolheaded","Auto Shields+1","Thunder Strike","Darkness+1","Darkness","Hologram+1","White Noise+1","Biased Cognition+1","Amplify+1","Capacitor+1","Parasite","Static Discharge+1","Thunder Strike","Madness","Madness"],"relics":["Cracked Core","Centennial Puzzle","Frozen Egg 2","Question Card","Pen Nib","White Beast Statue","Bronze Scales","MawBank","PreservedInsect","Happy Flower","Nuclear Battery","Torii","Calipers","Art of War"],"potions_floor_usage":[7,22,25,25,33,33,35,37,37,50,50],"damage_taken":[{"damage":0,"enemies":"2 Louse","floor":1,"turns":3},{"damage":0,"enemies":"Jaw Worm","floor":4,"turns":3},{"damage":0,"enemies":"Cultist","floor":5,"turns":4},{"damage":4,"enemies":"Lagavulin","floor":7,"turns":7},{"damage":10,"enemies":"Lagavulin Event","floor":11,"turns":5},{"damage":13,"enemies":"3 Sentries","floor":13,"turns":5},{"damage":20,"enemies":"The Guardian","floor":16,"turns":7},{"damage":3,"enemies":"Chosen","floor":18,"turns":4},{"damage":7,"enemies":"Shell Parasite","floor":22,"turns":2},{"damage":31,"enemies":"Gremlin Leader","floor":25,"turns":4},{"damage":9,"enemies":"Snecko","floor":28,"turns":4},{"damage":6,"enemies":"Snake Plant","floor":31,"turns":4},{"damage":37,"enemies":"Champ","floor":33,"turns":10},{"damage":5,"enemies":"3 Shapes","floor":35,"turns":3},{"damage":5,"enemies":"Orb Walker","floor":36,"turns":2},{"damage":22,"enemies":"Mind Bloom Boss Battle","floor":37,"turns":6},{"damage":1,"enemies":"4 Shapes","floor":38,"turns":6},{"damage":2,"enemies":"Jaw Worm Horde","floor":41,"turns":3},{"damage":9,"enemies":"Writhing Mass","floor":44,"turns":5},{"damage":7,"enemies":"Maw","floor":46,"turns":6},{"damage":11,"enemies":"Time Eater","floor":50,"turns":5}],"seed_played":"6833696247890389697","potions_obtained":[{"floor":5,"key":"EssenceOfSteel"},{"floor":7,"key":"SteroidPotion"},{"floor":11,"key":"GamblersBrew"},{"floor":18,"key":"SkillPotion"},{"floor":22,"key":"Fire Potion"},{"floor":25,"key":"Dexterity Potion"},{"floor":28,"key":"GamblersBrew"},{"floor":33,"key":"FearPotion"},{"floor":35,"key":"FocusPotion"},{"floor":36,"key":"Block Potion"},{"floor":37,"key":"Strength Potion"},{"floor":38,"key":"Dexterity Potion"},{"floor":41,"key":"Energy Potion"},{"floor":46,"key":"AttackPotion"}],"is_trial":false,"path_per_floor":["M","?","?","M","M","R","E","$","T","R","?","R","E","$","R","B",null,"M","?","$","?","M","R","?","E","T","T","M","R","?","M","R","B",null,"M","M","?","M","$","R","M","R","T","M","R","M","?","?","R","B",null],"character_chosen":"DEFECT","items_purchased":["Static Discharge","Lockon","Static Discharge+1","Self Repair+1","Calipers","Biased Cognition+1","Amplify"],"campfire_rested":3,"item_purchase_floors":[8,8,14,20,39,39,39],"current_hp_per_floor":[82,87,87,87,87,87,83,83,83,83,73,73,60,60,86,66,87,84,84,84,84,87,87,87,66,66,66,67,67,67,71,87,50,87,82,77,65,74,74,74,72,72,72,73,73,76,65,65,87,76],"gold":90,"neow_bonus":"TEN_PERCENT_HP_BONUS","is_prod":false,"is_daily":false,"chose_seed":false,"campfire_upgraded":8,"win_rate":0.0,"timestamp":1549035671,"path_taken":["M","?","?","?","M","R","E","$","T","R","?","R","E","$","R","BOSS","M","?","$","?","M","R","?","E","T","?","?","R","?","M","R","BOSS","M","M","?","M","$","R","M","R","T","M","R","M","?","?","R","BOSS"],"build_version":"2019-01-23","purchased_purges":1,"victory":true,"max_hp_per_floor":[82,87,87,87,87,87,87,87,87,87,87,87,87,87,87,87,87,87,87,87,87,87,87,87,87,87,87,87,87,87,87,87,87,87,87,87,87,87,87,87,87,87,87,87,87,87,87,87,87,87],"card_choices":[{"not_picked":["Steam","Beam Cell"],"picked":"Conserve Battery","floor":1},{"not_picked":["Hello World","Double Energy"],"picked":"Coolheaded","floor":4},{"not_picked":["Barrage","Beam Cell"],"picked":"Ball Lightning","floor":5},{"not_picked":["Barrage","Compile Driver"],"picked":"Genetic Algorithm","floor":7},{"not_picked":["Barrage","Leap"],"picked":"Static Discharge+1","floor":11},{"not_picked":["BootSequence","Lockon","Rebound"],"picked":"Static Discharge+1","floor":13},{"not_picked":["Multi-Cast","Seek","Machine Learning+1"],"picked":"Electrodynamics+1","floor":16},{"not_picked":["Rebound+1","Fusion","Stack"],"picked":"Glacier+1","floor":18},{"not_picked":["Go for the Eyes","Lockon","FTL"],"picked":"Leap+1","floor":22},{"not_picked":["Cold Snap","Redo+1","Rebound"],"picked":"Reinforced Body+1","floor":25},{"not_picked":["White Noise","Heatsinks+1","Leap"],"picked":"Coolheaded","floor":28},{"not_picked":["Reinforced Body","Streamline","White Noise"],"picked":"Auto Shields+1","floor":31},{"not_picked":["Echo Form+1","Machine Learning+1","Electrodynamics+1"],"picked":"Thunder Strike","floor":33},{"not_picked":["Compile Driver+1","Barrage+1","Beam Cell+1"],"picked":"Darkness+1","floor":35},{"not_picked":["Reprogram+1","Steam Power","Chaos"],"picked":"Darkness","floor":36},{"not_picked":["Cold Snap","Conserve Battery+1","Sweeping Beam+1"],"picked":"Hologram+1","floor":37},{"not_picked":["Steam Power+1","Compile Driver+1","Hologram+1"],"picked":"White Noise+1","floor":38},{"not_picked":["Coolheaded","Leap","Force Field"],"picked":"Capacitor+1","floor":41},{"not_picked":["Gash+1","Cold Snap+1","Steam"],"picked":"Static Discharge+1","floor":44},{"not_picked":["Redo+1","BootSequence+1","Leap"],"picked":"Thunder Strike","floor":46}],"player_experience":57756,"relics_obtained":[{"floor":7,"key":"Centennial Puzzle"},{"floor":9,"key":"Frozen Egg 2"},{"floor":11,"key":"Question Card"},{"floor":13,"key":"Pen Nib"},{"floor":25,"key":"MawBank"},{"floor":26,"key":"PreservedInsect"},{"floor":27,"key":"Happy Flower"},{"floor":37,"key":"Torii"},{"floor":43,"key":"Art of War"}],"event_choices":[{"damage_healed":0,"gold_gain":0,"player_choice":"Donut","damage_taken":0,"max_hp_gain":5,"max_hp_loss":0,"event_name":"Big Fish","floor":2,"gold_loss":0},{"damage_healed":0,"gold_gain":0,"player_choice":"Upgraded","damage_taken":0,"max_hp_gain":0,"max_hp_loss":0,"event_name":"Upgrade Shrine","floor":3,"gold_loss":0,"cards_upgraded":["Zap"]},{"damage_healed":0,"gold_gain":0,"player_choice":"Searched \u00272\u0027 times","damage_taken":0,"max_hp_gain":0,"max_hp_loss":0,"event_name":"Dead Adventurer","floor":11,"gold_loss":0},{"damage_healed":0,"gold_gain":0,"player_choice":"Ignored","damage_taken":0,"max_hp_gain":0,"max_hp_loss":0,"event_name":"Ghosts","floor":19,"gold_loss":0},{"damage_healed":0,"gold_gain":0,"player_choice":"Ignored","damage_taken":0,"max_hp_gain":0,"max_hp_loss":0,"event_name":"Beggar","floor":21,"gold_loss":0},{"damage_healed":0,"gold_gain":0,"player_choice":"Opened","damage_taken":0,"relics_obtained":["Bronze Scales"],"max_hp_gain":0,"max_hp_loss":0,"event_name":"The Mausoleum","floor":24,"gold_loss":0,"cards_obtained":["Writhe"]},{"damage_healed":0,"gold_gain":0,"cards_transformed":["Strike_B"],"player_choice":"Transformed","damage_taken":0,"max_hp_gain":0,"max_hp_loss":0,"event_name":"Transmorgrifier","floor":30,"gold_loss":0,"cards_obtained":["Rip and Tear"]},{"damage_healed":0,"gold_gain":0,"player_choice":"Fight","damage_taken":0,"max_hp_gain":0,"max_hp_loss":0,"event_name":"MindBloom","floor":37,"gold_loss":0},{"damage_healed":0,"gold_gain":0,"player_choice":"Embrace Madness","damage_taken":11,"max_hp_gain":0,"max_hp_loss":0,"event_name":"Winding Halls","floor":47,"gold_loss":0,"cards_obtained":["Madness","Madness"]},{"cards_removed":["Rip and Tear"],"damage_healed":0,"gold_gain":0,"player_choice":"Removed Attack","damage_taken":0,"max_hp_gain":0,"max_hp_loss":0,"event_name":"Falling","floor":48,"gold_loss":0}],"is_beta":false,"boss_relics":[{"not_picked":["Runic Dome","Pandora\u0027s Box"],"picked":"White Beast Statue"},{"not_picked":["Astrolabe","Empty Cage"],"picked":"Nuclear Battery"}],"items_purged_floors":[14],"is_endless":false,"potions_floor_spawned":[5,7,11,18,22,25,28,31,33,35,36,37,38,41,44,46],"ascension_level":0}