{"gold_per_floor":[118,136,83,103,12,12,12,24,24,24,359,309,336,348,348,447,447,460,477,477,488,186,218,2,2,2,2,22,22,34,34,34,132,132,152,152,112,131,31,31,31,43,69,69],"floor_reached":44,"playtime":5703,"items_purged":["Strike_B","Strike_B"],"score":480,"play_id":"976cbf2d-988d-401e-8647-468862b2cd6d","local_time":"20190208171421","is_ascension_mode":true,"campfire_choices":[{"floor":6.0,"key":"RECALL"},{"floor":10.0,"key":"REST"},{"floor":15.0,"key":"REST"},{"floor":27.0,"key":"REST"},{"floor":29.0,"key":"REST"},{"floor":32.0,"key":"REST"},{"floor":40.0,"key":"REST"}],"neow_cost":"NONE","seed_source_timestamp":0,"circlet_count":0,"master_deck":["Strike_B","Defend_B+1","Defend_B","Defend_B+1","Defend_B","Zap","Dualcast","Scrape","Sweeping Beam","Beam Cell","Cold Snap","Beam Cell","Static Discharge","Scrape","Leap","Ball Lightning","Redo","All For One","Steam Power","Auto Shields","Chill","Beam Cell","Leap","Gash","Reinforced Body","Gash","Flash of Steel","Static Discharge","Coolheaded","Chill","Skim+1","Echo Form","Coolheaded+1","Barrage+1"],"special_seed":0,"relics":["FrozenCore","Old Coin","Bag of Preparation","Orrery","Omamori","Bag of Marbles","Runic Capacitor","Thread and Needle","Boot","DataDisk","Bronze Scales"],"potions_floor_usage":[44],"damage_taken":[{"damage":0.0,"enemies":"Small Slimes","floor":1.0,"turns":2.0},{"damage":0.0,"enemies":"2 Louse","floor":2.0,"turns":2.0},{"damage":0.0,"enemies":"Cultist","floor":4.0,"turns":2.0},{"damage":15.0,"enemies":"Exordium Thugs","floor":8.0,"turns":5.0},{"damage":2.0,"enemies":"Lagavulin","floor":11.0,"turns":8.0},{"damage":16.0,"enemies":"3 Sentries","floor":13.0,"turns":7.0},{"damage":0.0,"enemies":"Large Slime","floor":14.0,"turns":5.0},{"damage":32.0,"enemies":"Hexaghost","floor":16.0,"turns":7.0},{"damage":14.0,"enemies":"Shell Parasite","floor":18.0,"turns":5.0},{"damage":10.0,"enemies":"Chosen","floor":19.0,"turns":3.0},{"damage":0.0,"enemies":"3 Cultists","floor":21.0,"turns":6.0},{"damage":18.0,"enemies":"Book of Stabbing","floor":23.0,"turns":5.0},{"damage":11.0,"enemies":"Shelled Parasite and Fungi","floor":28.0,"turns":8.0},{"damage":2.0,"enemies":"Sentry and Sphere","floor":30.0,"turns":6.0},{"damage":37.0,"enemies":"Collector","floor":33.0,"turns":10.0},{"damage":26.0,"enemies":"3 Shapes","floor":35.0,"turns":9.0},{"damage":0.0,"enemies":"Orb Walker","floor":38.0,"turns":6.0},{"damage":0.0,"enemies":"Spire Growth","floor":42.0,"turns":8.0},{"damage":88,"enemies":"Giant Head","floor":44,"turns":10}],"seed_played":"-8543756421482294918","potions_obtained":[{"floor":1.0,"key":"SteroidPotion"},{"floor":2.0,"key":"FearPotion"},{"floor":13.0,"key":"PowerPotion"},{"floor":16.0,"key":"Strength Potion"},{"floor":23.0,"key":"SteroidPotion"},{"floor":25.0,"key":"EntropicBrew"},{"floor":28.0,"key":"Fruit Juice"},{"floor":30.0,"key":"Weak Potion"},{"floor":33.0,"key":"Poison Potion"},{"floor":37.0,"key":"LiquidBronze"},{"floor":37.0,"key":"Ancient Potion"},{"floor":37.0,"key":"Swift Potion"},{"floor":38.0,"key":"FocusPotion"}],"is_trial":false,"path_per_floor":["M","M","$","M","$","R","?","M","T","R","E","?","E","M","R","B",null,"M","M","?","M","$","E","$","?","T","R","M","R","M","T","R","B",null,"M","?","?","M","$","R","?","M","T","E"],"character_chosen":"DEFECT","items_purchased":["Beam Cell","Beam Cell","Static Discharge","Flash of Steel","Omamori","Coolheaded","Runic Capacitor"],"campfire_rested":6,"item_purchase_floors":[3,5,5,22,22,24,24],"current_hp_per_floor":[75,75,75,75,75,75,60,45,45,67,65,65,49,49,71,39,75,61,51,51,51,51,33,33,33,33,55,44,66,69,69,80,43,80,54,54,54,54,54,78,78,78,78,0],"gold":69,"neow_bonus":"ONE_RANDOM_RARE_CARD","is_prod":false,"is_daily":false,"chose_seed":false,"campfire_upgraded":0,"win_rate":0,"timestamp":1549642461,"path_taken":["M","M","$","M","$","R","?","M","T","R","E","?","E","M","R","BOSS","M","M","?","M","$","E","$","?","T","R","M","R","?","?","R","BOSS","M","?","?","?","$","R","?","M","T","E"],"build_version":"2019-01-23","purchased_purges":2,"victory":false,"max_hp_per_floor":[75,75,75,75,75,75,75,75,75,75,75,75,75,75,75,75,75,75,75,75,75,75,75,75,75,75,75,75,75,80,80,80,80,80,80,80,80,80,80,80,80,80,80,80],"card_choices":[{"not_picked":["Static Discharge","Turbo"],"picked":"Scrape","floor":1.0},{"not_picked":["Storm","Conserve Battery"],"picked":"Sweeping Beam","floor":2.0},{"not_picked":["Undo","Turbo"],"picked":"Cold Snap","floor":4.0},{"not_picked":["Stack","Hologram"],"picked":"Scrape","floor":8.0},{"not_picked":["Conserve Battery","Coolheaded"],"picked":"Leap","floor":11.0},{"not_picked":["Redo","Reboot"],"picked":"Ball Lightning","floor":13.0},{"not_picked":["Barrage","Cold Snap"],"picked":"Redo","floor":14.0},{"not_picked":["Reboot","Fission"],"picked":"All For One","floor":16.0},{"not_picked":["Turbo","Storm"],"picked":"Steam Power","floor":17.0},{"not_picked":["Rebound","Conserve Battery"],"picked":"Auto Shields","floor":17.0},{"not_picked":["Loop","Storm"],"picked":"Chill","floor":17.0},{"not_picked":["Force Field","Leap"],"picked":"Beam Cell","floor":17.0},{"not_picked":["Undo","Force Field"],"picked":"Leap","floor":17.0},{"not_picked":["Hello World","Barrage+1"],"picked":"Gash","floor":18.0},{"not_picked":["Buffer","Compile Driver"],"picked":"Reinforced Body","floor":19.0},{"not_picked":["Compile Driver","Ball Lightning"],"picked":"Gash","floor":21.0},{"not_picked":["Compile Driver+1","Turbo"],"picked":"Static Discharge","floor":23.0},{"not_picked":["Turbo+1","Steam"],"picked":"Chill","floor":28.0},{"not_picked":["Cold Snap+1","Compile Driver"],"picked":"Skim+1","floor":30.0},{"not_picked":["Hyperbeam","Machine Learning"],"picked":"Echo Form","floor":33.0},{"not_picked":["Sweeping Beam+1","Streamline+1"],"picked":"Coolheaded+1","floor":35.0},{"not_picked":["Fusion","Leap","Genetic Algorithm+1"],"picked":"SKIP","floor":38.0},{"not_picked":["Ball Lightning+1","Reinforced Body"],"picked":"Barrage+1","floor":42.0}],"player_experience":274134,"relics_obtained":[{"floor":11.0,"key":"Old Coin"},{"floor":13.0,"key":"Bag of Preparation"},{"floor":23.0,"key":"Bag of Marbles"},{"floor":26.0,"key":"Thread and Needle"},{"floor":31.0,"key":"Boot"},{"floor":43.0,"key":"Bronze Scales"}],"event_choices":[{"damage_healed":0.0,"max_hp_gain":0.0,"max_hp_loss":0.0,"gold_gain":0.0,"event_name":"Shining Light","player_choice":"Entered Light","floor":7.0,"gold_loss":0.0,"damage_taken":15.0,"cards_upgraded":["Defend_B","Defend_B"]},{"cards_removed":["Strike_B"],"damage_healed":0.0,"max_hp_gain":0.0,"max_hp_loss":0.0,"gold_gain":0.0,"event_name":"The Cleric","player_choice":"Card Removal","floor":12.0,"gold_loss":50.0,"damage_taken":0.0},{"damage_healed":0.0,"max_hp_gain":0.0,"max_hp_loss":0.0,"gold_gain":0.0,"event_name":"Cursed Tome","player_choice":"Ignored","floor":20.0,"gold_loss":0.0,"damage_taken":0.0},{"damage_healed":0.0,"max_hp_gain":0.0,"max_hp_loss":0.0,"gold_gain":0.0,"event_name":"Lab","player_choice":"Got Potions","floor":25.0,"gold_loss":0.0,"damage_taken":0.0},{"cards_removed":["Biased Cognition"],"damage_healed":0.0,"max_hp_gain":0.0,"max_hp_loss":0.0,"gold_gain":0.0,"event_name":"Falling","player_choice":"Removed Power","floor":36.0,"gold_loss":0.0,"damage_taken":0.0},{"damage_healed":0.0,"max_hp_gain":0.0,"max_hp_loss":0.0,"gold_gain":0.0,"event_name":"The Woman in Blue","player_choice":"Bought 3 Potions","floor":37.0,"gold_loss":0.0,"damage_taken":0.0},{"damage_healed":0.0,"max_hp_gain":0.0,"max_hp_loss":0.0,"gold_gain":0.0,"event_name":"WeMeetAgain","player_choice":"Gave Potion","floor":41.0,"gold_loss":0.0,"damage_taken":0.0,"relics_obtained":["DataDisk"]}],"is_beta":false,"boss_relics":[{"not_picked":["Tiny House","Runic Dome"],"picked":"Orrery"},{"not_picked":["Snecko Eye","Runic Pyramid"],"picked":"FrozenCore"}],"items_purged_floors":[22,39],"is_endless":false,"potions_floor_spawned":[1,2,13,16,23,28,30,33,38],"killed_by":"Giant Head","ascension_level":2}