{"gold_per_floor":[115,34,48,48,64,95,95,108,154,27,57,57,57,57,57,57],"floor_reached":16,"playtime":1056,"items_purged":[],"score":108,"play_id":"166e1cd7-0755-434b-a55c-49a43c49252d","local_time":"20190204154737","is_ascension_mode":false,"campfire_choices":[{"floor":7,"key":"RECALL"},{"floor":15,"key":"REST"}],"neow_cost":"NONE","seed_source_timestamp":634359431682947,"circlet_count":0,"master_deck":["Defend_G","Defend_G","Defend_G","Defend_G","Defend_G","Strike_G","Strike_G","Strike_G","Strike_G","Strike_G","Survivor","Neutralize","Flechettes","Noxious Fumes","Acrobatics","Quick Slash","Infinite Blades","Night Terror","Blade Dance","Catalyst","Injury"],"relics":["Ring of the Snake","NeowsBlessing","CultistMask","Bottled Lightning","PreservedInsect","Anchor","Golden Idol","Question Card"],"potions_floor_usage":[16],"damage_taken":[{"damage":0,"enemies":"Small Slimes","floor":1,"turns":1},{"damage":0,"enemies":"Cultist","floor":3,"turns":1},{"damage":0,"enemies":"2 Louse","floor":5,"turns":1},{"damage":26,"enemies":"3 Sentries","floor":6,"turns":10},{"damage":9,"enemies":"2 Fungi Beasts","floor":8,"turns":4},{"damage":20,"enemies":"Gremlin Nob","floor":11,"turns":5},{"damage":63,"enemies":"Hexaghost","floor":16,"turns":12}],"seed_played":"-991613950054045113","potions_obtained":[{"floor":1,"key":"SpeedPotion"},{"floor":8,"key":"Regen Potion"}],"is_trial":false,"path_per_floor":["M","$","M","?","M","E","R","M","T","$","E","?","?","?","R","B"],"character_chosen":"THE_SILENT","items_purchased":["Noxious Fumes","Night Terror","Blade Dance"],"campfire_rested":1,"item_purchase_floors":[2,10,10],"current_hp_per_floor":[70,70,70,70,70,44,44,35,35,35,15,15,3,26,47,0],"gold":57,"neow_bonus":"THREE_ENEMY_KILL","is_prod":false,"is_daily":false,"chose_seed":false,"campfire_upgraded":0,"win_rate":0,"timestamp":1549302457,"path_taken":["M","$","M","?","M","E","R","?","T","$","E","?","?","?","R","BOSS"],"build_version":"2019-01-23","purchased_purges":0,"victory":false,"max_hp_per_floor":[70,70,70,70,70,70,70,70,70,70,70,70,70,70,70,70],"card_choices":[{"not_picked":["Poisoned Stab","Expertise"],"picked":"Flechettes","floor":1},{"not_picked":["Sucker Punch","Deadly Poison","Skewer"],"picked":"SKIP","floor":3},{"not_picked":["Sucker Punch","Concentrate"],"picked":"Acrobatics","floor":5},{"not_picked":["Calculated Gamble","Flechettes"],"picked":"Quick Slash","floor":6},{"not_picked":["Backflip","Prepared"],"picked":"Infinite Blades","floor":8},{"not_picked":["Riddle With Holes","Tactician"],"picked":"Catalyst","floor":11}],"player_experience":359192,"relics_obtained":[{"floor":6,"key":"Bottled Lightning"},{"floor":9,"key":"PreservedInsect"},{"floor":11,"key":"Anchor"}],"event_choices":[{"damage_healed":0,"gold_gain":0,"player_choice":"Trade","damage_taken":0,"relics_obtained":["CultistMask"],"max_hp_gain":0,"max_hp_loss":0,"event_name":"FaceTrader","floor":4,"gold_loss":0},{"damage_healed":0,"gold_gain":0,"player_choice":"Take Wound","damage_taken":0,"relics_obtained":["Golden Idol"],"max_hp_gain":0,"max_hp_loss":0,"event_name":"Golden Idol","floor":12,"gold_loss":0,"cards_obtained":["Injury"]},{"damage_healed":0,"gold_gain":0,"player_choice":"Success","damage_taken":12,"relics_obtained":["Question Card"],"max_hp_gain":0,"max_hp_loss":0,"event_name":"Scrap Ooze","floor":13,"gold_loss":0},{"damage_healed":23,"gold_gain":0,"player_choice":"Banana","damage_taken":0,"max_hp_gain":0,"max_hp_loss":0,"event_name":"Big Fish","floor":14,"gold_loss":0}],"is_beta":false,"boss_relics":[],"items_purged_floors":[],"is_endless":false,"potions_floor_spawned":[1,8],"killed_by":"Hexaghost","ascension_level":0}