{"gold_per_floor":[114,127,52,227,237,237,271,290,313,313,341,359,27,27],"floor_reached":14,"playtime":710,"items_purged":["Strike_R","Doubt"],"score":115,"play_id":"183beebb-ebe0-4f53-9361-0276f89b6bc1","local_time":"20181109175725","is_ascension_mode":true,"campfire_choices":[{"data":"Cleave","floor":6,"key":"SMITH"},{"data":"Inflame","floor":10,"key":"SMITH"}],"neow_cost":"NONE","seed_source_timestamp":790496480080623,"circlet_count":0,"master_deck":["Strike_R","Strike_R","Strike_R","Strike_R","Defend_R","Defend_R","Defend_R","Defend_R","Bash","Inflame+1","Cleave+1","Ghostly Armor","Flex","Spot Weakness","Sword Boomerang","Thunderclap","Madness"],"relics":["Burning Blood","Vajra","Pen Nib","Strawberry","Regal Pillow"],"potions_floor_usage":[7],"damage_taken":[{"damage":1,"enemies":"Cultist","floor":1,"turns":4},{"damage":3,"enemies":"2 Louse","floor":2,"turns":2},{"damage":2,"enemies":"Jaw Worm","floor":5,"turns":3},{"damage":23,"enemies":"3 Sentries","floor":7,"turns":7},{"damage":12,"enemies":"Exordium Thugs","floor":8,"turns":4},{"damage":43,"enemies":"Lagavulin","floor":11,"turns":8},{"damage":7,"enemies":"Lots of Slimes","floor":12,"turns":2},{"damage":28,"enemies":"Gremlin Gang","floor":14,"turns":3}],"seed_played":"3599413993582655777","potions_obtained":[{"floor":2,"key":"Block Potion"},{"floor":11,"key":"LiquidBronze"},{"floor":12,"key":"GamblersBrew"}],"is_trial":false,"path_per_floor":["M","M","$","?","M","R","E","M","T","R","E","M","$","M"],"character_chosen":"IRONCLAD","items_purchased":["Regal Pillow","Madness"],"campfire_rested":0,"item_purchase_floors":[13,13],"current_hp_per_floor":[80,80,80,80,80,80,63,57,57,57,27,26,26,0],"gold":27,"neow_bonus":"THREE_CARDS","is_prod":false,"is_daily":false,"chose_seed":false,"campfire_upgraded":2,"win_rate":0,"timestamp":1541804245,"path_taken":["M","M","?","?","M","R","E","M","T","R","E","M","$","M"],"build_version":"2018-11-08","purchased_purges":2,"victory":false,"max_hp_per_floor":[80,80,80,80,80,80,80,80,80,80,87,87,87,87],"card_choices":[{"not_picked":["Reckless Charge","Infernal Blade"],"picked":"Inflame","floor":0},{"not_picked":["Warcry","Entrench"],"picked":"Cleave","floor":1},{"not_picked":["Clash","Battle Trance"],"picked":"Ghostly Armor","floor":2},{"not_picked":["Perfected Strike","Dropkick"],"picked":"Flex","floor":5},{"not_picked":["Seeing Red","Rampage"],"picked":"Spot Weakness","floor":7},{"not_picked":["Second Wind","Rampage","Body Slam"],"picked":"SKIP","floor":8},{"not_picked":["Spot Weakness","Disarm"],"picked":"Sword Boomerang","floor":11},{"not_picked":["Clothesline","Twin Strike"],"picked":"Thunderclap","floor":12}],"player_experience":246888,"relics_obtained":[{"floor":7,"key":"Vajra"},{"floor":9,"key":"Pen Nib"},{"floor":11,"key":"Strawberry"}],"event_choices":[{"damage_healed":0,"gold_gain":175,"player_choice":"AGREE","damage_taken":0,"max_hp_gain":0,"max_hp_loss":0,"event_name":"Liars Game","floor":4,"gold_loss":0,"cards_obtained":["Doubt"]}],"is_beta":false,"boss_relics":[],"items_purged_floors":[3,13],"is_endless":false,"potions_floor_spawned":[2,11,12],"killed_by":"Gremlin Gang","ascension_level":3}