{"gold_per_floor":[113,113,130,130,205,234,234,249,249,259,64,64,14,14,14,119,119,136,236,236,249,449,449,476,489,514,152,163,163,178,0,0,97,97,115,135,235,249,249,249,279,279,279,297,172,94,0,18,18,18],"floor_reached":51,"playtime":2766,"items_purged":["Strike_B","Defend_B","Dualcast"],"score":1190,"play_id":"8eb6aee6-9354-43ff-8083-04e235f478b9","local_time":"20190103005044","is_ascension_mode":true,"campfire_choices":[{"data":"Zap","floor":7,"key":"SMITH"},{"data":"Hologram","floor":12,"key":"SMITH"},{"floor":15,"key":"REST"},{"data":"Hologram","floor":23,"key":"SMITH"},{"data":"Coolheaded","floor":29,"key":"SMITH"},{"data":"Amplify","floor":32,"key":"SMITH"},{"data":"Biased Cognition","floor":40,"key":"SMITH"},{"data":"Creative AI","floor":42,"key":"SMITH"},{"data":"Lockon","floor":49,"key":"SMITH"}],"neow_cost":"NONE","seed_source_timestamp":886769467203154,"circlet_count":0,"master_deck":["AscendersBane","Defend_B+1","Defend_B","Zap+1","Go for the Eyes+1","Ball Lightning+1","Hologram+1","Electrodynamics","Hologram+1","Good Instincts","Coolheaded+1","Cold Snap","Biased Cognition+1","Seek+1","Redo+1","Cold Snap+1","Leap","Seek+1","Storm+1","Hologram+1","Amplify+1","Creative AI+1","Steam","Machine Learning","Undo","Turbo","Lockon+1"],"relics":["Cracked Core","NeowsBlessing","Mummified Hand","Potion Belt","Blue Candle","Astrolabe","Emotion Chip","Sundial","Omamori","Ancient Tea Set","Membership Card","ClockworkSouvenir","War Paint","Eternal Feather","WingedGreaves","Whetstone","Shuriken","Bronze Scales","Red Mask"],"potions_floor_usage":[16,19,24,24,30,36,38,48,50,50,50],"damage_taken":[{"damage":0,"enemies":"Jaw Worm","floor":1,"turns":1},{"damage":0,"enemies":"Cultist","floor":3,"turns":1},{"damage":0,"enemies":"3 Sentries","floor":6,"turns":1},{"damage":2,"enemies":"2 Louse","floor":8,"turns":2},{"damage":12,"enemies":"Large Slime","floor":10,"turns":3},{"damage":11,"enemies":"The Guardian","floor":16,"turns":14},{"damage":0,"enemies":"3 Byrds","floor":18,"turns":2},{"damage":15,"enemies":"Colosseum Slavers","floor":19,"turns":4},{"damage":0,"enemies":"Colosseum Nobs","floor":19,"turns":2},{"damage":0,"enemies":"Spheric Guardian","floor":21,"turns":3},{"damage":14,"enemies":"Book of Stabbing","floor":24,"turns":4},{"damage":9,"enemies":"Snake Plant","floor":25,"turns":2},{"damage":0,"enemies":"3 Cultists","floor":28,"turns":3},{"damage":0,"enemies":"Centurion and Healer","floor":30,"turns":1},{"damage":0,"enemies":"Automaton","floor":33,"turns":6},{"damage":0,"enemies":"Orb Walker","floor":35,"turns":1},{"damage":20,"enemies":"3 Darklings","floor":36,"turns":3},{"damage":1,"enemies":"Mind Bloom Boss Battle","floor":37,"turns":5},{"damage":4,"enemies":"Spire Growth","floor":38,"turns":3},{"damage":0,"enemies":"Reptomancer","floor":41,"turns":3},{"damage":2,"enemies":"Maw","floor":44,"turns":4},{"damage":1,"enemies":"Transient","floor":48,"turns":5},{"damage":1,"enemies":"Time Eater","floor":50,"turns":6}],"seed_played":"3338687144357817577","potions_obtained":[{"floor":2,"key":"Ancient Potion"},{"floor":2,"key":"Ancient Potion"},{"floor":2,"key":"AttackPotion"},{"floor":8,"key":"PowerPotion"},{"floor":16,"key":"GamblersBrew"},{"floor":19,"key":"Regen Potion"},{"floor":21,"key":"Swift Potion"},{"floor":25,"key":"Swift Potion"},{"floor":30,"key":"Explosive Potion"},{"floor":35,"key":"Energy Potion"},{"floor":38,"key":"FocusPotion"}],"is_trial":false,"path_per_floor":["M","?","M","?","?","E","R","M","T","M","$","R","$","?","R","B",null,"M","?","?","M","?","R","E","M","T","$","M","R","M","$","R","B",null,"M","M","?","M","?","R","E","R","T","M","$","$","?","M","R","B",null],"character_chosen":"DEFECT","items_purchased":["Good Instincts","Coolheaded","Cold Snap","Membership Card","Amplify","Creative AI","ClockworkSouvenir","War Paint","Lockon","Dexterity Potion","Bronze Scales"],"campfire_rested":1,"item_purchase_floors":[11,11,13,27,27,27,31,31,45,45,46],"current_hp_per_floor":[68,68,68,65,54,54,54,52,52,40,40,40,40,40,62,51,69,69,54,54,54,54,54,52,43,43,43,43,43,43,43,43,43,67,67,47,46,42,42,57,57,72,72,70,70,70,70,69,75,74],"gold":18,"neow_bonus":"THREE_ENEMY_KILL","is_prod":false,"is_daily":false,"chose_seed":false,"campfire_upgraded":8,"win_rate":0,"timestamp":1546494644,"path_taken":["M","?","?","?","?","E","R","M","T","M","$","R","$","?","R","BOSS","M","?","?","?","?","R","E","M","T","$","?","R","M","?","R","BOSS","M","?","?","M","?","R","E","R","T","?","?","$","?","M","R","BOSS"],"build_version":"2018-12-20","purchased_purges":3,"victory":true,"max_hp_per_floor":[75,75,75,75,75,75,75,75,75,75,75,75,75,75,75,75,75,75,75,75,75,75,75,75,75,75,75,75,75,75,75,75,75,75,75,75,75,75,75,75,75,75,75,75,75,75,75,75,75,75],"card_choices":[{"not_picked":["Barrage","Stack"],"picked":"Go for the Eyes","floor":1},{"not_picked":["Go for the Eyes","Undo"],"picked":"Ball Lightning","floor":3},{"not_picked":["Conserve Battery","Redo"],"picked":"Hologram","floor":6},{"not_picked":["Compile Driver","Sunder"],"picked":"Electrodynamics","floor":8},{"not_picked":["Coolheaded","Gash"],"picked":"Hologram","floor":10},{"not_picked":["Fission","Rainbow"],"picked":"Biased Cognition","floor":16},{"not_picked":["Genetic Algorithm+1","Heatsinks"],"picked":"Leap","floor":18},{"not_picked":["Redo+1","Rebound"],"picked":"Storm+1","floor":21},{"not_picked":["Rebound","Streamline","Turbo"],"picked":"SKIP","floor":24},{"not_picked":["Rebound","Consume"],"picked":"Hologram","floor":25},{"not_picked":["All For One","Sweeping Beam"],"picked":"Steam","floor":28},{"not_picked":["Genetic Algorithm+1","Gash+1","Cold Snap"],"picked":"SKIP","floor":30},{"not_picked":["Amplify","Electrodynamics"],"picked":"Machine Learning","floor":33},{"not_picked":["Darkness+1","Streamline+1","Gash"],"picked":"SKIP","floor":35},{"not_picked":["Compile Driver+1","Gash+1","Go for the Eyes"],"picked":"SKIP","floor":36},{"not_picked":["Streamline","Rebound+1"],"picked":"Undo","floor":37},{"not_picked":["Cold Snap","Turbo+1","Sunder"],"picked":"SKIP","floor":38},{"not_picked":["Blizzard","Gash","Go for the Eyes"],"picked":"SKIP","floor":41},{"not_picked":["Turbo+1","Cold Snap","Scrape"],"picked":"SKIP","floor":44},{"not_picked":["Turbo+1","Cold Snap","Scrape"],"picked":"SKIP","floor":44},{"not_picked":["Double Energy","Rebound","BootSequence"],"picked":"SKIP","floor":48}],"player_experience":452615,"relics_obtained":[{"floor":6,"key":"Potion Belt"},{"floor":9,"key":"Blue Candle"},{"floor":19,"key":"Emotion Chip"},{"floor":19,"key":"Sundial"},{"floor":24,"key":"Omamori"},{"floor":26,"key":"Ancient Tea Set"},{"floor":37,"key":"WingedGreaves"},{"floor":41,"key":"Whetstone"},{"floor":43,"key":"Shuriken"}],"event_choices":[{"damage_healed":0,"gold_gain":0,"player_choice":"Got Potions","damage_taken":0,"max_hp_gain":0,"max_hp_loss":0,"event_name":"Lab","floor":2,"gold_loss":0},{"damage_healed":0,"gold_gain":0,"player_choice":"Success","damage_taken":3,"relics_obtained":["Mummified Hand"],"max_hp_gain":0,"max_hp_loss":0,"event_name":"Scrap Ooze","floor":4,"gold_loss":0},{"damage_healed":0,"gold_gain":75,"player_choice":"Gather Gold","damage_taken":11,"max_hp_gain":0,"max_hp_loss":0,"event_name":"World of Goop","floor":5,"gold_loss":0},{"damage_healed":0,"gold_gain":0,"player_choice":"Ignored","damage_taken":0,"max_hp_gain":0,"max_hp_loss":0,"event_name":"Liars Game","floor":14,"gold_loss":0},{"damage_healed":0,"gold_gain":0,"player_choice":"Fight","damage_taken":0,"max_hp_gain":0,"max_hp_loss":0,"event_name":"Colosseum","floor":19,"gold_loss":0},{"damage_healed":0,"gold_gain":0,"player_choice":"Fought Nobs","damage_taken":0,"max_hp_gain":0,"max_hp_loss":0,"event_name":"Colosseum","floor":19,"gold_loss":0},{"damage_healed":0,"gold_gain":0,"player_choice":"Copied","damage_taken":0,"max_hp_gain":0,"max_hp_loss":0,"event_name":"Duplicator","floor":20,"gold_loss":0,"cards_obtained":["Seek"]},{"damage_healed":0,"gold_gain":250,"player_choice":"Bet on Owner","damage_taken":0,"max_hp_gain":0,"max_hp_loss":0,"event_name":"The Joust","floor":22,"gold_loss":50},{"damage_healed":0,"gold_gain":0,"player_choice":"Fight","damage_taken":0,"max_hp_gain":0,"max_hp_loss":0,"event_name":"MindBloom","floor":37,"gold_loss":0},{"damage_healed":0,"gold_gain":0,"cards_transformed":["Defend_B"],"player_choice":"Transformed","damage_taken":0,"max_hp_gain":0,"max_hp_loss":0,"event_name":"Transmorgrifier","floor":39,"gold_loss":0,"cards_obtained":["Turbo"]},{"damage_healed":0,"gold_gain":0,"player_choice":"Paid","damage_taken":0,"relics_obtained":["Red Mask"],"max_hp_gain":0,"max_hp_loss":0,"event_name":"Tomb of Lord Red Mask","floor":47,"gold_loss":94}],"is_beta":false,"boss_relics":[{"not_picked":["Coffee Dripper","Nuclear Battery"],"picked":"Astrolabe"},{"not_picked":["FrozenCore","Orrery"],"picked":"Eternal Feather"}],"items_purged_floors":[11,27,45],"is_endless":false,"potions_floor_spawned":[8,16,19,21,25,30,35,38],"ascension_level":10}