{"gold_per_floor":[113,128,139,63,63,91,91,122,184,196],"floor_reached":10,"playtime":664,"items_purged":[],"score":84,"play_id":"e8573893-33f7-4c8a-a195-d6dc38f16455","local_time":"20190110113402","is_ascension_mode":true,"campfire_choices":[{"data":"Bash","floor":7,"key":"SMITH"}],"neow_cost":"NONE","seed_source_timestamp":55719353961993,"circlet_count":0,"master_deck":["Strike_R","Strike_R","Strike_R","Strike_R","Strike_R","Defend_R","Defend_R","Defend_R","Defend_R","Bash+1","Shrug It Off","Dropkick","Juggernaut"],"relics":["Burning Blood","NeowsBlessing","Darkstone Periapt","MawBank","Pen Nib"],"potions_floor_usage":[6,10],"damage_taken":[{"damage":0,"enemies":"Small Slimes","floor":1,"turns":1},{"damage":0,"enemies":"2 Louse","floor":2,"turns":1},{"damage":0,"enemies":"Cultist","floor":3,"turns":1},{"damage":34,"enemies":"3 Sentries","floor":6,"turns":14},{"damage":35,"enemies":"Gremlin Nob","floor":8,"turns":6},{"damage":26,"enemies":"3 Sentries","floor":10,"turns":6}],"seed_played":"2350204085462845299","potions_obtained":[{"floor":1,"key":"Dexterity Potion"},{"floor":2,"key":"Swift Potion"}],"is_trial":false,"path_per_floor":["M","M","M","$","?","E","R","E","T","E"],"character_chosen":"IRONCLAD","items_purchased":["Dropkick"],"campfire_rested":0,"item_purchase_floors":[4],"current_hp_per_floor":[80,80,80,80,80,52,52,23,23,0],"gold":196,"neow_bonus":"THREE_ENEMY_KILL","is_prod":false,"is_daily":false,"chose_seed":false,"campfire_upgraded":1,"win_rate":0,"timestamp":1547141642,"path_taken":["M","M","M","$","?","E","R","E","T","E"],"build_version":"2019-01-03v4","purchased_purges":0,"victory":false,"max_hp_per_floor":[80,80,80,80,80,80,80,80,80,80],"card_choices":[{"not_picked":["Dual Wield","Feel No Pain","Sever Soul"],"picked":"SKIP","floor":1},{"not_picked":["Clash","Shockwave","Body Slam"],"picked":"SKIP","floor":2},{"not_picked":["Dual Wield","Havoc"],"picked":"Shrug It Off","floor":3},{"not_picked":["Havoc","Intimidate"],"picked":"Juggernaut","floor":6},{"not_picked":["Warcry","Bloodletting","Thunderclap"],"picked":"SKIP","floor":8}],"player_experience":216484,"relics_obtained":[{"floor":6,"key":"Darkstone Periapt"},{"floor":8,"key":"MawBank"},{"floor":9,"key":"Pen Nib"}],"event_choices":[{"damage_healed":0,"gold_gain":0,"player_choice":"Ignored","damage_taken":0,"max_hp_gain":0,"max_hp_loss":0,"event_name":"Liars Game","floor":5,"gold_loss":0}],"is_beta":false,"boss_relics":[],"items_purged_floors":[],"is_endless":false,"potions_floor_spawned":[1,2],"killed_by":"3 Sentries","ascension_level":2}