{"gold_per_floor":[110,127,127,47,47,74,74,93,93,93,110,110,126,159,159,159],"floor_reached":16,"playtime":679,"items_purged":[],"score":198,"play_id":"6be3735b-1318-4415-bdef-89ecbe168172","local_time":"20190210231132","is_ascension_mode":true,"campfire_choices":[{"floor":7,"key":"REST"},{"data":"Corruption","floor":10,"key":"SMITH"},{"data":"Double Tap","floor":12,"key":"SMITH"},{"data":"1","floor":15,"key":"LIFT"}],"neow_cost":"TEN_PERCENT_HP_LOSS","seed_source_timestamp":2611004724719258,"circlet_count":0,"master_deck":["AscendersBane","Strike_R","Strike_R","Strike_R","Defend_R","Defend_R","Defend_R","Defend_R","Bash","Corruption+1","Double Tap+1","Iron Wave","Shrug It Off","Carnage","Reckless Charge","Pommel Strike","Shrug It Off","Thunderclap","Shrug It Off"],"relics":["Burning Blood","Ginger","Unceasing Top","Girya"],"potions_floor_usage":[14,16],"damage_taken":[{"damage":5,"enemies":"Cultist","floor":1,"turns":4},{"damage":8,"enemies":"Jaw Worm","floor":2,"turns":4},{"damage":49,"enemies":"3 Sentries","floor":6,"turns":12},{"damage":0,"enemies":"Small Slimes","floor":8,"turns":3},{"damage":6,"enemies":"Blue Slaver","floor":11,"turns":4},{"damage":2,"enemies":"3 Louse","floor":13,"turns":4},{"damage":11,"enemies":"Lagavulin","floor":14,"turns":6},{"damage":50,"enemies":"The Guardian","floor":16,"turns":8}],"seed_played":"3684321580033385685","potions_obtained":[{"floor":8,"key":"Block Potion"},{"floor":13,"key":"Swift Potion"},{"floor":14,"key":"Swift Potion"}],"is_trial":false,"path_per_floor":["M","M","?","$","?","E","R","M","T","R","M","R","M","E","R","B"],"character_chosen":"IRONCLAD","items_purchased":["Carnage"],"campfire_rested":1,"item_purchase_floors":[4],"current_hp_per_floor":[68,66,66,66,66,23,43,49,49,49,49,49,53,48,48,0],"gold":159,"neow_bonus":"TRANSFORM_TWO_CARDS","is_prod":false,"is_daily":false,"chose_seed":false,"campfire_upgraded":2,"win_rate":0,"timestamp":1549858292,"path_taken":["M","M","?","$","?","E","R","M","T","R","M","R","M","E","R","BOSS"],"build_version":"2019-01-23","purchased_purges":0,"victory":false,"max_hp_per_floor":[68,68,68,68,68,68,68,68,68,68,68,68,68,68,68,68],"card_choices":[{"not_picked":["Armaments","Perfected Strike"],"picked":"Iron Wave","floor":1},{"not_picked":["Thunderclap","Armaments"],"picked":"Shrug It Off","floor":2},{"not_picked":["Sword Boomerang","Clothesline"],"picked":"Reckless Charge","floor":6},{"not_picked":["Dual Wield","Body Slam"],"picked":"Pommel Strike","floor":8},{"not_picked":["Sentinel","Pummel"],"picked":"Shrug It Off","floor":11},{"not_picked":["Burning Pact","Body Slam"],"picked":"Thunderclap","floor":13},{"not_picked":["True Grit","Clothesline"],"picked":"Shrug It Off","floor":14}],"player_experience":554325,"relics_obtained":[{"floor":6,"key":"Ginger"},{"floor":9,"key":"Unceasing Top"},{"floor":14,"key":"Girya"}],"event_choices":[{"damage_healed":0,"gold_gain":0,"player_choice":"Ignored","damage_taken":0,"max_hp_gain":0,"max_hp_loss":0,"event_name":"Golden Idol","floor":3,"gold_loss":0},{"damage_healed":0,"gold_gain":0,"player_choice":"Leave","damage_taken":0,"max_hp_gain":0,"max_hp_loss":0,"event_name":"The Cleric","floor":5,"gold_loss":0}],"is_beta":false,"boss_relics":[],"items_purged_floors":[],"is_endless":false,"potions_floor_spawned":[8,13,14],"killed_by":"The Guardian","ascension_level":16}