{"gold_per_floor":[114,131,141,161,181,216,216,216,242,342,367,385,385,397,397,500,500,512,512,512,493,506,540,540,550,550,577,592,66,86,98,98,198,198,212,212,226,136,147,178,43,76,76,87,87,100,100,115,115,115],"floor_reached":51,"playtime":8584,"items_purged":["Defend_R","Strike_R"],"score":815,"play_id":"16397cfa-42b9-466a-ad97-8a4beb2279c4","local_time":"20190204223909","is_ascension_mode":false,"campfire_choices":[{"floor":8,"key":"REST"},{"floor":13,"key":"REST"},{"data":"Brutality","floor":15,"key":"SMITH"},{"data":"Entrench","floor":24,"key":"SMITH"},{"data":"Armaments","floor":32,"key":"SMITH"},{"data":"Metallicize","floor":45,"key":"SMITH"},{"data":"Demon Form","floor":47,"key":"SMITH"},{"data":"Battle Trance","floor":49,"key":"SMITH"}],"neow_cost":"NONE","seed_source_timestamp":523001281435000,"circlet_count":0,"master_deck":["Strike_R","Strike_R+1","Defend_R","Defend_R","Defend_R","Bash","Clothesline","Shrug It Off","Rage+1","Cleave","Shrug It Off+1","Reaper","Iron Wave","Brutality+1","Barricade+1","Entrench+1","Armaments+1","Cleave","Thunderclap+1","Rupture","Body Slam","Warcry","Demon Form+1","Headbutt+1","Metallicize+1","Battle Trance+1","Pommel Strike+1","Parasite"],"relics":["Burning Blood","Red Skull","Bag of Marbles","Bronze Scales","Busted Crown","Boot","Gremlin Horn","Nunchaku","Ice Cream","Eternal Feather","Shuriken","Molten Egg 2","Oddly Smooth Stone"],"potions_floor_usage":[16],"damage_taken":[{"damage":4,"enemies":"Cultist","floor":1,"turns":4},{"damage":2,"enemies":"2 Louse","floor":2,"turns":3},{"damage":1,"enemies":"Small Slimes","floor":3,"turns":4},{"damage":17,"enemies":"2 Fungi Beasts","floor":4,"turns":5},{"damage":3,"enemies":"Large Slime","floor":5,"turns":7},{"damage":36,"enemies":"3 Sentries","floor":6,"turns":10},{"damage":35,"enemies":"Gremlin Nob","floor":11,"turns":5},{"damage":9,"enemies":"Red Slaver","floor":12,"turns":2},{"damage":13,"enemies":"Lots of Slimes","floor":14,"turns":2},{"damage":61,"enemies":"Slime Boss","floor":16,"turns":15},{"damage":15,"enemies":"Shell Parasite","floor":18,"turns":6},{"damage":10,"enemies":"2 Thieves","floor":21,"turns":4},{"damage":14,"enemies":"Cultist and Chosen","floor":22,"turns":10},{"damage":18,"enemies":"Book of Stabbing","floor":23,"turns":8},{"damage":0,"enemies":"Centurion and Healer","floor":25,"turns":17},{"damage":45,"enemies":"Slavers","floor":27,"turns":4},{"damage":1,"enemies":"3 Cultists","floor":28,"turns":2},{"damage":12,"enemies":"Snake Plant","floor":30,"turns":5},{"damage":4,"enemies":"Cultist and Chosen","floor":31,"turns":5},{"damage":7,"enemies":"Automaton","floor":33,"turns":8},{"damage":35,"enemies":"3 Darklings","floor":35,"turns":7},{"damage":23,"enemies":"Orb Walker","floor":37,"turns":4},{"damage":45,"enemies":"Transient","floor":39,"turns":5},{"damage":5,"enemies":"Reptomancer","floor":40,"turns":6},{"damage":42,"enemies":"Nemesis","floor":42,"turns":9},{"damage":15,"enemies":"Spire Growth","floor":44,"turns":9},{"damage":6,"enemies":"Maw","floor":46,"turns":7},{"damage":6,"enemies":"Writhing Mass","floor":48,"turns":6},{"damage":68,"enemies":"Donu and Deca","floor":50,"turns":10}],"seed_played":"6382995172652856688","potions_obtained":[{"floor":2,"key":"Block Potion"},{"floor":4,"key":"SpeedPotion"},{"floor":12,"key":"Ancient Potion"},{"floor":14,"key":"FairyPotion"},{"floor":16,"key":"SteroidPotion"},{"floor":28,"key":"Strength Potion"},{"floor":30,"key":"FairyPotion"}],"is_trial":false,"path_per_floor":["M","M","M","M","M","E","?","R","T","?","E","M","R","M","R","B",null,"M","?","?","M","M","E","R","M","T","E","M","$","M","M","R","B",null,"M","?","M","?","M","E","$","E","T","M","R","M","R","M","R","B",null],"character_chosen":"IRONCLAD","items_purchased":["Rupture","Body Slam","Ice Cream","Warcry","Metallicize"],"campfire_rested":2,"item_purchase_floors":[29,29,29,29,41],"current_hp_per_floor":[80,80,80,69,72,42,26,50,50,50,21,18,42,65,65,25,80,77,62,62,62,54,50,50,56,56,39,44,44,43,61,61,60,85,85,85,70,70,31,59,59,45,45,74,85,85,85,85,85,77],"gold":115,"neow_bonus":"REMOVE_CARD","is_prod":false,"is_daily":false,"chose_seed":false,"campfire_upgraded":6,"win_rate":0.0,"timestamp":1549316349,"path_taken":["M","?","M","M","M","E","?","R","T","?","E","M","R","?","R","BOSS","M","?","?","M","M","E","R","M","T","E","M","$","M","M","R","BOSS","M","?","?","?","M","E","$","E","T","?","R","M","R","M","R","BOSS"],"build_version":"2019-01-23","purchased_purges":2,"victory":true,"max_hp_per_floor":[80,80,80,80,80,80,80,80,80,80,80,80,80,80,80,80,80,80,85,85,85,85,85,85,85,85,85,85,85,85,85,85,85,85,85,85,85,85,85,85,85,85,85,85,85,85,85,85,85,85],"card_choices":[{"not_picked":["Burning Pact","Uppercut"],"picked":"Clothesline","floor":1},{"not_picked":["Flex","Warcry"],"picked":"Shrug It Off","floor":2},{"not_picked":["Perfected Strike","Flex"],"picked":"Rage","floor":3},{"not_picked":["Armaments","Hemokinesis"],"picked":"Cleave","floor":4},{"not_picked":["Anger","Feel No Pain","Perfected Strike"],"picked":"SKIP","floor":5},{"not_picked":["Iron Wave","Hemokinesis"],"picked":"Shrug It Off","floor":6},{"not_picked":["Flex","Clothesline"],"picked":"Reaper","floor":11},{"not_picked":["Thunderclap","Clash"],"picked":"Iron Wave","floor":12},{"not_picked":["Shockwave","Flex"],"picked":"Brutality","floor":14},{"not_picked":["Bludgeon","Berserk"],"picked":"Barricade","floor":16},{"not_picked":[],"picked":"Entrench","floor":18},{"not_picked":["Carnage"],"picked":"SKIP","floor":21},{"not_picked":[],"picked":"Armaments","floor":22},{"not_picked":["Anger"],"picked":"SKIP","floor":23},{"not_picked":[],"picked":"Cleave","floor":25},{"not_picked":[],"picked":"Thunderclap+1","floor":27},{"not_picked":["Flex"],"picked":"SKIP","floor":28},{"not_picked":["True Grit"],"picked":"SKIP","floor":30},{"not_picked":["True Grit"],"picked":"SKIP","floor":31},{"not_picked":[],"picked":"Demon Form","floor":33},{"not_picked":["Pommel Strike"],"picked":"SKIP","floor":35},{"not_picked":["Flex"],"picked":"SKIP","floor":37},{"not_picked":["Clothesline+1"],"picked":"SKIP","floor":39},{"not_picked":[],"picked":"Headbutt+1","floor":40},{"not_picked":[],"picked":"Battle Trance","floor":42},{"not_picked":["Anger+1"],"picked":"SKIP","floor":44},{"not_picked":[],"picked":"Pommel Strike+1","floor":46},{"not_picked":["Pommel Strike+1"],"picked":"SKIP","floor":48}],"player_experience":19854,"relics_obtained":[{"floor":6,"key":"Red Skull"},{"floor":9,"key":"Bag of Marbles"},{"floor":11,"key":"Bronze Scales"},{"floor":23,"key":"Boot"},{"floor":26,"key":"Gremlin Horn"},{"floor":27,"key":"Nunchaku"},{"floor":40,"key":"Shuriken"},{"floor":42,"key":"Molten Egg 2"},{"floor":43,"key":"Oddly Smooth Stone"}],"event_choices":[{"damage_healed":0,"gold_gain":0,"player_choice":"Entered Light","damage_taken":16,"max_hp_gain":0,"max_hp_loss":0,"event_name":"Shining Light","floor":7,"gold_loss":0,"cards_upgraded":["Shrug It Off","Rage"]},{"damage_healed":0,"gold_gain":100,"player_choice":"Pray","damage_taken":0,"max_hp_gain":0,"max_hp_loss":0,"event_name":"Golden Shrine","floor":10,"gold_loss":0},{"damage_healed":0,"gold_gain":0,"player_choice":"Shed Blood","damage_taken":20,"max_hp_gain":5,"max_hp_loss":0,"event_name":"Forgotten Altar","floor":19,"gold_loss":0},{"damage_healed":0,"gold_gain":0,"player_choice":"Forge","damage_taken":0,"max_hp_gain":0,"max_hp_loss":0,"event_name":"Accursed Blacksmith","floor":20,"gold_loss":0,"cards_upgraded":["Barricade"]},{"damage_healed":0,"gold_gain":0,"player_choice":"Got Potions","damage_taken":0,"max_hp_gain":0,"max_hp_loss":0,"event_name":"Lab","floor":36,"gold_loss":0},{"cards_removed":["Strike_R"],"damage_healed":0,"gold_gain":0,"player_choice":"Upgrade and Remove","damage_taken":0,"max_hp_gain":0,"max_hp_loss":0,"event_name":"Designer","floor":38,"gold_loss":90,"cards_upgraded":["Strike_R"]}],"is_beta":false,"boss_relics":[{"not_picked":["Ectoplasm","Mark of Pain"],"picked":"Busted Crown"},{"not_picked":["White Beast Statue","Astrolabe"],"picked":"Eternal Feather"}],"items_purged_floors":[29,41],"is_endless":false,"potions_floor_spawned":[2,4,12,14,16,22,28,30,33,37,40,42,46],"ascension_level":0}