{"gold_per_floor":[109,121,141,141,141,169,182,182,182,182],"floor_reached":10,"playtime":1092,"items_purged":[],"score":71,"play_id":"6f7de394-7d37-4cd3-aba2-b02a39c6ed80","local_time":"20190203031040","is_ascension_mode":true,"campfire_choices":[],"neow_cost":"NONE","seed_source_timestamp":1329099019569587,"circlet_count":0,"master_deck":["Defend_G","Defend_G","Defend_G","Defend_G","Defend_G+1","Strike_G","Strike_G","Strike_G","Strike_G","Strike_G+1","Survivor","Neutralize","ReplayTheSpireMod:Exploit Weakness","Backflip+1","PiercingWail","Sucker Punch","Deflect"],"relics":["Ring of the Snake","Simple Rune","Omamori","Gremlin Food"],"potions_floor_usage":[6,10],"damage_taken":[{"damage":0,"enemies":"2 Louse","floor":1,"turns":3},{"damage":0,"enemies":"Small Slimes","floor":2,"turns":5},{"damage":7,"enemies":"Cultist","floor":3,"turns":6},{"damage":22,"enemies":"3 Sentries","floor":6,"turns":17},{"damage":1,"enemies":"Red Slaver","floor":7,"turns":5},{"damage":48,"enemies":"Lagavulin","floor":10,"turns":14}],"seed_played":"7215054128271576453","potions_obtained":[{"floor":3,"key":"Swift Potion"},{"floor":7,"key":"Venom Potion"}],"is_trial":false,"path_per_floor":["M","M","M","?","?","E","M","?","T","E"],"character_chosen":"THE_SILENT","items_purchased":[],"campfire_rested":0,"item_purchase_floors":[],"current_hp_per_floor":[77,77,70,70,70,48,47,47,47,0],"gold":182,"neow_bonus":"TEN_PERCENT_HP_BONUS","is_prod":false,"is_daily":false,"chose_seed":false,"campfire_upgraded":0,"win_rate":0,"timestamp":1549159840,"path_taken":["M","M","M","?","?","E","M","?","T","E"],"build_version":"2019-01-23","purchased_purges":0,"victory":false,"max_hp_per_floor":[77,77,77,77,77,77,77,77,77,77],"card_choices":[{"not_picked":["Toxin Wave","Bane"],"picked":"ReplayTheSpireMod:Exploit Weakness","floor":1},{"not_picked":["Endless Agony","Sneak Up"],"picked":"Backflip","floor":2},{"not_picked":["Acrobatics","Cloak And Dagger"],"picked":"PiercingWail","floor":3},{"not_picked":["Noxious Fumes","Catalyst"],"picked":"Sucker Punch","floor":6},{"not_picked":["Outmaneuver","PiercingWail"],"picked":"Deflect","floor":7}],"player_experience":118144,"relics_obtained":[{"floor":5,"key":"Simple Rune"},{"floor":6,"key":"Omamori"}],"event_choices":[{"damage_healed":0,"gold_gain":0,"player_choice":"Box","damage_taken":0,"relics_obtained":["Gremlin Food"],"max_hp_gain":0,"max_hp_loss":0,"event_name":"Big Fish","floor":8,"gold_loss":0,"cards_obtained":["Regret"]}],"is_beta":false,"boss_relics":[],"items_purged_floors":[],"is_endless":false,"potions_floor_spawned":[3,7],"killed_by":"Lagavulin","ascension_level":1}