{"gold_per_floor":[116,126,126,126,138,167,181,181,181,211,224,77,97,67,67,167,167,180,180,193,39,39,39,39],"floor_reached":24,"playtime":1796,"items_purged":["Feel No Pain"],"score":283,"play_id":"ca1bbfa5-2694-4add-b9db-46063f7759e8","local_time":"20181205184536","is_ascension_mode":true,"campfire_choices":[{"floor":8,"key":"RECALL"},{"floor":15,"key":"REST"},{"data":"Armaments","floor":23,"key":"SMITH"}],"neow_cost":"NONE","seed_source_timestamp":1473920169794800,"circlet_count":0,"master_deck":["Strike_R","Strike_R","Strike_R","Strike_R","Defend_R","Defend_R","Defend_R","Defend_R","Bash","Inflame+1","Flame Barrier","Metallicize","Metallicize","Metallicize","Seeing Red","Immolate","Armaments+1","Infernal Blade","Reaper","Metallicize"],"relics":["Burning Blood","NeowsBlessing","Sundial","Singing Bowl","Happy Flower","Orrery","Pen Nib"],"potions_floor_usage":[6,10,16,24],"damage_taken":[{"damage":0,"enemies":"2 Louse","floor":1,"turns":1},{"damage":0,"enemies":"Jaw Worm","floor":2,"turns":1},{"damage":0,"enemies":"Cultist","floor":5,"turns":1},{"damage":22,"enemies":"Lagavulin","floor":6,"turns":7},{"damage":28,"enemies":"Lots of Slimes","floor":7,"turns":6},{"damage":18,"enemies":"Gremlin Nob","floor":10,"turns":4},{"damage":17,"enemies":"Exordium Wildlife","floor":11,"turns":6},{"damage":12,"enemies":"3 Louse","floor":13,"turns":3},{"damage":3,"enemies":"Looter","floor":14,"turns":4},{"damage":32,"enemies":"Hexaghost","floor":16,"turns":15},{"damage":12,"enemies":"Chosen","floor":18,"turns":6},{"damage":15,"enemies":"Spheric Guardian","floor":20,"turns":8},{"damage":27,"enemies":"Colosseum Slavers","floor":24,"turns":7},{"damage":89,"enemies":"Colosseum Nobs","floor":24,"turns":6}],"seed_played":"8950240049202195823","potions_obtained":[{"floor":1,"key":"AttackPotion"},{"floor":5,"key":"AttackPotion"},{"floor":13,"key":"FearPotion"},{"floor":16,"key":"SteroidPotion"},{"floor":18,"key":"SpeedPotion"}],"is_trial":false,"path_per_floor":["M","M","?","?","M","E","M","R","T","E","M","$","M","M","R","B",null,"M","?","M","$","?","R","?"],"character_chosen":"IRONCLAD","items_purchased":["Metallicize","Pen Nib"],"campfire_rested":1,"item_purchase_floors":[12,21],"current_hp_per_floor":[80,80,80,80,80,64,42,42,42,32,21,21,15,20,45,19,72,66,66,59,59,89,89,0],"gold":39,"neow_bonus":"THREE_ENEMY_KILL","is_prod":false,"is_daily":false,"chose_seed":false,"campfire_upgraded":1,"win_rate":0,"timestamp":1544031936,"path_taken":["M","M","?","?","?","E","M","R","T","E","?","$","M","M","R","BOSS","M","?","M","$","?","R","?"],"build_version":"2018-11-15","purchased_purges":1,"victory":false,"max_hp_per_floor":[80,80,80,80,80,80,80,80,80,82,82,82,82,84,84,84,88,88,88,90,90,90,90,90],"card_choices":[{"not_picked":["Entrench","Shrug It Off"],"picked":"Feel No Pain","floor":1},{"not_picked":["Headbutt","Anger"],"picked":"Inflame","floor":2},{"not_picked":["Headbutt","Feed"],"picked":"Flame Barrier","floor":5},{"not_picked":["Immolate","Demon Form"],"picked":"Metallicize","floor":6},{"not_picked":["Whirlwind","Disarm","Perfected Strike"],"picked":"SKIP","floor":7},{"not_picked":["Heavy Blade","Havoc","Fire Breathing"],"picked":"Singing Bowl","floor":10},{"not_picked":["Shrug It Off","Heavy Blade"],"picked":"Metallicize","floor":11},{"not_picked":["Iron Wave","Disarm"],"picked":"Seeing Red","floor":13},{"not_picked":["Warcry","Perfected Strike","Second Wind"],"picked":"Singing Bowl","floor":14},{"not_picked":["Fiend Fire","Juggernaut"],"picked":"Immolate","floor":16},{"not_picked":["Combust","Rage","Flex"],"picked":"Singing Bowl","floor":17},{"not_picked":["Reckless Charge","Perfected Strike"],"picked":"Armaments","floor":17},{"not_picked":["Iron Wave","Armaments"],"picked":"Infernal Blade","floor":17},{"not_picked":["Shrug It Off","Thunderclap"],"picked":"Reaper","floor":17},{"not_picked":["Warcry","Armaments","True Grit"],"picked":"Singing Bowl","floor":17},{"not_picked":["Thunderclap","Perfected Strike"],"picked":"Metallicize","floor":18},{"not_picked":["Wild Strike","Rampage","Shrug It Off+1"],"picked":"Singing Bowl","floor":20}],"player_experience":782096,"relics_obtained":[{"floor":6,"key":"Sundial"},{"floor":9,"key":"Singing Bowl"},{"floor":10,"key":"Happy Flower"}],"event_choices":[{"damage_healed":0,"gold_gain":0,"player_choice":"Grow","damage_taken":0,"max_hp_gain":0,"max_hp_loss":0,"event_name":"Living Wall","floor":3,"gold_loss":0,"cards_upgraded":["Inflame"]},{"cards_removed":["Strike_R"],"damage_healed":0,"gold_gain":0,"player_choice":"Offered Basic","damage_taken":0,"max_hp_gain":0,"max_hp_loss":0,"event_name":"Bonfire Elementals","floor":4,"gold_loss":0},{"damage_healed":0,"gold_gain":0,"player_choice":"Ignored","damage_taken":0,"max_hp_gain":0,"max_hp_loss":0,"event_name":"Vampires","floor":19,"gold_loss":0},{"damage_healed":30,"gold_gain":0,"player_choice":"Heal","damage_taken":0,"max_hp_gain":0,"max_hp_loss":0,"event_name":"The Library","floor":22,"gold_loss":0},{"damage_healed":0,"gold_gain":0,"player_choice":"Fight","damage_taken":0,"max_hp_gain":0,"max_hp_loss":0,"event_name":"Colosseum","floor":24,"gold_loss":0},{"damage_healed":0,"gold_gain":0,"player_choice":"Fought Nobs","damage_taken":0,"max_hp_gain":0,"max_hp_loss":0,"event_name":"Colosseum","floor":24,"gold_loss":0}],"is_beta":false,"boss_relics":[{"not_picked":["Pandora\u0027s Box","Runic Cube"],"picked":"Orrery"}],"items_purged_floors":[12],"is_endless":false,"potions_floor_spawned":[1,5,13,16,18,24],"killed_by":"Colosseum Nobs","ascension_level":5}