{"gold_per_floor":[215,215,231,231,1,20,40,56,56,66,92,4,4,39,39,138,138,149,168,185,202,222,250,250,265,265,284,294,294,306,322,322,423,423,435,450,145,164,2,2,15,15,15,40,40,60,60,93,93,93],"floor_reached":50,"playtime":5598,"items_purged":[],"score":582,"play_id":"3c7bae8b-1bae-4627-8424-ba58ae48ff39","local_time":"20190116181013","is_ascension_mode":false,"campfire_choices":[{"floor":13.0,"key":"REST"},{"floor":15.0,"key":"REST"},{"floor":24.0,"key":"REST"},{"data":"Discovery","floor":29.0,"key":"SMITH"},{"floor":32.0,"key":"REST"},{"data":"Whirlwind","floor":40.0,"key":"SMITH"},{"floor":42.0,"key":"REST"},{"floor":49.0,"key":"REST"}],"neow_cost":"NONE","seed_source_timestamp":0,"circlet_count":0,"master_deck":["Strike_R","Strike_R","Strike_R","Strike_R","Defend_R","Defend_R","Defend_R","Defend_R","Bash","Iron Wave","Heavy Blade","Bludgeon","Anger","Wild Strike","Fire Breathing","Thunderclap","Cleave","Discovery+1","Rage","Impervious","Thunderclap+1","Battle Trance","Whirlwind+1","Disarm","Heavy Blade+1","Shockwave","Wild Strike+1","Headbutt+1","Whirlwind+1","Spot Weakness","Anger","Impervious","Rampage+1","Armaments+1","Heavy Blade","Chrysalis","Evolve+1","Inflame+1","Rage+1","Feed","Doubt","Armaments+1","Heavy Blade+1"],"special_seed":0,"relics":["Burning Blood","Vajra","Pantograph","Odd Mushroom","Unceasing Top","Mark of Pain","Frozen Egg 2","Question Card","Velvet Choker","Membership Card","Chemical X","Pear","Lantern"],"potions_floor_usage":[],"damage_taken":[{"damage":6.0,"enemies":"Jaw Worm","floor":1.0,"turns":3.0},{"damage":5.0,"enemies":"Cultist","floor":3.0,"turns":4.0},{"damage":3.0,"enemies":"Small Slimes","floor":6.0,"turns":2.0},{"damage":3.0,"enemies":"2 Fungi Beasts","floor":7.0,"turns":3.0},{"damage":6.0,"enemies":"Lots of Slimes","floor":8.0,"turns":4.0},{"damage":10.0,"enemies":"Looter","floor":10.0,"turns":3.0},{"damage":29.0,"enemies":"The Mushroom Lair","floor":11.0,"turns":3.0},{"damage":36.0,"enemies":"Lagavulin","floor":14.0,"turns":5.0},{"damage":66.0,"enemies":"The Guardian","floor":16.0,"turns":9.0},{"damage":0.0,"enemies":"3 Byrds","floor":18.0,"turns":5.0},{"damage":0.0,"enemies":"Chosen","floor":19.0,"turns":2.0},{"damage":12.0,"enemies":"Snake Plant","floor":20.0,"turns":5.0},{"damage":21.0,"enemies":"Sentry and Sphere","floor":21.0,"turns":5.0},{"damage":0.0,"enemies":"Chosen and Byrds","floor":22.0,"turns":4.0},{"damage":31.0,"enemies":"Book of Stabbing","floor":23.0,"turns":4.0},{"damage":8.0,"enemies":"Centurion and Healer","floor":25.0,"turns":4.0},{"damage":6.0,"enemies":"3 Cultists","floor":27.0,"turns":3.0},{"damage":21.0,"enemies":"Snecko","floor":28.0,"turns":5.0},{"damage":30.0,"enemies":"Snake Plant","floor":30.0,"turns":3.0},{"damage":8.0,"enemies":"Centurion and Healer","floor":31.0,"turns":5.0},{"damage":71.0,"enemies":"Automaton","floor":33.0,"turns":8.0},{"damage":28.0,"enemies":"3 Darklings","floor":35.0,"turns":4.0},{"damage":7.0,"enemies":"Orb Walker","floor":36.0,"turns":2.0},{"damage":36.0,"enemies":"Transient","floor":38.0,"turns":5.0},{"damage":18.0,"enemies":"Sphere and 2 Shapes","floor":41.0,"turns":3.0},{"damage":30.0,"enemies":"Reptomancer","floor":44.0,"turns":4.0},{"damage":17.0,"enemies":"Maw","floor":46.0,"turns":8.0},{"damage":58.0,"enemies":"Nemesis","floor":48.0,"turns":5.0},{"damage":0,"enemies":"Donu and Deca","floor":50,"turns":1}],"seed_played":"4401317651944714286","potions_obtained":[{"floor":1.0,"key":"FearPotion"},{"floor":6.0,"key":"BloodPotion"},{"floor":14.0,"key":"Swift Potion"},{"floor":16.0,"key":"Energy Potion"},{"floor":18.0,"key":"Explosive Potion"},{"floor":22.0,"key":"SteroidPotion"},{"floor":28.0,"key":"Regen Potion"},{"floor":33.0,"key":"SkillPotion"},{"floor":36.0,"key":"SpeedPotion"},{"floor":41.0,"key":"Energy Potion"},{"floor":44.0,"key":"Fire Potion"},{"floor":48.0,"key":"Ancient Potion"}],"is_trial":false,"path_per_floor":["M","?","M","?","$","M","M","M","T","M","?","$","R","E","R","B",null,"M","M","M","M","M","E","R","M","T","M","M","R","M","M","R","B",null,"M","M","$","M","$","R","M","R","T","E","?","M","?","E","R","B"],"character_chosen":"IRONCLAD","items_purchased":["Bludgeon","Vajra","Discovery","Membership Card","Heavy Blade","Chrysalis","Inflame+1","Chemical X","Strength Potion"],"campfire_rested":6,"item_purchase_floors":[5,5,12,37,37,37,39,39,39],"current_hp_per_floor":[80,80,80,73,73,76,79,79,79,75,52,52,76,46,70,28,80,80,80,74,59,65,40,64,62,62,62,47,47,23,21,45,18,80,58,57,57,27,27,27,15,39,39,25,90,83,83,31,59,84],"gold":93,"neow_bonus":"HUNDRED_GOLD","is_prod":false,"is_daily":false,"chose_seed":false,"campfire_upgraded":2,"win_rate":0,"timestamp":1547669413,"path_taken":["M","?","M","?","$","M","M","M","T","M","?","?","R","E","R","BOSS","M","M","M","M","?","E","R","M","T","M","M","R","M","M","R","BOSS","M","M","$","M","$","R","M","R","T","E","?","M","?","E","R","BOSS"],"build_version":"2019-01-10","purchased_purges":0,"victory":false,"max_hp_per_floor":[80,80,80,80,80,80,80,80,80,80,80,80,80,80,80,80,80,80,80,80,80,80,80,80,80,80,80,80,80,80,80,80,80,80,80,80,80,80,80,80,80,80,80,90,90,94,94,94,94,94],"card_choices":[{"not_picked":["Warcry","Wild Strike"],"picked":"Iron Wave","floor":1.0},{"not_picked":["Entrench","Anger"],"picked":"Heavy Blade","floor":3.0},{"not_picked":["Perfected Strike","Corruption"],"picked":"Anger","floor":6.0},{"not_picked":["Clash","Sever Soul"],"picked":"Wild Strike","floor":7.0},{"not_picked":["True Grit","Twin Strike"],"picked":"Fire Breathing","floor":8.0},{"not_picked":["Clash","Body Slam"],"picked":"Thunderclap","floor":10.0},{"not_picked":["Clash","Anger"],"picked":"Cleave","floor":11.0},{"not_picked":["Combust","Shrug It Off"],"picked":"Rage","floor":14.0},{"not_picked":["Exhume","Fiend Fire"],"picked":"Impervious","floor":16.0},{"not_picked":["Flame Barrier","Sever Soul"],"picked":"Thunderclap+1","floor":18.0},{"not_picked":["Uppercut","Clothesline"],"picked":"Battle Trance","floor":19.0},{"not_picked":["Anger+1","Wild Strike+1"],"picked":"Whirlwind+1","floor":20.0},{"not_picked":["Armaments","Thunderclap"],"picked":"Disarm","floor":21.0},{"not_picked":["Infernal Blade","Dark Embrace"],"picked":"Heavy Blade+1","floor":22.0},{"not_picked":["Warcry","Sever Soul"],"picked":"Shockwave","floor":23.0},{"not_picked":["Rupture+1","Clash+1"],"picked":"Wild Strike+1","floor":25.0},{"not_picked":["Ghostly Armor","Cleave","Thunderclap+1"],"picked":"Headbutt+1","floor":27.0},{"not_picked":["Pommel Strike","Perfected Strike","Wild Strike"],"picked":"Whirlwind","floor":28.0},{"not_picked":["Twin Strike","Fiend Fire","Perfected Strike+1"],"picked":"Spot Weakness","floor":30.0},{"not_picked":["Shrug It Off","Searing Blow","Perfected Strike"],"picked":"Anger","floor":31.0},{"not_picked":["Bludgeon","Reaper","Berserk+1"],"picked":"Impervious","floor":33.0},{"not_picked":["Iron Wave+1","Heavy Blade","Second Wind"],"picked":"Rampage+1","floor":35.0},{"not_picked":["Carnage+1","Body Slam+1","Warcry+1"],"picked":"Armaments+1","floor":36.0},{"not_picked":["Heavy Blade+1","Sword Boomerang+1","Searing Blow+1"],"picked":"Evolve+1","floor":38.0},{"not_picked":["Cleave+1","True Grit+1","Hemokinesis+1"],"picked":"Rage+1","floor":41.0},{"not_picked":["Ghostly Armor","Rupture+1","Berserk+1"],"picked":"Feed","floor":44.0},{"not_picked":["Disarm+1","Thunderclap","Twin Strike+1"],"picked":"Armaments+1","floor":46.0},{"not_picked":["Burning Pact+1","Ghostly Armor+1","Clothesline"],"picked":"Heavy Blade+1","floor":48.0}],"player_experience":14884,"relics_obtained":[{"floor":9.0,"key":"Pantograph"},{"floor":11.0,"key":"Odd Mushroom"},{"floor":14.0,"key":"Unceasing Top"},{"floor":23.0,"key":"Frozen Egg 2"},{"floor":26.0,"key":"Question Card"},{"floor":44.0,"key":"Pear"},{"floor":48.0,"key":"Lantern"}],"event_choices":[{"damage_healed":0.0,"max_hp_gain":0.0,"max_hp_loss":0.0,"gold_gain":0.0,"event_name":"The Cleric","player_choice":"Leave","floor":2.0,"gold_loss":0.0,"damage_taken":0.0},{"cards_removed":["Strike_R"],"damage_healed":0.0,"max_hp_gain":0.0,"max_hp_loss":0.0,"gold_gain":0.0,"event_name":"Golden Wing","player_choice":"Card Removal","floor":4.0,"gold_loss":0.0,"damage_taken":7.0},{"damage_healed":0.0,"max_hp_gain":0.0,"max_hp_loss":0.0,"gold_gain":0.0,"event_name":"Mushrooms","player_choice":"Fought Mushrooms","floor":11.0,"gold_loss":0.0,"damage_taken":0.0},{"damage_healed":65.0,"max_hp_gain":0.0,"max_hp_loss":0.0,"gold_gain":0.0,"event_name":"MindBloom","player_choice":"Heal","floor":45.0,"gold_loss":0.0,"damage_taken":0.0,"cards_obtained":["Doubt"]},{"damage_healed":0.0,"max_hp_gain":0.0,"max_hp_loss":0.0,"gold_gain":0.0,"event_name":"SecretPortal","player_choice":"Ignored","floor":47.0,"gold_loss":0.0,"damage_taken":0.0}],"is_beta":false,"boss_relics":[{"not_picked":["White Beast Statue","Coffee Dripper"],"picked":"Mark of Pain"},{"not_picked":["Fusion Hammer","Runic Dome"],"picked":"Velvet Choker"}],"items_purged_floors":[],"is_endless":false,"potions_floor_spawned":[1,6,14,16,18,21,22,28,33,36,41,44,48],"killed_by":"Donu and Deca","ascension_level":0}