{"gold_per_floor":[115,126,201,213,233,233,248,282,335,522,534,546,609,636,648,756,768,797,829,1021,594,613,613,613],"floor_reached":24,"playtime":926,"items_purged":["Doubt"],"score":297,"play_id":"c631413a-606c-4c46-a102-d1a1c2a722f9","local_time":"20181223015342","is_ascension_mode":true,"campfire_choices":[{"data":"Inflame","floor":6,"key":"SMITH"},{"floor":11,"key":"REST"},{"data":"Armaments","floor":15,"key":"SMITH"},{"floor":23,"key":"REST"}],"neow_cost":"NONE","seed_source_timestamp":806082671664544,"circlet_count":0,"master_deck":["AscendersBane","Strike_R","Strike_R","Strike_R","Strike_R","Defend_R","Defend_R","Defend_R","Defend_R","Bash","Inflame+1","Heavy Blade","Warcry","Seeing Red","Heavy Blade","Cleave","Armaments+1","Wild Strike","Demon Form","Uppercut","Sword Boomerang","Shrug It Off","Trip","Armaments+1"],"relics":["Burning Blood","Strawberry","MawBank","Happy Flower","Sozu","Shuriken"],"potions_floor_usage":[14,16,24],"damage_taken":[{"damage":6,"enemies":"Cultist","floor":1,"turns":4},{"damage":2,"enemies":"2 Louse","floor":2,"turns":3},{"damage":16,"enemies":"Jaw Worm","floor":4,"turns":4},{"damage":12,"enemies":"Exordium Wildlife","floor":5,"turns":3},{"damage":0,"enemies":"Large Slime","floor":7,"turns":3},{"damage":30,"enemies":"Gremlin Nob","floor":8,"turns":4},{"damage":20,"enemies":"Lots of Slimes","floor":14,"turns":4},{"damage":51,"enemies":"Slime Boss","floor":16,"turns":9},{"damage":6,"enemies":"3 Byrds","floor":18,"turns":7},{"damage":19,"enemies":"Chosen","floor":19,"turns":4},{"damage":20,"enemies":"Centurion and Healer","floor":22,"turns":6},{"damage":46,"enemies":"Slavers","floor":24,"turns":4}],"seed_played":"-5434760523045766099","potions_obtained":[{"floor":2,"key":"SpeedPotion"},{"floor":5,"key":"BloodPotion"},{"floor":7,"key":"Poison Potion"}],"is_trial":false,"path_per_floor":["M","M","?","M","M","R","M","E","T","?","R","$","T","M","R","B",null,"M","M","?","$","M","R","E"],"character_chosen":"IRONCLAD","items_purchased":["Shrug It Off","Shuriken","Trip"],"campfire_rested":2,"item_purchase_floors":[21,21,21],"current_hp_per_floor":[72,76,65,55,49,49,55,38,38,38,64,64,64,50,50,13,69,69,56,32,32,18,44,0],"gold":613,"neow_bonus":"TRANSFORM_CARD","is_prod":false,"is_daily":false,"chose_seed":false,"campfire_upgraded":2,"win_rate":0,"timestamp":1545548022,"path_taken":["M","?","?","M","M","R","M","E","T","?","R","$","?","M","R","BOSS","M","M","?","$","M","R","E"],"build_version":"2018-12-20","purchased_purges":1,"victory":false,"max_hp_per_floor":[80,80,80,80,80,80,80,87,87,87,87,87,87,87,87,87,87,87,87,87,87,87,87,87],"card_choices":[{"not_picked":["Headbutt","Carnage"],"picked":"Heavy Blade","floor":1},{"not_picked":["Rage","Bloodletting"],"picked":"Warcry","floor":2},{"not_picked":["Rampage","Iron Wave"],"picked":"Seeing Red","floor":4},{"not_picked":["Sword Boomerang","Wild Strike"],"picked":"Heavy Blade","floor":5},{"not_picked":["Headbutt","Wild Strike"],"picked":"Cleave","floor":7},{"not_picked":["Body Slam","Shockwave"],"picked":"Armaments","floor":8},{"not_picked":["Dual Wield","Flex"],"picked":"Wild Strike","floor":14},{"not_picked":["Juggernaut","Barricade"],"picked":"Demon Form","floor":16},{"not_picked":["Iron Wave","Feel No Pain"],"picked":"Uppercut","floor":18},{"not_picked":["Heavy Blade","Thunderclap"],"picked":"Sword Boomerang","floor":19},{"not_picked":["Clothesline+1","Combust"],"picked":"Armaments+1","floor":22}],"player_experience":424888,"relics_obtained":[{"floor":8,"key":"Strawberry"},{"floor":9,"key":"MawBank"},{"floor":13,"key":"Happy Flower"}],"event_choices":[{"damage_healed":0,"gold_gain":75,"player_choice":"Gather Gold","damage_taken":11,"max_hp_gain":0,"max_hp_loss":0,"event_name":"World of Goop","floor":3,"gold_loss":0},{"damage_healed":0,"gold_gain":175,"player_choice":"AGREE","damage_taken":0,"max_hp_gain":0,"max_hp_loss":0,"event_name":"Liars Game","floor":10,"gold_loss":0,"cards_obtained":["Doubt"]},{"damage_healed":0,"gold_gain":180,"player_choice":"GOLD GOLD ","damage_taken":24,"max_hp_gain":0,"max_hp_loss":0,"event_name":"Knowing Skull","floor":20,"potions_obtained":[],"gold_loss":0,"cards_obtained":[]}],"is_beta":false,"boss_relics":[{"not_picked":["Lizard Tail","Eternal Feather"],"picked":"Sozu"}],"items_purged_floors":[21],"is_endless":false,"potions_floor_spawned":[2,5,7,22],"killed_by":"Slavers","ascension_level":10}