{"gold_per_floor":[115,125,125,125,135,162,162,188,226,238,250,294,306,318,330,342],"floor_reached":16,"playtime":697,"items_purged":[],"score":197,"play_id":"4d047c31-5b02-4c32-b846-1985a56a7b60","local_time":"20181212200357","is_ascension_mode":true,"campfire_choices":[{"data":"Reaper","floor":7,"key":"SMITH"},{"floor":10,"key":"REST"},{"data":"Cleave","floor":15,"key":"SMITH"}],"neow_cost":"TEN_PERCENT_HP_LOSS","seed_source_timestamp":31076703534911,"circlet_count":0,"master_deck":["AscendersBane","Strike_R","Strike_R","Strike_R","Strike_R+1","Defend_R","Defend_R","Defend_R","Defend_R","Bash","Immolate+1","Sword Boomerang","Intimidate","Cleave+1","Reaper+1","Feed","Juggernaut+1"],"relics":["Burning Blood","Pen Nib","MawBank","PreservedInsect","Gremlin Horn","Molten Egg 2"],"potions_floor_usage":[6,8],"damage_taken":[{"damage":4,"enemies":"Jaw Worm","floor":1,"turns":3},{"damage":8,"enemies":"2 Louse","floor":2,"turns":3},{"damage":1,"enemies":"Cultist","floor":5,"turns":3},{"damage":10,"enemies":"3 Sentries","floor":6,"turns":4},{"damage":30,"enemies":"Gremlin Nob","floor":8,"turns":4},{"damage":12,"enemies":"3 Sentries","floor":12,"turns":3},{"damage":72,"enemies":"Hexaghost","floor":16,"turns":9}],"seed_played":"4494537115016044368","potions_obtained":[{"floor":5,"key":"BloodPotion"},{"floor":6,"key":"Fire Potion"}],"is_trial":false,"path_per_floor":["M","M","?","?","M","E","R","E","T","R","?","E","T","?","R","B"],"character_chosen":"IRONCLAD","items_purchased":[],"campfire_rested":1,"item_purchase_floors":[],"current_hp_per_floor":[68,66,52,52,57,59,59,42,42,62,62,65,65,65,65,0],"gold":342,"neow_bonus":"THREE_RARE_CARDS","is_prod":false,"is_daily":false,"chose_seed":false,"campfire_upgraded":2,"win_rate":0,"timestamp":1544645037,"path_taken":["M","M","?","?","?","E","R","E","T","R","?","E","?","?","R","BOSS"],"build_version":"2018-12-06","purchased_purges":0,"victory":false,"max_hp_per_floor":[68,68,68,68,68,68,68,68,68,68,68,71,71,71,71,71],"card_choices":[{"not_picked":["Dark Embrace","Reaper"],"picked":"Immolate","floor":0},{"not_picked":["Perfected Strike","Warcry","Feel No Pain"],"picked":"SKIP","floor":1},{"not_picked":["Sentinel","Blood for Blood"],"picked":"Sword Boomerang","floor":2},{"not_picked":["Feel No Pain","Dropkick"],"picked":"Cleave","floor":5},{"not_picked":["Brutality","Thunderclap"],"picked":"Reaper","floor":6},{"not_picked":["Heavy Blade","Uppercut"],"picked":"Feed","floor":8},{"not_picked":["True Grit","Cleave"],"picked":"Juggernaut","floor":12}],"player_experience":1039800,"relics_obtained":[{"floor":6,"key":"Pen Nib"},{"floor":8,"key":"MawBank"},{"floor":9,"key":"PreservedInsect"},{"floor":12,"key":"Gremlin Horn"},{"floor":13,"key":"Molten Egg 2"}],"event_choices":[{"damage_healed":0,"gold_gain":0,"player_choice":"Entered Light","damage_taken":14,"max_hp_gain":0,"max_hp_loss":0,"event_name":"Shining Light","floor":3,"gold_loss":0,"cards_upgraded":["Strike_R","Immolate"]},{"damage_healed":0,"gold_gain":0,"cards_transformed":["Strike_R"],"player_choice":"Transformed","damage_taken":0,"max_hp_gain":0,"max_hp_loss":0,"event_name":"Transmorgrifier","floor":4,"gold_loss":0,"cards_obtained":["Intimidate"]},{"damage_healed":0,"gold_gain":0,"player_choice":"Ignored","damage_taken":0,"max_hp_gain":0,"max_hp_loss":0,"event_name":"Liars Game","floor":11,"gold_loss":0},{"damage_healed":0,"gold_gain":0,"player_choice":"Upgraded","damage_taken":0,"max_hp_gain":0,"max_hp_loss":0,"event_name":"Upgrade Shrine","floor":14,"gold_loss":0,"cards_upgraded":["Juggernaut"]}],"is_beta":false,"boss_relics":[],"items_purged_floors":[],"is_endless":false,"potions_floor_spawned":[5,6],"killed_by":"Hexaghost","ascension_level":14}