{"gold_per_floor":[117,117,117,136,155,155,155,155,155,455,455,41,41,55,55,151,151,172,172,272,292,19,19,48,14,14,14,14,34,63,90,90,162,162,173,173,188,204,218,218,238,338,338,560,560,587,159,177,177,177],"floor_reached":51,"playtime":2311,"items_purged":["Strike_B"],"score":1267,"play_id":"9a7cbf30-f385-4345-933e-a98e3fc042e3","local_time":"20190119033113","is_ascension_mode":true,"campfire_choices":[{"floor":6,"key":"REST"},{"data":"Zap","floor":8,"key":"SMITH"},{"data":"Loop","floor":11,"key":"SMITH"},{"data":"Coolheaded","floor":15,"key":"SMITH"},{"data":"Machine Learning","floor":23,"key":"SMITH"},{"data":"Defragment","floor":27,"key":"SMITH"},{"data":"Creative AI","floor":32,"key":"SMITH"},{"floor":40,"key":"REST"},{"floor":45,"key":"RECALL"},{"floor":49,"key":"REST"}],"neow_cost":"NONE","seed_source_timestamp":637695058365801,"circlet_count":0,"master_deck":["AscendersBane","Strike_B+1","Defend_B","Defend_B","Defend_B","Defend_B","Zap+1","Dualcast+1","Coolheaded+1","Loop+1","Conserve Battery","Cold Snap","Machine Learning+1","Reinforced Body","Go for the Eyes+1","White Noise+1","Self Repair+1","Defragment+1","Loop","Creative AI+1","BootSequence+1","Capacitor","Tempest+1","Turbo+1","Machine Learning","Amplify+1","Defragment+1","Barrage+1","Chill+1","Reinforced Body+1","Loop+1","Reinforced Body+1","Core Surge"],"relics":["Cracked Core","Happy Flower","Meat on the Bone","Old Coin","Bronze Scales","Pantograph","Bloody Idol","Velvet Choker","Prayer Wheel","Bottled Flame","Lee\u0027s Waffle","Toxic Egg 2","Letter Opener","Incense Burner","Red Mask","Fusion Hammer","Calipers","Frozen Egg 2","Omamori","Runic Capacitor"],"potions_floor_usage":[16,31,33,38,50,50],"damage_taken":[{"damage":0,"enemies":"2 Louse","floor":1,"turns":3},{"damage":8,"enemies":"Small Slimes","floor":4,"turns":2},{"damage":5,"enemies":"Jaw Worm","floor":5,"turns":2},{"damage":4,"enemies":"Looter","floor":14,"turns":3},{"damage":46,"enemies":"Hexaghost","floor":16,"turns":12},{"damage":0,"enemies":"Spheric Guardian","floor":18,"turns":5},{"damage":25,"enemies":"Colosseum Slavers","floor":20,"turns":4},{"damage":30,"enemies":"Colosseum Nobs","floor":20,"turns":7},{"damage":22,"enemies":"2 Thieves","floor":21,"turns":4},{"damage":23,"enemies":"Book of Stabbing","floor":24,"turns":6},{"damage":22,"enemies":"Snake Plant","floor":29,"turns":4},{"damage":48,"enemies":"Slavers","floor":30,"turns":5},{"damage":15,"enemies":"Masked Bandits","floor":31,"turns":4},{"damage":36,"enemies":"Collector","floor":33,"turns":7},{"damage":0,"enemies":"3 Shapes","floor":35,"turns":4},{"damage":17,"enemies":"Orb Walker","floor":37,"turns":4},{"damage":48,"enemies":"Jaw Worm Horde","floor":38,"turns":7},{"damage":0,"enemies":"Spire Growth","floor":39,"turns":5},{"damage":3,"enemies":"Maw","floor":41,"turns":8},{"damage":16,"enemies":"Mind Bloom Boss Battle","floor":42,"turns":6},{"damage":15,"enemies":"Nemesis","floor":46,"turns":9},{"damage":11,"enemies":"Sphere and 2 Shapes","floor":48,"turns":5},{"damage":0,"enemies":"Time Eater","floor":50,"turns":15}],"seed_played":"-632877830487506831","potions_obtained":[{"floor":5,"key":"FocusPotion"},{"floor":14,"key":"Regen Potion"},{"floor":20,"key":"AttackPotion"},{"floor":31,"key":"Energy Potion"},{"floor":35,"key":"Weak Potion"},{"floor":37,"key":"Energy Potion"},{"floor":39,"key":"Energy Potion"},{"floor":42,"key":"FocusPotion"}],"is_trial":false,"path_per_floor":["M","?","?","M","M","R","?","R","T","T","R","$","?","M","R","B",null,"M","?","?","M","$","R","E","$","T","R","?","M","E","?","R","B",null,"M","?","M","M","M","R","M","?","T","?","R","E","$","M","R","B",null],"character_chosen":"DEFECT","items_purchased":["Bronze Scales","Pantograph","Lee\u0027s Waffle","Defragment","Loop","Runic Capacitor","Loop+1","Reinforced Body+1"],"campfire_rested":3,"item_purchase_floors":[12,12,22,22,25,47,47,47],"current_hp_per_floor":[64,57,43,35,30,51,56,56,56,56,56,56,37,45,45,39,67,67,67,29,29,83,83,75,75,75,75,75,68,47,59,59,62,78,83,83,81,60,75,83,83,83,83,83,83,83,83,83,83,83],"gold":177,"neow_bonus":"RANDOM_COMMON_RELIC","is_prod":false,"is_daily":false,"chose_seed":false,"campfire_upgraded":6,"win_rate":0,"timestamp":1547886673,"path_taken":["M","?","?","M","M","R","?","R","T","?","R","$","?","M","R","BOSS","M","?","?","M","$","R","E","?","T","R","?","M","E","?","R","BOSS","M","?","M","?","M","R","M","?","T","?","R","E","$","M","R","BOSS"],"build_version":"2019-01-17v2","purchased_purges":1,"victory":true,"max_hp_per_floor":[71,71,71,71,71,71,76,76,76,76,76,76,76,76,76,76,76,76,76,76,76,83,83,83,83,83,83,83,83,83,83,83,83,83,83,83,83,83,83,83,83,83,83,83,83,83,83,83,83,83],"card_choices":[{"not_picked":["Streamline","Barrage"],"picked":"Coolheaded","floor":1},{"not_picked":["Reprogram","Undo"],"picked":"Loop","floor":4},{"not_picked":["Redo","Consume"],"picked":"Conserve Battery","floor":5},{"not_picked":["Storm","Scrape"],"picked":"Cold Snap","floor":14},{"not_picked":["Amplify","Rainbow"],"picked":"Machine Learning","floor":16},{"not_picked":["Heatsinks","White Noise"],"picked":"Reinforced Body","floor":18},{"not_picked":["Hologram+1","Cold Snap"],"picked":"Go for the Eyes+1","floor":20},{"not_picked":["Conserve Battery","Cold Snap"],"picked":"White Noise+1","floor":21},{"not_picked":["Barrage","Rebound"],"picked":"Self Repair+1","floor":21},{"not_picked":["Conserve Battery","Hologram","Redo"],"picked":"SKIP","floor":24},{"not_picked":["Heatsinks","Sweeping Beam"],"picked":"Capacitor","floor":29},{"not_picked":["Darkness+1","Cold Snap"],"picked":"Tempest+1","floor":29},{"not_picked":["Stack+1","Hello World"],"picked":"Turbo+1","floor":30},{"not_picked":["Barrage","Hologram+1"],"picked":"Machine Learning","floor":31},{"not_picked":["All For One","Fission+1"],"picked":"Amplify+1","floor":33},{"not_picked":["Rebound","Darkness+1","Sweeping Beam"],"picked":"SKIP","floor":35},{"not_picked":["Beam Cell","Redo+1","Turbo+1"],"picked":"SKIP","floor":35},{"not_picked":["Steam Power+1","Beam Cell+1"],"picked":"Barrage+1","floor":37},{"not_picked":["Turbo+1","FTL","Streamline"],"picked":"SKIP","floor":37},{"not_picked":["Conserve Battery+1","Auto Shields+1","Beam Cell"],"picked":"SKIP","floor":38},{"not_picked":["Compile Driver","Doom and Gloom+1","Rainbow+1"],"picked":"SKIP","floor":38},{"not_picked":["Beam Cell","Doom and Gloom+1"],"picked":"Chill+1","floor":39},{"not_picked":["Sweeping Beam+1","Beam Cell","Steam Power+1"],"picked":"SKIP","floor":39},{"not_picked":["Double Energy+1","Stack+1"],"picked":"Reinforced Body+1","floor":41},{"not_picked":["Auto Shields+1","Darkness+1","Aggregate+1"],"picked":"SKIP","floor":41},{"not_picked":["Cold Snap","Scrape","Hologram+1"],"picked":"SKIP","floor":46},{"not_picked":["Static Discharge+1","Streamline+1"],"picked":"Core Surge","floor":48},{"not_picked":["Conserve Battery+1","Barrage","Turbo+1"],"picked":"SKIP","floor":48}],"player_experience":512311,"relics_obtained":[{"floor":9,"key":"Meat on the Bone"},{"floor":10,"key":"Old Coin"},{"floor":20,"key":"Prayer Wheel"},{"floor":20,"key":"Bottled Flame"},{"floor":24,"key":"Toxic Egg 2"},{"floor":26,"key":"Letter Opener"},{"floor":30,"key":"Incense Burner"},{"floor":31,"key":"Red Mask"},{"floor":42,"key":"Calipers"},{"floor":43,"key":"Frozen Egg 2"},{"floor":46,"key":"Omamori"}],"event_choices":[{"damage_healed":0,"gold_gain":0,"player_choice":"Fled","damage_taken":7,"max_hp_gain":0,"max_hp_loss":0,"event_name":"Scrap Ooze","floor":2,"gold_loss":0},{"damage_healed":0,"gold_gain":0,"player_choice":"Entered Light","damage_taken":14,"max_hp_gain":0,"max_hp_loss":0,"event_name":"Shining Light","floor":3,"gold_loss":0,"cards_upgraded":["Strike_B","Dualcast"]},{"damage_healed":0,"gold_gain":0,"player_choice":"Donut","damage_taken":0,"max_hp_gain":5,"max_hp_loss":0,"event_name":"Big Fish","floor":7,"gold_loss":0},{"damage_healed":0,"gold_gain":0,"player_choice":"Take Damage","damage_taken":19,"relics_obtained":["Golden Idol"],"max_hp_gain":0,"max_hp_loss":0,"event_name":"Golden Idol","floor":13,"gold_loss":0},{"damage_healed":0,"gold_gain":0,"player_choice":"Gave Idol","damage_taken":0,"relics_obtained":["Bloody Idol"],"max_hp_gain":0,"max_hp_loss":0,"event_name":"Forgotten Altar","floor":19,"relics_lost":["Golden Idol"],"gold_loss":0},{"damage_healed":0,"gold_gain":0,"player_choice":"Fight","damage_taken":0,"max_hp_gain":0,"max_hp_loss":0,"event_name":"Colosseum","floor":20,"gold_loss":0},{"damage_healed":0,"gold_gain":0,"player_choice":"Fought Nobs","damage_taken":0,"max_hp_gain":0,"max_hp_loss":0,"event_name":"Colosseum","floor":20,"gold_loss":0},{"damage_healed":0,"gold_gain":0,"cards_transformed":["Strike_B","Strike_B"],"player_choice":"Became Test Subject","damage_taken":0,"max_hp_gain":0,"max_hp_loss":0,"event_name":"Drug Dealer","floor":28,"gold_loss":0,"cards_obtained":["Creative AI","BootSequence"]},{"damage_healed":0,"gold_gain":0,"player_choice":"Fought Bandits","damage_taken":0,"max_hp_gain":0,"max_hp_loss":0,"event_name":"Masked Bandits","floor":31,"gold_loss":0},{"damage_healed":0,"gold_gain":0,"player_choice":"Copied","damage_taken":0,"max_hp_gain":0,"max_hp_loss":0,"event_name":"Duplicator","floor":36,"gold_loss":0,"cards_obtained":["Defragment"]},{"damage_healed":0,"gold_gain":0,"player_choice":"Fight","damage_taken":0,"max_hp_gain":0,"max_hp_loss":0,"event_name":"MindBloom","floor":42,"gold_loss":0},{"damage_healed":0,"gold_gain":222,"player_choice":"Wore Mask","damage_taken":0,"max_hp_gain":0,"max_hp_loss":0,"event_name":"Tomb of Lord Red Mask","floor":44,"gold_loss":0}],"is_beta":false,"boss_relics":[{"not_picked":["Empty Cage","Black Star"],"picked":"Velvet Choker"},{"not_picked":["Snecko Eye","Cursed Key"],"picked":"Fusion Hammer"}],"items_purged_floors":[47],"is_endless":false,"potions_floor_spawned":[5,14,20,20,29,30,31,35,37,39,42,48],"ascension_level":14}