{"gold_per_floor":[118,135,148,73,88,121,121,151,151,171,183,200,275,294,294,390,390,407,47,47,67,67,67,67,67,67,85,95,95],"floor_reached":29,"playtime":2696,"items_purged":["Defend_B","Defend_B"],"score":276,"play_id":"db0bc0bf-2f0d-426a-9ca2-3179d339b3ef","local_time":"20181030220338","is_ascension_mode":true,"campfire_choices":[{"data":"Defragment","floor":7,"key":"SMITH"},{"data":"Loop","floor":15,"key":"SMITH"},{"data":"Defragment","floor":23,"key":"SMITH"}],"neow_cost":"NONE","seed_source_timestamp":111791944914793,"circlet_count":0,"master_deck":["Defend_B","Zap","Dualcast","Leap","Glacier","Conserve Battery","Defragment+1","Chill","Sweeping Beam","Defragment+1","Sweeping Beam","Leap","Loop+1","Amplify","Coolheaded","Loop","Barrage","Bite","Bite","Bite","Bite","Bite","Loop+1","Consume+1"],"relics":["Cracked Core","Anchor","Omamori","Bag of Preparation","Smiling Mask","Inserter","Toxic Egg 2","Frozen Egg 2","Pantograph"],"potions_floor_usage":[16],"damage_taken":[{"damage":1,"enemies":"Cultist","floor":1,"turns":3},{"damage":0,"enemies":"Small Slimes","floor":2,"turns":4},{"damage":0,"enemies":"2 Louse","floor":3,"turns":2},{"damage":0,"enemies":"2 Fungi Beasts","floor":5,"turns":5},{"damage":8,"enemies":"Lagavulin","floor":6,"turns":10},{"damage":24,"enemies":"Gremlin Nob","floor":8,"turns":6},{"damage":0,"enemies":"Blue Slaver","floor":10,"turns":4},{"damage":0,"enemies":"Lots of Slimes","floor":11,"turns":4},{"damage":0,"enemies":"Exordium Thugs","floor":12,"turns":4},{"damage":0,"enemies":"Red Slaver","floor":14,"turns":4},{"damage":3,"enemies":"Hexaghost","floor":16,"turns":15},{"damage":11,"enemies":"Spheric Guardian","floor":18,"turns":4},{"damage":0,"enemies":"Chosen","floor":21,"turns":5},{"damage":6,"enemies":"Centurion and Healer","floor":27,"turns":10},{"damage":6,"enemies":"Snecko","floor":28,"turns":5},{"damage":56,"enemies":"Slavers","floor":29,"turns":3}],"seed_played":"-8382432969692572165","potions_obtained":[{"floor":6,"key":"GamblersBrew"},{"floor":11,"key":"Strength Potion"},{"floor":14,"key":"FocusPotion"},{"floor":21,"key":"AttackPotion"}],"is_trial":false,"path_per_floor":["M","M","M","$","M","E","R","E","T","M","M","M","?","M","R","B",null,"M","$","?","M","?","R","?","?","T","M","M"],"character_chosen":"DEFECT","items_purchased":["Toxic Egg 2","Loop"],"campfire_rested":0,"item_purchase_floors":[19,19],"current_hp_per_floor":[74,74,74,74,74,66,66,42,42,42,42,42,31,31,31,28,75,64,64,64,64,50,50,50,50,50,56,52,0],"gold":95,"neow_bonus":"RANDOM_COMMON_RELIC","is_prod":false,"is_daily":false,"chose_seed":false,"campfire_upgraded":3,"win_rate":0,"timestamp":1540951418,"path_taken":["M","M","M","?","M","E","R","E","T","M","M","M","?","M","R","BOSS","M","$","?","?","?","R","?","?","T","?","M","E"],"build_version":"2018-10-25v2","purchased_purges":2,"victory":false,"max_hp_per_floor":[75,75,75,75,75,75,75,75,75,75,75,75,75,75,75,75,75,75,75,75,75,80,80,56,56,56,56,56,56],"card_choices":[{"not_picked":["Steam","Go for the Eyes"],"picked":"Leap","floor":1},{"not_picked":["Gash","Turbo"],"picked":"Glacier","floor":2},{"not_picked":["Coolheaded","Recycle"],"picked":"Conserve Battery","floor":3},{"not_picked":["Sunder","Chill"],"picked":"Defragment","floor":5},{"not_picked":["Buffer","Steam"],"picked":"Chill","floor":6},{"not_picked":["Storm","Leap"],"picked":"Sweeping Beam","floor":8},{"not_picked":["Hologram","Leap"],"picked":"Defragment","floor":10},{"not_picked":["Steam","Scrape"],"picked":"Sweeping Beam","floor":11},{"not_picked":["Darkness","Reinforced Body"],"picked":"Leap","floor":12},{"not_picked":["Coolheaded","Double Energy"],"picked":"Loop","floor":14},{"not_picked":["Reboot","Thunder Strike"],"picked":"Amplify","floor":16},{"not_picked":["Skim","Doom and Gloom"],"picked":"Coolheaded","floor":18},{"not_picked":["Cold Snap","Conserve Battery+1"],"picked":"Barrage","floor":21},{"not_picked":["Storm+1","Rebound"],"picked":"Loop+1","floor":27},{"not_picked":["Cold Snap","Hologram+1"],"picked":"Consume+1","floor":28}],"player_experience":194725,"relics_obtained":[{"floor":6,"key":"Omamori"},{"floor":8,"key":"Bag of Preparation"},{"floor":9,"key":"Smiling Mask"},{"floor":26,"key":"Pantograph"}],"event_choices":[{"damage_healed":0,"gold_gain":75,"player_choice":"Gather Gold","damage_taken":11,"max_hp_gain":0,"max_hp_loss":0,"event_name":"World of Goop","floor":13,"gold_loss":0},{"cards_removed":["Defend_B"],"damage_healed":0,"gold_gain":0,"player_choice":"Elegance","damage_taken":0,"max_hp_gain":0,"max_hp_loss":0,"event_name":"Back to Basics","floor":20,"gold_loss":0},{"damage_healed":0,"gold_gain":0,"player_choice":"Shed Blood","damage_taken":19,"max_hp_gain":5,"max_hp_loss":0,"event_name":"Forgotten Altar","floor":22,"gold_loss":0},{"damage_healed":0,"gold_gain":0,"player_choice":"Became a vampire","damage_taken":0,"max_hp_gain":0,"max_hp_loss":24,"event_name":"Vampires","floor":24,"gold_loss":0,"cards_obtained":["Bite","Bite","Bite","Bite","Bite"]},{"damage_healed":0,"gold_gain":0,"player_choice":"Opened","damage_taken":0,"relics_obtained":["Frozen Egg 2"],"max_hp_gain":0,"max_hp_loss":0,"event_name":"The Mausoleum","floor":25,"gold_loss":0,"cards_obtained":["Writhe"]}],"is_beta":false,"boss_relics":[{"not_picked":["Runic Dome","Coffee Dripper"],"picked":"Inserter"}],"items_purged_floors":[4,19],"is_endless":false,"potions_floor_spawned":[6,11,14,21],"killed_by":"Slavers","ascension_level":1}