{"gold_per_floor":[14,14,14,30,30,57,71,91,117,67,67,67,86,98,98,98],"floor_reached":16,"playtime":1672,"items_purged":[],"score":102,"play_id":"5c673bb2-72f7-4dfd-a7cd-47ab067e0a02","local_time":"20181102200134","is_ascension_mode":false,"campfire_choices":[{"data":"Dualcast","floor":11,"key":"SMITH"},{"floor":15,"key":"REST"}],"neow_cost":"NO_GOLD","seed_source_timestamp":265151401153986,"circlet_count":0,"master_deck":["Strike_B","Strike_B","Strike_B","Defend_B","Defend_B","Defend_B","Zap","Dualcast+1","Scrape","Beam Cell"],"relics":["Cracked Core","Regal Pillow","Bag of Preparation","Happy Flower"],"potions_floor_usage":[8,13,13],"damage_taken":[{"damage":11,"enemies":"Jaw Worm","floor":1,"turns":2},{"damage":5,"enemies":"Small Slimes","floor":4,"turns":2},{"damage":32,"enemies":"Gremlin Nob","floor":6,"turns":4},{"damage":1,"enemies":"Cultist","floor":7,"turns":3},{"damage":8,"enemies":"Exordium Wildlife","floor":8,"turns":5},{"damage":0,"enemies":"Large Slime","floor":13,"turns":2},{"damage":0,"enemies":"Looter","floor":14,"turns":1},{"damage":0,"enemies":"Hexaghost","floor":16,"turns":1}],"seed_played":"4523092744335138340","potions_obtained":[{"floor":1,"key":"Energy Potion"},{"floor":4,"key":"Block Potion"},{"floor":6,"key":"EntropicBrew"}],"is_trial":false,"path_per_floor":["M","?","?","M","$","E","M","M","T","?","R","?","M","M","R","B"],"character_chosen":"DEFECT","items_purchased":[],"campfire_rested":1,"item_purchase_floors":[],"current_hp_per_floor":[64,46,51,46,46,14,13,5,5,5,5,5,5,5,44,44],"gold":98,"neow_bonus":"REMOVE_TWO","is_prod":false,"is_daily":false,"chose_seed":false,"campfire_upgraded":1,"win_rate":0,"timestamp":1541203294,"path_taken":["M","?","?","M","?","E","M","?","T","?","R","?","M","M","R","BOSS"],"build_version":"2018-11-01v2","purchased_purges":0,"victory":false,"max_hp_per_floor":[75,75,80,80,80,80,80,80,80,80,80,80,80,80,80,80],"card_choices":[{"not_picked":["White Noise","Double Energy"],"picked":"Scrape","floor":1},{"not_picked":["Ball Lightning","Sweeping Beam","Rebound"],"picked":"SKIP","floor":4},{"not_picked":["Seek","Storm","Blizzard"],"picked":"SKIP","floor":6},{"not_picked":["Streamline","Aggregate","Ball Lightning"],"picked":"SKIP","floor":7},{"not_picked":["Coolheaded","Chaos"],"picked":"Beam Cell","floor":8},{"not_picked":["Conserve Battery","White Noise","Go for the Eyes"],"picked":"SKIP","floor":13},{"not_picked":["Hologram","Turbo","Barrage"],"picked":"SKIP","floor":14}],"player_experience":544122,"relics_obtained":[{"floor":6,"key":"Bag of Preparation"},{"floor":9,"key":"Happy Flower"}],"event_choices":[{"damage_healed":0,"gold_gain":0,"player_choice":"Success","damage_taken":18,"relics_obtained":["Regal Pillow"],"max_hp_gain":0,"max_hp_loss":0,"event_name":"Scrap Ooze","floor":2,"gold_loss":0},{"damage_healed":0,"gold_gain":0,"player_choice":"Donut","damage_taken":0,"max_hp_gain":5,"max_hp_loss":0,"event_name":"Big Fish","floor":3,"gold_loss":0},{"damage_healed":0,"gold_gain":0,"player_choice":"Left Gold","damage_taken":0,"max_hp_gain":0,"max_hp_loss":0,"event_name":"World of Goop","floor":10,"gold_loss":50},{"damage_healed":0,"gold_gain":0,"player_choice":"Ignored","damage_taken":0,"max_hp_gain":0,"max_hp_loss":0,"event_name":"Golden Wing","floor":12,"gold_loss":0}],"is_beta":true,"boss_relics":[],"items_purged_floors":[],"is_endless":false,"potions_floor_spawned":[1,4,6],"killed_by":"Hexaghost","ascension_level":0}