{"gold_per_floor":[115,134,21,41,60,88,88,118,118,150,162,174,174,194,194,292,292,305,321,321,354,354,354,367,367,391,422,494,98,197,15,15,118,118,136,136,48,48,118,118,220,247,293,293,343,343,359,424,424,424,424,424,27,52,52],"floor_reached":55,"playtime":7343,"items_purged":["Strike_G","Strike_G"],"score":842,"play_id":"b93160ad-a180-4741-b3c0-0c1a19496a6c","local_time":"20190207201430","is_ascension_mode":true,"campfire_choices":[{"floor":7.0,"key":"REST"},{"floor":15.0,"key":"REST"},{"floor":23.0,"key":"REST"},{"floor":32.0,"key":"REST"},{"floor":40.0,"key":"RECALL"},{"floor":44.0,"key":"REST"},{"floor":46.0,"key":"REST"},{"floor":49.0,"key":"REST"},{"floor":52.0,"key":"DIG"}],"neow_cost":"NONE","seed_source_timestamp":0,"circlet_count":0,"master_deck":["Defend_G","Defend_G","Defend_G","Defend_G","Defend_G","Survivor","Neutralize","Deadly Poison","Choke","Escape Plan","Noxious Fumes","Dodge and Roll","Cloak And Dagger","Unload","Deflect","Prepared","Prepared","Poisoned Stab","Poisoned Stab","Venomology","Crippling Poison+1","Infinite Blades+1","Poisoned Stab","Footwork","Noxious Fumes","Leg Sweep","Apotheosis","Backflip+1","Tools of the Trade","Poisoned Stab+1","Leg Sweep","Caltrops","Bane","Noxious Fumes+1","Flechettes+1","Prepared+1","Prepared","Adrenaline"],"special_seed":0,"relics":["Ring of the Snake","Meat on the Bone","Paper Crane","The Specimen","Shuriken","Empty Cage","Art of War","Red Mask","Dream Catcher","Strawberry","Darkstone Periapt","PreservedInsect","Lizard Tail","SsserpentHead","Shovel","Ice Cream","Ancient Tea Set","Pantograph","Bronze Scales","Kunai","Bag of Preparation"],"potions_floor_usage":[55,55,55],"damage_taken":[{"damage":0.0,"enemies":"Cultist","floor":1.0,"turns":4.0},{"damage":0.0,"enemies":"Small Slimes","floor":2.0,"turns":4.0},{"damage":0.0,"enemies":"2 Louse","floor":4.0,"turns":3.0},{"damage":0.0,"enemies":"Exordium Wildlife","floor":5.0,"turns":4.0},{"damage":18.0,"enemies":"Gremlin Nob","floor":6.0,"turns":5.0},{"damage":14.0,"enemies":"3 Sentries","floor":8.0,"turns":7.0},{"damage":26.0,"enemies":"Gremlin Nob","floor":10.0,"turns":5.0},{"damage":3.0,"enemies":"Large Slime","floor":11.0,"turns":6.0},{"damage":0.0,"enemies":"Looter","floor":12.0,"turns":2.0},{"damage":1.0,"enemies":"3 Louse","floor":14.0,"turns":4.0},{"damage":19.0,"enemies":"Slime Boss","floor":16.0,"turns":11.0},{"damage":6.0,"enemies":"Spheric Guardian","floor":18.0,"turns":4.0},{"damage":12.0,"enemies":"Chosen","floor":19.0,"turns":5.0},{"damage":21.0,"enemies":"Masked Bandits","floor":21.0,"turns":5.0},{"damage":9.0,"enemies":"Snecko","floor":24.0,"turns":5.0},{"damage":24.0,"enemies":"Slavers","floor":27.0,"turns":5.0},{"damage":15.0,"enemies":"Collector","floor":33.0,"turns":9.0},{"damage":0.0,"enemies":"3 Shapes","floor":35.0,"turns":4.0},{"damage":5.0,"enemies":"3 Darklings","floor":39.0,"turns":5.0},{"damage":26.0,"enemies":"2 Orb Walkers","floor":41.0,"turns":6.0},{"damage":39.0,"enemies":"Reptomancer","floor":42.0,"turns":6.0},{"damage":4.0,"enemies":"Transient","floor":47.0,"turns":5.0},{"damage":42.0,"enemies":"Spire Growth","floor":48.0,"turns":7.0},{"damage":34.0,"enemies":"Awakened One","floor":50.0,"turns":14.0},{"damage":15.0,"enemies":"Shield and Spear","floor":54.0,"turns":6.0},{"damage":118,"enemies":"The Heart","floor":55,"turns":12}],"seed_played":"1512911693419868104","potions_obtained":[{"floor":1.0,"key":"Poison Potion"},{"floor":5.0,"key":"Regen Potion"},{"floor":8.0,"key":"Energy Potion"},{"floor":11.0,"key":"SneckoOil"},{"floor":12.0,"key":"LiquidBronze"},{"floor":21.0,"key":"PowerPotion"},{"floor":27.0,"key":"Block Potion"},{"floor":33.0,"key":"Dexterity Potion"},{"floor":42.0,"key":"Energy Potion"},{"floor":47.0,"key":"Regen Potion"},{"floor":48.0,"key":"Energy Potion"},{"floor":54.0,"key":"SteroidPotion"}],"is_trial":false,"path_per_floor":["M","M","$","M","M","E","R","E","T","E","M","M","?","M","R","B",null,"M","M","?","?","?","R","M","?","T","E","T","$","?","$","R","B",null,"M","?","$","?","M","R","?","E","T","R","?","R","M","M","R","B",null,"R","$","E","B"],"character_chosen":"THE_SILENT","items_purchased":["Noxious Fumes","Noxious Fumes","Leg Sweep","PreservedInsect","Apotheosis","Caltrops","Bane","Bronze Scales","Kunai"],"campfire_rested":7,"item_purchase_floors":[3,29,29,29,31,37,37,53,53],"current_hp_per_floor":[70,70,70,70,70,52,70,56,56,44,41,41,29,40,61,42,70,64,52,52,43,43,64,55,55,55,50,50,50,50,50,73,58,77,77,77,77,77,72,72,46,19,19,42,42,65,61,46,69,47,77,77,77,62,0],"gold":52,"neow_bonus":"THREE_CARDS","is_prod":false,"is_daily":false,"chose_seed":false,"campfire_upgraded":0,"win_rate":0,"timestamp":1549566870,"path_taken":["M","M","$","M","M","E","R","E","T","E","?","M","?","M","R","BOSS","M","M","?","?","?","R","M","?","T","E","?","$","?","?","R","BOSS","M","?","?","?","?","R","?","E","T","R","?","R","M","?","R","BOSS","R","$","E","BOSS"],"build_version":"2019-01-23","purchased_purges":2,"victory":false,"max_hp_per_floor":[70,70,70,70,70,70,70,70,70,70,70,70,70,70,70,70,70,70,70,70,70,70,70,70,70,70,77,77,77,77,77,77,77,77,77,77,77,77,77,77,77,77,77,77,77,77,77,77,77,77,77,77,77,77,77],"card_choices":[{"not_picked":["Slice","Prepared"],"picked":"Deadly Poison","floor":0.0},{"not_picked":["Endless Agony","Backflip"],"picked":"Choke","floor":1.0},{"not_picked":["Bane","Tactician"],"picked":"Escape Plan","floor":2.0},{"not_picked":["Expertise","Riddle With Holes"],"picked":"Dodge and Roll","floor":4.0},{"not_picked":["Slice","Flechettes"],"picked":"Cloak And Dagger","floor":5.0},{"not_picked":["Calculated Gamble","Quick Slash"],"picked":"Unload","floor":6.0},{"not_picked":["Accuracy","Outmaneuver"],"picked":"Deflect","floor":8.0},{"not_picked":["Dagger Throw","Backflip"],"picked":"Prepared","floor":10.0},{"not_picked":["Underhanded Strike","Infinite Blades"],"picked":"Prepared","floor":11.0},{"not_picked":["Dodge and Roll","Masterful Stab"],"picked":"Poisoned Stab","floor":12.0},{"not_picked":["Blade Dance","Cloak And Dagger"],"picked":"Poisoned Stab","floor":14.0},{"not_picked":["Night Terror","Tools of the Trade"],"picked":"Venomology","floor":16.0},{"not_picked":["Backflip","Slice+1"],"picked":"Crippling Poison+1","floor":18.0},{"not_picked":["Blade Dance","Deflect"],"picked":"Infinite Blades+1","floor":19.0},{"not_picked":["Dodge and Roll","Deflect"],"picked":"Poisoned Stab","floor":21.0},{"not_picked":["Outmaneuver","Infinite Blades+1","Deflect"],"picked":"SKIP","floor":24.0},{"not_picked":["Flying Knee","Underhanded Strike","Backflip"],"picked":"SKIP","floor":27.0},{"not_picked":["Deflect","Dagger Spray"],"picked":"Backflip+1","floor":32.0},{"not_picked":["Wraith Form v2","Bullet Time"],"picked":"Tools of the Trade","floor":33.0},{"not_picked":["Blade Dance","Dodge and Roll+1"],"picked":"Poisoned Stab+1","floor":35.0},{"not_picked":["Outmaneuver+1","Slice+1","Masterful Stab"],"picked":"SKIP","floor":39.0},{"not_picked":["Dodge and Roll+1","Masterful Stab"],"picked":"Noxious Fumes+1","floor":41.0},{"not_picked":["Eviscerate+1","Riddle With Holes"],"picked":"Flechettes+1","floor":42.0},{"not_picked":["Grand Finale","Eviscerate+1"],"picked":"Prepared+1","floor":44.0},{"not_picked":["Deadly Poison","Prepared","Bane"],"picked":"SKIP","floor":47.0},{"not_picked":["Outmaneuver+1","Underhanded Strike+1","Acrobatics"],"picked":"SKIP","floor":48.0},{"not_picked":["Footwork+1","Leg Sweep"],"picked":"Adrenaline","floor":54.0}],"player_experience":221803,"relics_obtained":[{"floor":6.0,"key":"Meat on the Bone"},{"floor":8.0,"key":"Paper Crane"},{"floor":10.0,"key":"The Specimen"},{"floor":21.0,"key":"Red Mask"},{"floor":26.0,"key":"Dream Catcher"},{"floor":27.0,"key":"Strawberry"},{"floor":28.0,"key":"Darkstone Periapt"},{"floor":41.0,"key":"Shovel"},{"floor":42.0,"key":"Ice Cream"},{"floor":43.0,"key":"Ancient Tea Set"},{"floor":52.0,"key":"Pantograph"},{"floor":54.0,"key":"Bag of Preparation"}],"event_choices":[{"damage_healed":0.0,"max_hp_gain":0.0,"max_hp_loss":0.0,"gold_gain":0.0,"event_name":"Scrap Ooze","player_choice":"Success","floor":13.0,"gold_loss":0.0,"damage_taken":12.0,"relics_obtained":["Shuriken"]},{"damage_healed":0.0,"max_hp_gain":0.0,"max_hp_loss":0.0,"gold_gain":0.0,"event_name":"The Mausoleum","player_choice":"Opened","floor":20.0,"gold_loss":0.0,"damage_taken":0.0,"relics_obtained":["Art of War"]},{"damage_healed":0.0,"max_hp_gain":0.0,"max_hp_loss":0.0,"gold_gain":0.0,"event_name":"Masked Bandits","player_choice":"Fought Bandits","floor":21.0,"gold_loss":0.0,"damage_taken":0.0},{"damage_healed":0.0,"max_hp_gain":0.0,"max_hp_loss":0.0,"gold_gain":0.0,"event_name":"The Library","player_choice":"Read","floor":22.0,"gold_loss":0.0,"damage_taken":0.0,"cards_obtained":["Footwork"]},{"damage_healed":0.0,"max_hp_gain":0.0,"max_hp_loss":0.0,"gold_gain":0.0,"event_name":"Vampires","player_choice":"Ignored","floor":25.0,"gold_loss":0.0,"damage_taken":0.0},{"damage_healed":0.0,"max_hp_gain":0.0,"max_hp_loss":0.0,"gold_gain":99.0,"event_name":"Nest","player_choice":"Stole From Cult","floor":30.0,"gold_loss":0.0,"damage_taken":0.0},{"damage_healed":0.0,"max_hp_gain":0.0,"max_hp_loss":0.0,"gold_gain":0.0,"event_name":"Duplicator","player_choice":"Copied","floor":36.0,"gold_loss":0.0,"damage_taken":0.0,"cards_obtained":["Leg Sweep"]},{"damage_healed":0.0,"max_hp_gain":0.0,"max_hp_loss":0.0,"gold_gain":0.0,"event_name":"FaceTrader","player_choice":"Trade","floor":38.0,"gold_loss":0.0,"damage_taken":0.0,"relics_obtained":["SsserpentHead"]},{"damage_healed":0.0,"max_hp_gain":0.0,"max_hp_loss":0.0,"gold_gain":0.0,"event_name":"Mysterious Sphere","player_choice":"Fight","floor":41.0,"gold_loss":0.0,"damage_taken":0.0},{"damage_healed":0.0,"max_hp_gain":0.0,"max_hp_loss":0.0,"gold_gain":0.0,"cards_transformed":["Strike_G"],"event_name":"Transmorgrifier","player_choice":"Transformed","floor":45.0,"gold_loss":0.0,"damage_taken":0.0,"cards_obtained":["Prepared"]}],"is_beta":false,"boss_relics":[{"not_picked":["Ectoplasm","Eternal Feather"],"picked":"Empty Cage"},{"not_picked":["Runic Pyramid","Astrolabe"],"picked":"Lizard Tail"}],"items_purged_floors":[3,29],"is_endless":false,"potions_floor_spawned":[1,5,8,11,12,21,27,33,42,47,48,54],"killed_by":"The Heart","ascension_level":1}