{"gold_per_floor":[113,113,131,141,155,155,211,45,71,71,36,69,89,102,102,173,173,190,190,208,227,238,238,264,283,334,334,364,313,313],"floor_reached":30,"playtime":1250,"items_purged":[],"score":532,"play_id":"6f901ab3-916e-4420-9096-bbeacfe4a59c","local_time":"20190102021223","is_ascension_mode":true,"campfire_choices":[{"data":"Bash","floor":6,"key":"SMITH"},{"data":"Apotheosis","floor":10,"key":"SMITH"},{"data":"Demon Form","floor":15,"key":"SMITH"},{"floor":23,"key":"RECALL"}],"neow_cost":"NONE","seed_source_timestamp":806795985638989,"circlet_count":0,"master_deck":["AscendersBane","Defend_R+1","Defend_R+1","Defend_R","Defend_R","Bash+1","Whirlwind","Battle Trance+1","Iron Wave","Carnage","Demon Form+1","Apotheosis+1","Sword Boomerang","Heavy Blade","Double Tap","Bite","Bite","Bite","Bite","Bite","Uppercut+1","Disarm","Pummel","Armaments"],"relics":["Burning Blood","Tiny Chest","War Paint","Bag of Preparation","Fusion Hammer","Letter Opener","Regal Pillow","Anchor"],"potions_floor_usage":[4,12,28],"damage_taken":[{"damage":0,"enemies":"2 Louse","floor":1,"turns":4},{"damage":6,"enemies":"Cultist","floor":3,"turns":4},{"damage":2,"enemies":"Jaw Worm","floor":4,"turns":3},{"damage":13,"enemies":"Large Slime","floor":5,"turns":6},{"damage":35,"enemies":"Lagavulin","floor":7,"turns":5},{"damage":16,"enemies":"Gremlin Nob","floor":12,"turns":4},{"damage":8,"enemies":"3 Louse","floor":13,"turns":2},{"damage":0,"enemies":"Red Slaver","floor":14,"turns":4},{"damage":52,"enemies":"The Guardian","floor":16,"turns":6},{"damage":23,"enemies":"Shell Parasite","floor":18,"turns":4},{"damage":0,"enemies":"Spheric Guardian","floor":20,"turns":3},{"damage":4,"enemies":"Snecko","floor":21,"turns":4},{"damage":16,"enemies":"Centurion and Healer","floor":22,"turns":4},{"damage":43,"enemies":"Gremlin Leader","floor":24,"turns":4},{"damage":17,"enemies":"Cultist and Chosen","floor":25,"turns":4},{"damage":40,"enemies":"Slavers","floor":28,"turns":6},{"damage":29,"enemies":"Book of Stabbing","floor":30,"turns":4}],"seed_played":"-9217608072571131341","potions_obtained":[{"floor":3,"key":"Explosive Potion"},{"floor":5,"key":"Poison Potion"},{"floor":7,"key":"LiquidBronze"},{"floor":12,"key":"Explosive Potion"},{"floor":14,"key":"Strength Potion"},{"floor":24,"key":"PowerPotion"},{"floor":28,"key":"Poison Potion"}],"is_trial":false,"path_per_floor":["M","?","M","M","M","R","E","$","T","R","?","E","M","M","R","B",null,"M","?","M","M","M","R","E","M","T","?","E","$","E"],"character_chosen":"IRONCLAD","items_purchased":["Apotheosis","Armaments"],"campfire_rested":0,"item_purchase_floors":[8,29],"current_hp_per_floor":[86,86,86,88,81,81,52,52,52,52,74,64,62,68,68,22,72,55,55,61,61,57,57,30,37,37,37,20,20,0],"gold":313,"neow_bonus":"TEN_PERCENT_HP_BONUS","is_prod":false,"is_daily":false,"chose_seed":false,"campfire_upgraded":3,"win_rate":0,"timestamp":1546413143,"path_taken":["M","?","M","M","M","R","E","?","T","R","?","E","M","?","R","BOSS","M","?","M","M","M","R","E","M","T","?","E","$","E"],"build_version":"2018-12-20","purchased_purges":0,"victory":false,"max_hp_per_floor":[88,88,88,88,88,88,88,88,88,88,88,88,88,88,88,88,88,88,61,61,61,61,61,61,61,61,61,61,61,61],"card_choices":[{"not_picked":["Heavy Blade","Perfected Strike"],"picked":"Whirlwind","floor":1},{"not_picked":["Iron Wave","Berserk"],"picked":"Battle Trance","floor":3},{"not_picked":["Sentinel","Blood for Blood"],"picked":"Iron Wave","floor":4},{"not_picked":["Body Slam","True Grit"],"picked":"Carnage","floor":5},{"not_picked":["Battle Trance","Anger"],"picked":"Demon Form","floor":7},{"not_picked":["Clothesline","Evolve"],"picked":"Sword Boomerang","floor":12},{"not_picked":["Clash","Anger"],"picked":"Heavy Blade","floor":13},{"not_picked":["Rage","Flex","Fire Breathing"],"picked":"SKIP","floor":14},{"not_picked":["Immolate","Exhume"],"picked":"Double Tap","floor":16},{"not_picked":["Clash","Flex","Sever Soul"],"picked":"SKIP","floor":18},{"not_picked":["Iron Wave","Warcry","Body Slam"],"picked":"SKIP","floor":20},{"not_picked":["Feed","Havoc"],"picked":"Uppercut+1","floor":21},{"not_picked":["Thunderclap","Clothesline","Bloodletting"],"picked":"SKIP","floor":22},{"not_picked":["Intimidate","Sever Soul"],"picked":"Disarm","floor":24},{"not_picked":["Sever Soul","Twin Strike","Wild Strike"],"picked":"SKIP","floor":25},{"not_picked":["Iron Wave","Double Tap"],"picked":"Pummel","floor":28}],"player_experience":447237,"relics_obtained":[{"floor":7,"key":"Tiny Chest"},{"floor":9,"key":"War Paint"},{"floor":12,"key":"Bag of Preparation"},{"floor":24,"key":"Letter Opener"},{"floor":26,"key":"Regal Pillow"},{"floor":28,"key":"Anchor"}],"event_choices":[{"cards_removed":["Strike_R"],"damage_healed":0,"gold_gain":0,"player_choice":"Card Removal","damage_taken":0,"max_hp_gain":0,"max_hp_loss":0,"event_name":"Wheel of Change","floor":2,"gold_loss":0},{"damage_healed":22,"gold_gain":0,"player_choice":"Healed","damage_taken":0,"max_hp_gain":0,"max_hp_loss":0,"event_name":"The Cleric","floor":11,"gold_loss":35},{"damage_healed":0,"gold_gain":0,"player_choice":"Became a vampire","damage_taken":0,"max_hp_gain":0,"max_hp_loss":27,"event_name":"Vampires","floor":19,"gold_loss":0,"cards_obtained":["Bite","Bite","Bite","Bite","Bite"]},{"damage_healed":0,"gold_gain":0,"player_choice":"Upgraded","damage_taken":0,"max_hp_gain":0,"max_hp_loss":0,"event_name":"Upgrade Shrine","floor":27,"gold_loss":0,"cards_upgraded":["Battle Trance"]}],"is_beta":false,"boss_relics":[{"not_picked":["Tiny House","Sozu"],"picked":"Fusion Hammer"}],"items_purged_floors":[],"is_endless":false,"potions_floor_spawned":[3,5,7,12,14,24,28],"killed_by":"Book of Stabbing","ascension_level":13}