{"gold_per_floor":[111,124,299,299,311,336,348,378,390,477,124,124,124,124],"floor_reached":14,"playtime":474,"items_purged":["Doubt"],"score":92,"play_id":"799c79cd-6d33-4eeb-87b0-0d1ea105941d","local_time":"20181023063209","is_ascension_mode":true,"campfire_choices":[{"data":"Zap","floor":7,"key":"SMITH"}],"neow_cost":"TEN_PERCENT_HP_LOSS","seed_source_timestamp":46291166230697,"circlet_count":0,"master_deck":["Strike_B","Strike_B","Strike_B","Defend_B","Defend_B","Defend_B","Zap+1","Dualcast","Hologram+1","FTL","Turbo","Melter+1"],"relics":["Cracked Core","MawBank","Kunai","Ginger","Golden Idol"],"potions_floor_usage":[6,14],"damage_taken":[{"damage":5,"enemies":"2 Louse","floor":1,"turns":2},{"damage":5,"enemies":"Cultist","floor":2,"turns":4},{"damage":5,"enemies":"Small Slimes","floor":5,"turns":3},{"damage":30,"enemies":"3 Sentries","floor":6,"turns":7},{"damage":2,"enemies":"3 Louse","floor":8,"turns":3},{"damage":8,"enemies":"Lots of Slimes","floor":14,"turns":1}],"seed_played":"2454466431755208258","potions_obtained":[{"floor":2,"key":"SkillPotion"},{"floor":8,"key":"Regen Potion"}],"is_trial":false,"path_per_floor":["M","M","?","?","M","E","R","M","T","?","$","?","?"],"character_chosen":"DEFECT","items_purchased":["Ginger"],"campfire_rested":0,"item_purchase_floors":[11],"current_hp_per_floor":[63,58,58,63,58,28,28,26,26,15,15,15,1,0],"gold":124,"neow_bonus":"REMOVE_TWO","is_prod":false,"is_daily":false,"chose_seed":false,"campfire_upgraded":1,"win_rate":0,"timestamp":1540290729,"path_taken":["M","M","?","?","?","E","R","M","T","?","$","?","?","?"],"build_version":"2018-10-22","purchased_purges":1,"victory":false,"max_hp_per_floor":[68,68,68,73,73,73,73,73,73,73,73,68,68,68],"card_choices":[{"not_picked":["Go for the Eyes","Streamline"],"picked":"Hologram","floor":1},{"not_picked":["Stack","Go for the Eyes","Rebound"],"picked":"SKIP","floor":2},{"not_picked":["Genetic Algorithm","Stack"],"picked":"FTL","floor":5},{"not_picked":["Genetic Algorithm","Gash"],"picked":"Turbo","floor":6},{"not_picked":["Gash","Sweeping Beam"],"picked":"Melter","floor":8}],"player_experience":520848,"relics_obtained":[{"floor":6,"key":"MawBank"},{"floor":9,"key":"Kunai"}],"event_choices":[{"damage_healed":0,"gold_gain":175,"player_choice":"AGREE","damage_taken":0,"max_hp_gain":0,"max_hp_loss":0,"event_name":"Liars Game","floor":3,"gold_loss":0,"cards_obtained":["Doubt"]},{"damage_healed":0,"gold_gain":0,"player_choice":"Donut","damage_taken":0,"max_hp_gain":5,"max_hp_loss":0,"event_name":"Big Fish","floor":4,"gold_loss":0},{"damage_healed":0,"gold_gain":75,"player_choice":"Gather Gold","damage_taken":11,"max_hp_gain":0,"max_hp_loss":0,"event_name":"World of Goop","floor":10,"gold_loss":0},{"damage_healed":0,"gold_gain":0,"player_choice":"Lose Max HP","damage_taken":0,"relics_obtained":["Golden Idol"],"max_hp_gain":0,"max_hp_loss":5,"event_name":"Golden Idol","floor":12,"gold_loss":0},{"damage_healed":0,"gold_gain":0,"player_choice":"Entered Light","damage_taken":14,"max_hp_gain":0,"max_hp_loss":0,"event_name":"Shining Light","floor":13,"gold_loss":0,"cards_upgraded":["Hologram","Melter"]}],"is_beta":true,"boss_relics":[],"items_purged_floors":[11],"is_endless":false,"potions_floor_spawned":[2,8],"killed_by":"Lots of Slimes","ascension_level":1}