{"gold_per_floor":[110,110,28,28,28,28,66,90,113,113,154,167,180,205,205,205],"floor_reached":16,"playtime":429,"items_purged":[],"score":162,"play_id":"fb5c9938-3a4a-4028-8a92-72ab1d6fb08e","local_time":"20181230214051","is_ascension_mode":true,"campfire_choices":[{"data":"Neutralize","floor":6,"key":"SMITH"},{"floor":10,"key":"RECALL"},{"data":"Blade Dance","floor":15,"key":"SMITH"}],"neow_cost":"NONE","seed_source_timestamp":268587865234200,"circlet_count":0,"master_deck":["Defend_G","Defend_G","Defend_G","Defend_G","Defend_G","Strike_G","Strike_G","Strike_G","Strike_G","Strike_G","Survivor","Neutralize+1","Choke+1","Injury","Bandage Up","Finisher","Accuracy","Blade Dance+1"],"relics":["Ring of the Snake","NeowsBlessing","Golden Idol","Bag of Preparation","Blood Vial","Singing Bowl"],"potions_floor_usage":[16],"damage_taken":[{"damage":0,"enemies":"2 Louse","floor":1,"turns":1},{"damage":0,"enemies":"3 Sentries","floor":7,"turns":2},{"damage":0,"enemies":"Cultist","floor":8,"turns":1},{"damage":15,"enemies":"Gremlin Nob","floor":11,"turns":4},{"damage":7,"enemies":"Small Slimes","floor":12,"turns":3},{"damage":2,"enemies":"Blue Slaver","floor":13,"turns":4},{"damage":0,"enemies":"Large Slime","floor":14,"turns":3},{"damage":79,"enemies":"Slime Boss","floor":16,"turns":10}],"seed_played":"-3260245645156307193","potions_obtained":[{"floor":1,"key":"LiquidBronze"},{"floor":7,"key":"Ancient Potion"},{"floor":13,"key":"Fire Potion"}],"is_trial":false,"path_per_floor":["M","?","$","?","$","R","E","M","T","R","E","M","M","M","R","B"],"character_chosen":"THE_SILENT","items_purchased":["Bandage Up"],"campfire_rested":0,"item_purchase_floors":[3],"current_hp_per_floor":[70,70,70,70,70,70,70,70,70,70,55,54,60,68,68,0],"gold":205,"neow_bonus":"THREE_ENEMY_KILL","is_prod":false,"is_daily":false,"chose_seed":false,"campfire_upgraded":2,"win_rate":0,"timestamp":1546202451,"path_taken":["M","?","$","?","$","R","E","M","T","R","E","?","?","M","R","BOSS"],"build_version":"2018-12-20","purchased_purges":0,"victory":false,"max_hp_per_floor":[70,70,70,70,70,70,70,70,70,70,70,70,72,74,74,74],"card_choices":[{"not_picked":["Endless Agony","Well Laid Plans"],"picked":"Choke","floor":1},{"not_picked":["Dagger Throw","PiercingWail"],"picked":"Finisher","floor":7},{"not_picked":["Catalyst","Deadly Poison","PiercingWail"],"picked":"SKIP","floor":8},{"not_picked":["Concentrate","Predator"],"picked":"Accuracy","floor":11},{"not_picked":["Crippling Poison","Deflect"],"picked":"Blade Dance","floor":12},{"not_picked":["Quick Slash","Slice","Flying Knee"],"picked":"Singing Bowl","floor":13},{"not_picked":["Dodge and Roll","Tactician","Bane"],"picked":"Singing Bowl","floor":14}],"player_experience":825830,"relics_obtained":[{"floor":7,"key":"Bag of Preparation"},{"floor":9,"key":"Blood Vial"},{"floor":11,"key":"Singing Bowl"}],"event_choices":[{"damage_healed":0,"gold_gain":0,"player_choice":"Take Wound","damage_taken":0,"relics_obtained":["Golden Idol"],"max_hp_gain":0,"max_hp_loss":0,"event_name":"Golden Idol","floor":2,"gold_loss":0,"cards_obtained":["Injury"]},{"damage_healed":0,"gold_gain":0,"player_choice":"Forge","damage_taken":0,"max_hp_gain":0,"max_hp_loss":0,"event_name":"Accursed Blacksmith","floor":4,"gold_loss":0,"cards_upgraded":["Choke"]}],"is_beta":false,"boss_relics":[],"items_purged_floors":[],"is_endless":false,"potions_floor_spawned":[1,7,13,14],"killed_by":"Slime Boss","ascension_level":4}