{"gold_per_floor":[110,120,139,151,74,74,106,124,124,151,170,185,218,233,233,335,335,352,352,369,383,393,421,436,468,468,490,518,530,542,564,576,683,695,725,737,519,533,550,581,581,613,613,647,266,318,333,344,344,344],"floor_reached":51,"playtime":6448,"items_purged":["Bouncing Flask","Night Terror"],"score":847,"play_id":"cdbc5cf7-5b65-42ee-b3d8-20ef2ec8ac46","local_time":"20190101150916","is_ascension_mode":true,"campfire_choices":[{"data":"Blur","floor":6.0,"key":"SMITH"},{"data":"Infinite Blades","floor":15.0,"key":"SMITH"},{"floor":29.0,"key":"REST"},{"floor":32.0,"key":"REST"},{"data":"Accuracy","floor":41,"key":"SMITH"},{"floor":49,"key":"REST"}],"neow_cost":"NONE","seed_source_timestamp":0,"circlet_count":0,"master_deck":["Survivor","Neutralize","Choke+1","Night Terror+1","Flying Knee+1","Infinite Blades","Blur+1","Infinite Blades+1","Accuracy+1","A Thousand Cuts","Cloak And Dagger","Die Die Die+1","Well Laid Plans","Blur+1","Poisoned Stab+1","Glass Knife","Blur","After Image","Adrenaline","Finisher+1","Shame"],"special_seed":0,"relics":["Lantern","Bird Faced Urn","Pocketwatch","Tough Bandages","Cursed Key","Nloth\u0027s Gift","Omamori","Kunai","MawBank","Ancient Tea Set","Pandora\u0027s Box","Membership Card","Frozen Egg 2","Boot","Gremlin Horn","Smiling Mask","Vajra","Sundial","TheAbacus","Whetstone"],"potions_floor_usage":[39,40,44,48,50,50],"damage_taken":[{"damage":0.0,"enemies":"Cultist","floor":1.0,"turns":3.0},{"damage":0.0,"enemies":"2 Louse","floor":2.0,"turns":2.0},{"damage":0.0,"enemies":"Jaw Worm","floor":3.0,"turns":3.0},{"damage":6.0,"enemies":"Lots of Slimes","floor":4.0,"turns":5.0},{"damage":15.0,"enemies":"3 Sentries","floor":7.0,"turns":9.0},{"damage":0.0,"enemies":"Gremlin Gang","floor":8.0,"turns":4.0},{"damage":8.0,"enemies":"Lagavulin","floor":10.0,"turns":6.0},{"damage":2.0,"enemies":"Looter","floor":11.0,"turns":3.0},{"damage":0.0,"enemies":"Red Slaver","floor":12.0,"turns":4.0},{"damage":14.0,"enemies":"Gremlin Nob","floor":13.0,"turns":4.0},{"damage":4.0,"enemies":"3 Louse","floor":14.0,"turns":2.0},{"damage":0.0,"enemies":"Slime Boss","floor":16.0,"turns":9.0},{"damage":20.0,"enemies":"Spheric Guardian","floor":18.0,"turns":4.0},{"damage":15.0,"enemies":"Shell Parasite","floor":20.0,"turns":6.0},{"damage":6.0,"enemies":"Snecko","floor":21.0,"turns":4.0},{"damage":9.0,"enemies":"Centurion and Healer","floor":22.0,"turns":4.0},{"damage":29.0,"enemies":"Gremlin Leader","floor":23.0,"turns":6.0},{"damage":8.0,"enemies":"3 Cultists","floor":24.0,"turns":5.0},{"damage":32.0,"enemies":"Book of Stabbing","floor":25.0,"turns":7.0},{"damage":17.0,"enemies":"Sentry and Sphere","floor":27.0,"turns":6.0},{"damage":0.0,"enemies":"Chosen and Byrds","floor":28.0,"turns":5.0},{"damage":7.0,"enemies":"Centurion and Healer","floor":31.0,"turns":5.0},{"damage":27.0,"enemies":"Champ","floor":33.0,"turns":11.0},{"damage":3.0,"enemies":"3 Shapes","floor":35.0,"turns":5.0},{"damage":24.0,"enemies":"3 Darklings","floor":38.0,"turns":4.0},{"damage":10,"enemies":"Sphere and 2 Shapes","floor":39,"turns":6},{"damage":21,"enemies":"Giant Head","floor":40,"turns":7},{"damage":41,"enemies":"Nemesis","floor":42,"turns":7},{"damage":7,"enemies":"Reptomancer","floor":44,"turns":6},{"damage":19,"enemies":"Jaw Worm Horde","floor":47,"turns":4},{"damage":0,"enemies":"Transient","floor":48,"turns":5},{"damage":57,"enemies":"Awakened One","floor":50,"turns":14}],"seed_played":"-8651098085448093884","potions_obtained":[{"floor":2.0,"key":"Ancient Potion"},{"floor":3.0,"key":"Dexterity Potion"},{"floor":8.0,"key":"EssenceOfSteel"},{"floor":10.0,"key":"AttackPotion"},{"floor":12.0,"key":"SpeedPotion"},{"floor":13.0,"key":"AttackPotion"},{"floor":16.0,"key":"FearPotion"},{"floor":18.0,"key":"FearPotion"},{"floor":23.0,"key":"SpeedPotion"},{"floor":25.0,"key":"EssenceOfSteel"},{"floor":33.0,"key":"Energy Potion"},{"floor":38.0,"key":"Block Potion"},{"floor":40,"key":"AttackPotion"},{"floor":44,"key":"SpeedPotion"},{"floor":47,"key":"FearPotion"}],"is_trial":false,"path_per_floor":["M","M","M","M","$","R","E","M","T","E","M","M","E","M","R","B",null,"M","?","M","M","M","E","M","E","T","M","M","R","?","M","R","B",null,"M","?","$","M","M","E","R","E","T","E","$","T","M","M","R","B",null],"character_chosen":"THE_SILENT","items_purchased":["Infinite Blades","Membership Card","Vajra","FearPotion","Sundial","TheAbacus"],"campfire_rested":3,"item_purchase_floors":[5,37,45,45,45,45],"current_hp_per_floor":[70,70,70,64,64,64,49,49,49,47,47,53,47,47,47,57,70,50,50,43,47,52,35,37,15,15,12,20,41,41,44,65,48,70,70,70,70,52,58,51,51,28,28,33,33,33,26,38,59,14],"gold":344,"neow_bonus":"BOSS_RELIC","is_prod":false,"is_daily":false,"chose_seed":false,"campfire_upgraded":3,"win_rate":0,"timestamp":1546376956,"path_taken":["M","M","M","M","?","R","E","M","T","E","M","M","E","M","R","BOSS","M","?","M","M","?","E","?","E","T","M","M","R","?","M","R","BOSS","M","?","$","M","M","E","R","E","T","E","$","?","M","M","R","BOSS"],"build_version":"2018-12-20","purchased_purges":2,"victory":true,"max_hp_per_floor":[70,70,70,70,70,70,70,70,70,70,70,70,70,70,70,70,70,70,70,70,70,70,70,70,70,70,70,70,70,70,70,70,70,70,70,70,70,70,70,70,70,70,70,70,70,70,70,70,70,70],"card_choices":[{"not_picked":["Bane","Backflip","Dagger Throw"],"picked":"SKIP","floor":1.0},{"not_picked":["Noxious Fumes","Expertise"],"picked":"Infinite Blades","floor":2.0},{"not_picked":["Finisher","Dodge and Roll","Poisoned Stab"],"picked":"SKIP","floor":3.0},{"not_picked":["Wraith Form v2","Acrobatics"],"picked":"Blur","floor":4.0},{"not_picked":["Backstab","Tactician","Deflect"],"picked":"SKIP","floor":7.0},{"not_picked":["Bane","PiercingWail"],"picked":"Accuracy","floor":8.0},{"not_picked":["Deadly Poison","PiercingWail"],"picked":"A Thousand Cuts","floor":10.0},{"not_picked":["Dodge and Roll","Tactician","Calculated Gamble"],"picked":"SKIP","floor":11.0},{"not_picked":["Dagger Spray","Infinite Blades","Acrobatics"],"picked":"SKIP","floor":12.0},{"not_picked":["Dodge and Roll","Masterful Stab"],"picked":"Cloak And Dagger","floor":13.0},{"not_picked":["Prepared","Backflip","Flying Knee"],"picked":"SKIP","floor":14.0},{"not_picked":["Phantasmal Killer","Venomology"],"picked":"Die Die Die","floor":16.0},{"not_picked":["PiercingWail","Poisoned Stab","Deflect+1"],"picked":"SKIP","floor":18.0},{"not_picked":["Dagger Throw","Slice"],"picked":"Well Laid Plans","floor":20.0},{"not_picked":["Poisoned Stab","Calculated Gamble","Catalyst+1"],"picked":"SKIP","floor":21.0},{"not_picked":["Flying Knee","Distraction"],"picked":"Envenom","floor":22.0},{"not_picked":["Backflip","Riddle With Holes","Die Die Die"],"picked":"SKIP","floor":23.0},{"not_picked":["Eviscerate","Blade Dance"],"picked":"Blur+1","floor":24.0},{"not_picked":["Outmaneuver","Flechettes","Masterful Stab"],"picked":"SKIP","floor":25.0},{"not_picked":["Dagger Spray","Underhanded Strike","Cloak And Dagger"],"picked":"SKIP","floor":27.0},{"not_picked":["Poisoned Stab","Bouncing Flask+1","PiercingWail"],"picked":"SKIP","floor":28.0},{"not_picked":["Quick Slash+1","Riddle With Holes","Backflip"],"picked":"SKIP","floor":31.0},{"not_picked":["Sucker Punch","Prepared","Acrobatics"],"picked":"SKIP","floor":35.0},{"not_picked":["Bane+1","Sucker Punch","Heel Hook+1"],"picked":"SKIP","floor":38.0},{"not_picked":["Bane+1","Cloak And Dagger","Prepared+1"],"picked":"SKIP","floor":39},{"not_picked":["Bullet Time","Concentrate+1","Endless Agony"],"picked":"SKIP","floor":40},{"not_picked":["Acrobatics+1","Deadly Poison"],"picked":"Finisher+1","floor":42},{"not_picked":["Prepared","Noxious Fumes+1","Dash+1"],"picked":"SKIP","floor":44},{"not_picked":["Acrobatics+1","Heel Hook+1","Deadly Poison"],"picked":"SKIP","floor":47},{"not_picked":["Prepared+1","Unload","Masterful Stab"],"picked":"SKIP","floor":48}],"player_experience":192771,"relics_obtained":[{"floor":7.0,"key":"Lantern"},{"floor":9.0,"key":"Bird Faced Urn"},{"floor":10.0,"key":"Pocketwatch"},{"floor":13.0,"key":"Tough Bandages"},{"floor":23.0,"key":"Omamori"},{"floor":25.0,"key":"Kunai"},{"floor":26.0,"key":"MawBank"},{"floor":40,"key":"Frozen Egg 2"},{"floor":42,"key":"Boot"},{"floor":43,"key":"Gremlin Horn"},{"floor":44,"key":"Smiling Mask"},{"floor":46,"key":"Whetstone"}],"event_choices":[{"damage_healed":0.0,"max_hp_gain":0.0,"max_hp_loss":0.0,"gold_gain":0.0,"event_name":"N\u0027loth","player_choice":"Traded Relic","floor":19.0,"relics_lost":["Astrolabe"],"gold_loss":0.0,"damage_taken":0.0,"relics_obtained":["Nloth\u0027s Gift"]},{"cards_removed":["Envenom"],"damage_healed":0.0,"max_hp_gain":0.0,"max_hp_loss":0.0,"gold_gain":0.0,"event_name":"WeMeetAgain","player_choice":"Gave Card","floor":30.0,"gold_loss":0.0,"damage_taken":0.0,"relics_obtained":["Ancient Tea Set"]},{"damage_healed":0.0,"max_hp_gain":0.0,"max_hp_loss":0.0,"gold_gain":0.0,"cards_transformed":["Caltrops"],"event_name":"Transmorgrifier","player_choice":"Transformed","floor":36.0,"gold_loss":0.0,"damage_taken":0.0,"cards_obtained":["Bouncing Flask"]}],"is_beta":false,"boss_relics":[{"not_picked":["Calling Bell","Ectoplasm"],"picked":"Cursed Key"},{"not_picked":["Velvet Choker","Eternal Feather"],"picked":"Pandora\u0027s Box"}],"items_purged_floors":[37,45],"is_endless":false,"potions_floor_spawned":[2,3,8,10,12,13,16,18,23,25,33,38,40,44,47],"ascension_level":1}