{"gold_per_floor":[20,38,38,55,55,55,72,72,72,72,72,72,104,104,104,201,201,216,141,141,153,78,78,95,107,184,184,194,194,204,216,216,312,312,330,6,6,25,25,25,35,55,79,79,79,9,23,23,23,23],"floor_reached":50,"playtime":1292,"items_purged":["Strike_R","Strike_R"],"score":492,"play_id":"b08c4951-6650-4e35-b3fa-ced0783f32a1","local_time":"20180919125356","is_ascension_mode":false,"campfire_choices":[{"data":"Cleave","floor":6,"key":"SMITH"},{"data":"Hemokinesis","floor":10,"key":"SMITH"},{"floor":15,"key":"REST"},{"floor":23,"key":"REST"},{"floor":27,"key":"REST"},{"floor":29,"key":"REST"},{"floor":32,"key":"REST"},{"floor":40,"key":"REST"},{"floor":44,"key":"REST"},{"floor":49,"key":"REST"}],"neow_cost":"NO_GOLD","seed_source_timestamp":689368438742335,"circlet_count":0,"master_deck":["Strike_R+1","Defend_R+1","Bash","Hemokinesis+1","Cleave+1","Clash","Cleave+1","Offering","Rampage","Offering","Shrug It Off+1","Thunderclap","Flex","Cleave+1","Ghostly Armor+1","Pommel Strike+1","Flex+1","Cleave+1"],"relics":["Burning Blood","War Paint","Paper Frog","Fusion Hammer","Pear","Sozu","Pen Nib","Potion Belt","Magic Flower","Prayer Wheel","Meat on the Bone"],"potions_floor_usage":[16,33,33,33,50],"damage_taken":[{"damage":11,"enemies":"Jaw Worm","floor":1,"turns":2},{"damage":9,"enemies":"Cultist","floor":2,"turns":3},{"damage":1,"enemies":"2 Louse","floor":4,"turns":2},{"damage":6,"enemies":"Exordium Wildlife","floor":7,"turns":2},{"damage":24,"enemies":"3 Sentries","floor":13,"turns":4},{"damage":23,"enemies":"Slime Boss","floor":16,"turns":6},{"damage":8,"enemies":"3 Byrds","floor":18,"turns":3},{"damage":2,"enemies":"Spheric Guardian","floor":21,"turns":1},{"damage":12,"enemies":"Centurion and Healer","floor":24,"turns":2},{"damage":10,"enemies":"Cultist and Chosen","floor":25,"turns":3},{"damage":8,"enemies":"Snake Plant","floor":28,"turns":2},{"damage":6,"enemies":"Centurion and Healer","floor":30,"turns":2},{"damage":8,"enemies":"3 Cultists","floor":31,"turns":2},{"damage":82,"enemies":"Champ","floor":33,"turns":7},{"damage":8,"enemies":"3 Shapes","floor":35,"turns":2},{"damage":12,"enemies":"Orb Walker","floor":38,"turns":1},{"damage":15,"enemies":"Spire Growth","floor":41,"turns":2},{"damage":23,"enemies":"3 Darklings","floor":42,"turns":2},{"damage":14,"enemies":"Mind Bloom Boss Battle","floor":45,"turns":1},{"damage":14,"enemies":"Sphere and 2 Shapes","floor":47,"turns":2},{"damage":96,"enemies":"Time Eater","floor":50,"turns":8}],"seed_played":"-7760711210369986238","potions_obtained":[{"floor":2,"key":"Poison Potion"},{"floor":13,"key":"Strength Potion"},{"floor":24,"key":"AttackPotion"},{"floor":25,"key":"SpeedPotion"},{"floor":31,"key":"Weak Potion"},{"floor":33,"key":"SkillPotion"}],"is_trial":false,"path_per_floor":["M","M","?","M","?","R","M","?","T","R","?","$","E","?","R","B",null,"M","$","?","M","?","R","M","M","T","R","M","R","M","M","R","B",null,"M","$","?","M","?","R","M","M","T","R","?","?","M","T","R"],"character_chosen":"IRONCLAD","items_purchased":["Pen Nib","Thunderclap","Flex"],"campfire_rested":8,"item_purchase_floors":[36,36,36],"current_hp_per_floor":[75,72,72,77,77,77,77,82,82,82,82,82,64,47,72,55,85,83,83,83,85,85,85,79,75,85,95,93,95,95,93,95,19,95,93,93,93,87,87,95,86,69,69,95,87,87,82,82,95,0],"gold":23,"neow_bonus":"REMOVE_TWO","is_prod":false,"is_daily":false,"chose_seed":false,"campfire_upgraded":2,"win_rate":0,"timestamp":1537376036,"path_taken":["M","M","?","M","?","R","M","?","T","R","?","?","E","?","R","BOSS","M","$","?","M","?","R","M","?","T","R","M","R","M","M","R","BOSS","M","$","?","M","?","R","M","M","T","R","?","?","M","?","R","BOSS"],"build_version":"2018-09-06","purchased_purges":2,"victory":false,"max_hp_per_floor":[80,80,80,80,80,80,80,85,85,85,85,85,85,85,85,85,85,85,85,85,85,85,85,85,85,95,95,95,95,95,95,95,95,95,95,95,95,95,95,95,95,95,95,95,95,95,95,95,95,95],"card_choices":[{"not_picked":["Warcry","Pommel Strike"],"picked":"Hemokinesis","floor":1},{"not_picked":["Shrug It Off","Armaments"],"picked":"Cleave","floor":2},{"not_picked":["Armaments","Twin Strike","Seeing Red"],"picked":"SKIP","floor":4},{"not_picked":["Warcry","Twin Strike"],"picked":"Clash","floor":7},{"not_picked":["Sever Soul","Perfected Strike"],"picked":"Cleave","floor":13},{"not_picked":["Reaper","Limit Break"],"picked":"Offering","floor":16},{"not_picked":["Sentinel","Perfected Strike+1","Warcry"],"picked":"SKIP","floor":18},{"not_picked":["Bloodletting","Heavy Blade","Flame Barrier"],"picked":"SKIP","floor":21},{"not_picked":["True Grit","Sever Soul","Havoc"],"picked":"SKIP","floor":24},{"not_picked":["Perfected Strike","Carnage+1","Wild Strike"],"picked":"SKIP","floor":25},{"not_picked":["Pommel Strike","Berserk","Dual Wield"],"picked":"SKIP","floor":28},{"not_picked":["Shrug It Off","Pummel","Feel No Pain"],"picked":"SKIP","floor":30},{"not_picked":["Metallicize","Rampage","Pommel Strike"],"picked":"SKIP","floor":31},{"not_picked":["Metallicize","Pommel Strike"],"picked":"Rampage","floor":31},{"not_picked":["Impervious","Barricade"],"picked":"Offering","floor":33},{"not_picked":["Havoc","Corruption"],"picked":"Shrug It Off+1","floor":35},{"not_picked":["Pommel Strike+1","Shrug It Off"],"picked":"Ghostly Armor+1","floor":38},{"not_picked":["Clash+1","Armaments"],"picked":"Pommel Strike+1","floor":41},{"not_picked":["Clothesline+1","Warcry"],"picked":"Flex+1","floor":42},{"not_picked":["Flex","Perfected Strike"],"picked":"Cleave+1","floor":47},{"not_picked":["Combust+1","Headbutt+1","Sword Boomerang+1"],"picked":"SKIP","floor":47}],"player_experience":2785152,"relics_obtained":[{"floor":9,"key":"War Paint"},{"floor":13,"key":"Paper Frog"},{"floor":26,"key":"Pear"},{"floor":43,"key":"Potion Belt"},{"floor":45,"key":"Magic Flower"},{"floor":48,"key":"Meat on the Bone"}],"event_choices":[{"event_name":"Bonfire Elementals","player_choice":"BASIC","floor":3,"damage_taken":0},{"event_name":"Living Wall","player_choice":"Forget","floor":5,"damage_taken":0},{"event_name":"Big Fish","player_choice":"Donut","floor":8,"damage_taken":0},{"event_name":"Dead Adventurer","player_choice":"Searched \u00270\u0027 times","floor":11,"damage_taken":0},{"event_name":"Shining Light","player_choice":"Entered Light","floor":14,"damage_taken":0},{"event_name":"Ghosts","player_choice":"Ignored","floor":20,"damage_taken":0},{"event_name":"Beggar","player_choice":"Gave Gold","floor":22,"damage_taken":0},{"event_name":"Duplicator","player_choice":"One dupe","floor":37,"damage_taken":0},{"event_name":"SensoryStone","player_choice":"Memory 1","floor":39,"damage_taken":0},{"event_name":"MindBloom","player_choice":"Fight","floor":45,"damage_taken":0},{"event_name":"WeMeetAgain","player_choice":"Gold","floor":46,"damage_taken":0}],"is_beta":false,"boss_relics":[{"not_picked":["Black Star","Coffee Dripper"],"picked":"Fusion Hammer"},{"not_picked":["Orrery","Pandora\u0027s Box"],"picked":"Sozu"}],"items_purged_floors":[19,36],"is_endless":false,"potions_floor_spawned":[2,13,24,25,31,33,35,45,47],"killed_by":"Time Eater","ascension_level":0}