{"gold_per_floor":[114,114,114,130,130,162,177,197,197,236,248,332,146,108,108,206,206,223,110,110,12,23,23,23,23,47,47,81,81,96,122,122,220,270,283,295,245,262,281,281,18,45,72,0,0,0,0,19,19,19],"floor_reached":51,"playtime":2159,"items_purged":["Regret","Tactician+1","Strike_G"],"score":853,"play_id":"4114ed00-b5c2-48b2-a86a-a05ad0f22fab","local_time":"20180911210517","is_ascension_mode":true,"campfire_choices":[{"data":"Terror","floor":11,"key":"SMITH"},{"floor":15,"key":"REST"},{"data":"Adrenaline","floor":23,"key":"SMITH"},{"data":"Neutralize","floor":25,"key":"SMITH"},{"data":"Prepared","floor":27,"key":"SMITH"},{"data":"Caltrops","floor":29,"key":"SMITH"},{"floor":32,"key":"REST"},{"data":"Caltrops","floor":40,"key":"SMITH"},{"floor":45,"key":"REST"},{"data":"A Thousand Cuts","floor":47,"key":"SMITH"},{"floor":49,"key":"REST"}],"neow_cost":"NONE","seed_source_timestamp":6557051948989,"circlet_count":0,"master_deck":["Defend_G","Defend_G","Defend_G","Defend_G+1","Survivor","Neutralize+1","Adrenaline+1","Dagger Throw","Underhanded Strike","Dagger Throw","Prepared+1","Terror+1","Die Die Die+1","Outmaneuver+1","Masterful Stab+1","Calculated Gamble+1","Caltrops+1","Deflect","Backstab","Underhanded Strike","After Image","Caltrops+1","Choke+1","Noxious Fumes+1","Slice+1","A Thousand Cuts+1","Slice+1"],"relics":["Ring of the Snake","Art of War","Paper Crane","MawBank","Snake Skull","Membership Card","Astrolabe","Bronze Scales","MutagenicStrength","Toolbox","Bag of Preparation","Boot","Unceasing Top","Tiny House","Shuriken","Blood Vial","Centennial Puzzle","Anchor"],"potions_floor_usage":[6,8,16,31,33,42,50,50],"damage_taken":[{"damage":0,"enemies":"2 Louse","floor":1,"turns":2},{"damage":0,"enemies":"Cultist","floor":4,"turns":3},{"damage":7,"enemies":"Gremlin Nob","floor":6,"turns":3},{"damage":6,"enemies":"Jaw Worm","floor":7,"turns":4},{"damage":0,"enemies":"Exordium Wildlife","floor":8,"turns":5},{"damage":41,"enemies":"3 Sentries","floor":10,"turns":9},{"damage":27,"enemies":"The Guardian","floor":16,"turns":14},{"damage":30,"enemies":"3 Byrds","floor":18,"turns":8},{"damage":0,"enemies":"2 Thieves","floor":22,"turns":2},{"damage":7,"enemies":"Slavers","floor":28,"turns":3},{"damage":0,"enemies":"Snecko","floor":30,"turns":1},{"damage":4,"enemies":"Gremlin Leader","floor":31,"turns":4},{"damage":38,"enemies":"Champ","floor":33,"turns":8},{"damage":2,"enemies":"Orb Walker","floor":35,"turns":4},{"damage":8,"enemies":"3 Shapes","floor":36,"turns":3},{"damage":0,"enemies":"Reptomancer","floor":38,"turns":2},{"damage":2,"enemies":"3 Darklings","floor":39,"turns":5},{"damage":41,"enemies":"Nemesis","floor":42,"turns":7},{"damage":0,"enemies":"Jaw Worm Horde","floor":48,"turns":1},{"damage":38,"enemies":"Donu and Deca","floor":50,"turns":6}],"seed_played":"-7477865748881415683","potions_obtained":[{"floor":4,"key":"AttackPotion"},{"floor":7,"key":"Block Potion"},{"floor":8,"key":"LiquidBronze"},{"floor":18,"key":"Dexterity Potion"},{"floor":31,"key":"SkillPotion"},{"floor":34,"key":"Explosive Potion"},{"floor":35,"key":"Block Potion"},{"floor":48,"key":"Swift Potion"}],"is_trial":false,"path_per_floor":["M","?","?","M","?","E","M","M","T","E","R","?","$","$","R","B",null,"M","$","?","$","M","R","?","R","T","R","E","R","M","E","R","B",null,"M","M","$","M","M","R","$","E","T","$","R","?","R","M","R","B"],"character_chosen":"THE_SILENT","items_purchased":["Membership Card","Bronze Scales","Caltrops","Toolbox","Shuriken","A Thousand Cuts","Anchor"],"campfire_rested":4,"item_purchase_floors":[13,19,19,21,41,41,44],"current_hp_per_floor":[70,70,70,70,70,63,57,57,57,16,16,16,16,16,37,10,70,40,40,40,40,40,40,40,40,40,40,33,33,33,29,50,12,75,73,65,65,65,63,63,63,22,22,22,44,44,44,46,68,32],"gold":19,"neow_bonus":"ONE_RANDOM_RARE_CARD","is_prod":false,"is_daily":false,"chose_seed":false,"campfire_upgraded":7,"win_rate":0,"timestamp":1536714317,"path_taken":["M","?","?","M","?","E","M","M","T","E","R","?","?","$","R","BOSS","M","$","?","$","M","R","?","R","T","R","E","R","M","E","R","BOSS","M","M","$","M","M","R","$","E","T","$","R","?","R","M","R","BOSS"],"build_version":"2018-09-10","purchased_purges":3,"victory":true,"max_hp_per_floor":[70,70,70,70,70,70,70,70,70,70,70,70,70,70,70,70,70,70,70,70,70,70,70,70,70,70,70,70,70,70,70,70,70,75,75,75,75,75,75,75,75,75,75,75,75,75,75,75,75,75],"card_choices":[{"not_picked":["Underhanded Strike","Outmaneuver"],"picked":"Dagger Throw","floor":1},{"not_picked":["Skewer","Dagger Throw"],"picked":"Underhanded Strike","floor":4},{"not_picked":["Skewer","Infinite Blades"],"picked":"Dagger Throw","floor":6},{"not_picked":["Bane","Deadly Poison"],"picked":"Prepared","floor":7},{"not_picked":["Setup","Deflect","Dodge and Roll"],"picked":"SKIP","floor":8},{"not_picked":["Infinite Blades","Setup"],"picked":"Terror","floor":10},{"not_picked":["Outmaneuver","Leg Sweep"],"picked":"Calculated Gamble+1","floor":18},{"not_picked":["Quick Slash","Blade Dance+1"],"picked":"Deflect","floor":22},{"not_picked":["Prepared","Bane"],"picked":"Backstab","floor":28},{"not_picked":["Glass Knife","Deadly Poison"],"picked":"Tactician+1","floor":30},{"not_picked":["Well Laid Plans","Quick Slash+1"],"picked":"Underhanded Strike","floor":31},{"not_picked":["Burst","Storm of Steel"],"picked":"After Image","floor":33},{"not_picked":["Dagger Spray","Eviscerate+1"],"picked":"Caltrops","floor":34},{"not_picked":["Riddle With Holes+1","Terror"],"picked":"Choke+1","floor":35},{"not_picked":["Blade Dance+1","Flying Knee+1","Masterful Stab"],"picked":"SKIP","floor":36},{"not_picked":["Skewer","Eviscerate+1"],"picked":"Noxious Fumes+1","floor":38},{"not_picked":["Dodge and Roll","Dagger Spray+1"],"picked":"Slice+1","floor":39},{"not_picked":["Blade Dance+1","Calculated Gamble","PiercingWail+1"],"picked":"SKIP","floor":42},{"not_picked":["Dagger Spray+1","Predator+1"],"picked":"Slice+1","floor":48}],"player_experience":350336,"relics_obtained":[{"floor":6,"key":"Paper Crane"},{"floor":9,"key":"MawBank"},{"floor":10,"key":"Snake Skull"},{"floor":26,"key":"Bag of Preparation"},{"floor":28,"key":"Boot"},{"floor":31,"key":"Unceasing Top"},{"floor":42,"key":"Blood Vial"},{"floor":43,"key":"Centennial Puzzle"}],"event_choices":[{"event_name":"The Woman in Blue","player_choice":"Bought 0 Potions","floor":2,"damage_taken":0},{"event_name":"Living Wall","player_choice":"Forget","floor":3,"damage_taken":0},{"event_name":"Big Fish","player_choice":"Box","floor":5,"damage_taken":0},{"event_name":"Golden Wing","player_choice":"Gained Gold","floor":12,"damage_taken":0},{"event_name":"Drug Dealer","player_choice":"Inject Mutagens","floor":20,"damage_taken":0},{"event_name":"Vampires","player_choice":"Ignored","floor":24,"damage_taken":0},{"event_name":"Purifier","player_choice":"One Purge","floor":46,"damage_taken":0}],"is_beta":true,"boss_relics":[{"not_picked":["Philosopher\u0027s Stone","Lizard Tail"],"picked":"Astrolabe"},{"not_picked":["Snecko Eye","Fusion Hammer"],"picked":"Tiny House"}],"items_purged_floors":[14,37,41],"is_endless":false,"potions_floor_spawned":[4,7,8,18,31,35,48],"ascension_level":4}