{"gold_per_floor":[111,167,167,132,146,174,174,185,185,185,185,185,185,360,360,462,462,481,500,500,500,510,510,191,229,229,272,288,288,326,368,368,468,468,509,522,28,28,28,28,28,46,94,135,164,164,264,319,319,319],"floor_reached":50,"playtime":1778,"items_purged":["Night Terror"],"score":600,"play_id":"ca592600-ce0b-44f4-b9fc-a284512abbca","local_time":"20190204082844","is_ascension_mode":false,"campfire_choices":[{"data":"Envenom","floor":7.0,"key":"SMITH"},{"data":"Neutralize","floor":10.0,"key":"SMITH"},{"data":"Crippling Poison","floor":12.0,"key":"SMITH"},{"floor":15.0,"key":"REST"},{"data":"Crippling Poison","floor":23.0,"key":"SMITH"},{"floor":29,"key":"REST"},{"data":"Blade Dance","floor":32,"key":"SMITH"},{"data":"Malaise","floor":40,"key":"SMITH"},{"data":"Concentrate","floor":46,"key":"SMITH"},{"data":"A Thousand Cuts","floor":49,"key":"SMITH"}],"neow_cost":"TEN_PERCENT_HP_LOSS","seed_source_timestamp":15549785587514,"circlet_count":0,"master_deck":["Survivor+1","Neutralize+1","Envenom+1","Backstab","Crippling Poison+1","Blade Dance+1","Crippling Poison+1","Glass Knife+1","Finisher+1","Concentrate+1","Deadly Poison","After Image+1","Deadly Poison","Masterful Stab+1","Catalyst","Cloak And Dagger","Escape Plan","Poisoned Stab+1","Poisoned Stab+1","Bane+1","HandOfGreed+1","Flying Knee+1","Backflip","Outmaneuver+1","Backstab+1","Poisoned Stab+1","Flying Knee+1","Malaise+1","Eviscerate+1","Madness","Madness","Footwork+1","Skewer+1","Venomology","A Thousand Cuts+1"],"special_seed":0,"relics":["Ring of the Snake","Molten Egg 2","Shuriken","Question Card","Paper Crane","Pandora\u0027s Box","FossilizedHelix","Snecko Eye","Ice Cream","Chemical X","Blood Vial","Singing Bowl","Turnip","Strawberry"],"potions_floor_usage":[33,33,33,42,50,50,50,50],"damage_taken":[{"damage":10.0,"enemies":"Cultist","floor":1.0,"turns":7.0},{"damage":0.0,"enemies":"2 Louse","floor":5.0,"turns":2.0},{"damage":5.0,"enemies":"Lagavulin","floor":6.0,"turns":9.0},{"damage":0.0,"enemies":"Jaw Worm","floor":8.0,"turns":2.0},{"damage":21.0,"enemies":"Slime Boss","floor":16.0,"turns":14.0},{"damage":0.0,"enemies":"Shell Parasite","floor":18.0,"turns":4.0},{"damage":23.0,"enemies":"Spheric Guardian","floor":19.0,"turns":4.0},{"damage":0.0,"enemies":"Cultist and Chosen","floor":22.0,"turns":6.0},{"damage":6,"enemies":"Chosen and Byrds","floor":25,"turns":4},{"damage":0,"enemies":"Centurion and Healer","floor":27,"turns":5},{"damage":8,"enemies":"Snake Plant","floor":28,"turns":3},{"damage":0,"enemies":"Cultist and Chosen","floor":30,"turns":4},{"damage":0,"enemies":"Shelled Parasite and Fungi","floor":31,"turns":3},{"damage":8,"enemies":"Collector","floor":33,"turns":6},{"damage":2,"enemies":"3 Darklings","floor":35,"turns":4},{"damage":0,"enemies":"Orb Walker","floor":36,"turns":3},{"damage":0,"enemies":"Spire Growth","floor":42,"turns":3},{"damage":17,"enemies":"Jaw Worm Horde","floor":44,"turns":4},{"damage":0,"enemies":"Reptomancer","floor":45,"turns":4},{"damage":0,"enemies":"Mind Bloom Boss Battle","floor":47,"turns":5},{"damage":0,"enemies":"Giant Head","floor":48,"turns":6},{"damage":59,"enemies":"Time Eater","floor":50,"turns":12}],"seed_played":"-7035135600073164315","potions_obtained":[{"floor":1.0,"key":"Dexterity Potion"},{"floor":5.0,"key":"EssenceOfSteel"},{"floor":16.0,"key":"SkillPotion"},{"floor":18.0,"key":"Poison Potion"},{"floor":33,"key":"Ancient Potion"},{"floor":36,"key":"Swift Potion"},{"floor":44,"key":"Block Potion"}],"is_trial":false,"path_per_floor":["M","?","?","?","M","E","R","M","T","R","T","R","?","?","R","B",null,"M","M","?","?","M","R","$","M","T","M","M","R","M","M","R","B",null,"M","M","$","?","$","R","$","M","T","M","E","R","?","E","R","B"],"character_chosen":"THE_SILENT","items_purchased":["HandOfGreed+1","Flying Knee+1","Ice Cream","Chemical X"],"campfire_rested":2,"item_purchase_floors":[24,24,37,37],"current_hp_per_floor":[53,53,28,43,43,38,38,38,38,38,38,38,25,25,43,22,63,63,40,40,40,40,40,40,34,34,34,26,44,44,44,44,36,63,61,61,61,53,53,53,53,53,53,38,42,42,44,53,53,0],"gold":319,"neow_bonus":"THREE_RARE_CARDS","is_prod":false,"is_daily":false,"chose_seed":false,"campfire_upgraded":8,"win_rate":0,"timestamp":1549290524,"path_taken":["M","?","?","?","?","E","R","M","T","R","?","R","?","?","R","BOSS","M","M","?","?","M","R","$","M","T","M","M","R","M","M","R","BOSS","M","M","?","?","$","R","?","M","T","?","E","R","?","E","R","BOSS"],"build_version":"2019-01-23","purchased_purges":1,"victory":false,"max_hp_per_floor":[63,63,63,63,63,63,63,63,63,63,63,63,63,63,63,63,63,63,63,63,63,63,63,63,63,63,63,63,63,63,63,63,63,63,63,63,63,63,63,63,63,63,63,63,65,65,65,72,72,72],"card_choices":[{"not_picked":["Phantasmal Killer","Bullet Time"],"picked":"Envenom","floor":0.0},{"not_picked":["Expertise","Poisoned Stab"],"picked":"Backstab","floor":1.0},{"not_picked":["Deadly Poison","Backflip"],"picked":"Crippling Poison","floor":5.0},{"not_picked":["Concentrate","Tools of the Trade"],"picked":"Blade Dance","floor":6.0},{"not_picked":["Outmaneuver","Acrobatics"],"picked":"Crippling Poison","floor":8.0},{"not_picked":["Wraith Form v2","Storm of Steel","Doppelganger"],"picked":"Glass Knife+1","floor":16.0},{"not_picked":["Quick Slash+1","Dodge and Roll","All Out Attack+1"],"picked":"Poisoned Stab+1","floor":18.0},{"not_picked":["Deflect","Endless Agony+1","Flying Knee+1"],"picked":"Poisoned Stab+1","floor":19.0},{"not_picked":["Acrobatics","Heel Hook+1","Dagger Throw+1"],"picked":"Bane+1","floor":22.0},{"not_picked":["Dagger Spray+1","Dagger Throw+1","Slice+1"],"picked":"Backflip","floor":25},{"not_picked":["Dagger Spray+1","Slice+1","Underhanded Strike+1"],"picked":"Outmaneuver+1","floor":27},{"not_picked":["All Out Attack+1","Grand Finale+1","Backflip"],"picked":"Backstab+1","floor":28},{"not_picked":["Quick Slash+1","Setup+1","Backflip+1"],"picked":"Poisoned Stab+1","floor":30},{"not_picked":["Slice+1","Bouncing Flask","Eviscerate+1"],"picked":"Flying Knee+1","floor":31},{"not_picked":["Adrenaline","Storm of Steel","Doppelganger"],"picked":"Malaise","floor":33},{"not_picked":["Backflip","Blade Dance","Finisher+1","Bane+1"],"picked":"SKIP","floor":35},{"not_picked":["Calculated Gamble+1","Flying Knee+1","Backstab+1"],"picked":"Eviscerate+1","floor":36},{"not_picked":["Dagger Throw+1","Caltrops","Deflect"],"picked":"Footwork+1","floor":42},{"not_picked":["Sucker Punch+1","Endless Agony+1","Cloak And Dagger+1"],"picked":"Skewer+1","floor":44},{"not_picked":["Calculated Gamble","Concentrate+1","Dagger Throw+1","PiercingWail"],"picked":"Singing Bowl","floor":45},{"not_picked":["Bane+1","Deadly Poison","Outmaneuver+1"],"picked":"Venomology","floor":47},{"not_picked":["Sucker Punch+1","Infinite Blades","Deadly Poison"],"picked":"A Thousand Cuts","floor":48}],"player_experience":743343,"relics_obtained":[{"floor":6.0,"key":"Shuriken"},{"floor":9.0,"key":"Question Card"},{"floor":11.0,"key":"Paper Crane"},{"floor":26,"key":"FossilizedHelix"},{"floor":43,"key":"Blood Vial"},{"floor":45,"key":"Singing Bowl"},{"floor":47,"key":"Turnip"},{"floor":48,"key":"Strawberry"}],"event_choices":[{"damage_healed":0.0,"max_hp_gain":0.0,"max_hp_loss":0.0,"gold_gain":56.0,"event_name":"Golden Wing","player_choice":"Gained Gold","floor":2.0,"gold_loss":0.0,"damage_taken":0.0},{"damage_healed":0.0,"max_hp_gain":0.0,"max_hp_loss":0.0,"gold_gain":0.0,"event_name":"Scrap Ooze","player_choice":"Success","floor":3.0,"gold_loss":0.0,"damage_taken":25.0,"relics_obtained":["Molten Egg 2"]},{"damage_healed":15.0,"max_hp_gain":0.0,"max_hp_loss":0.0,"gold_gain":0.0,"event_name":"The Cleric","player_choice":"Healed","floor":4.0,"gold_loss":35.0,"damage_taken":0.0},{"damage_healed":0.0,"max_hp_gain":0.0,"max_hp_loss":0.0,"gold_gain":0.0,"event_name":"Shining Light","player_choice":"Entered Light","floor":13.0,"gold_loss":0.0,"damage_taken":13.0,"cards_upgraded":["Survivor","Strike_G"]},{"damage_healed":0.0,"max_hp_gain":0.0,"max_hp_loss":0.0,"gold_gain":175.0,"event_name":"Liars Game","player_choice":"AGREE","floor":14.0,"gold_loss":0.0,"damage_taken":0.0,"cards_obtained":["Doubt"]},{"cards_removed":["Doubt"],"damage_healed":0.0,"max_hp_gain":0.0,"max_hp_loss":0.0,"gold_gain":0.0,"event_name":"Back to Basics","player_choice":"Elegance","floor":20.0,"gold_loss":0.0,"damage_taken":0.0},{"damage_healed":0.0,"max_hp_gain":0.0,"max_hp_loss":0.0,"gold_gain":0.0,"event_name":"Accursed Blacksmith","player_choice":"Forge","floor":21.0,"gold_loss":0.0,"damage_taken":0.0,"cards_upgraded":["After Image"]},{"damage_healed":0,"gold_gain":0,"player_choice":"Embrace Madness","damage_taken":8,"max_hp_gain":0,"max_hp_loss":0,"event_name":"Winding Halls","floor":38,"gold_loss":0,"cards_obtained":["Madness","Madness"]},{"damage_healed":0,"gold_gain":0,"player_choice":"Fight","damage_taken":0,"max_hp_gain":0,"max_hp_loss":0,"event_name":"MindBloom","floor":47,"gold_loss":0}],"is_beta":false,"boss_relics":[{"not_picked":["White Beast Statue","Velvet Choker"],"picked":"Pandora\u0027s Box"},{"not_picked":["WristBlade","Black Star"],"picked":"Snecko Eye"}],"items_purged_floors":[24],"is_endless":false,"potions_floor_spawned":[1,5,16,18,22,25,27,30,33,36,44],"killed_by":"Time Eater","ascension_level":0}