{"gold_per_floor":[110,110,110,127,139,139,170,170,197,224,244,261,313,345,345,444,444,456,456,304,315,315,315,329,357,407,407,442,452,452,486,486,582,582,598,65,65,65,84,84,0,100,127,159,159,159,188,233,233,233],"floor_reached":51,"playtime":5904,"items_purged":["Strike_G","Writhe"],"score":836,"play_id":"74fd230a-4b9f-4f81-885b-23b3eb9aa3db","local_time":"20190131125326","is_ascension_mode":true,"campfire_choices":[{"data":"Quick Slash","floor":6.0,"key":"SMITH"},{"data":"Predator","floor":8.0,"key":"SMITH"},{"data":"Footwork","floor":15.0,"key":"SMITH"},{"data":"Footwork","floor":23.0,"key":"SMITH"},{"data":"Terror","floor":27.0,"key":"SMITH"},{"floor":30,"key":"REST"},{"data":"Bouncing Flask","floor":32,"key":"SMITH"},{"data":"Madness","floor":40,"key":"SMITH"},{"floor":46,"key":"REST"},{"data":"PiercingWail","floor":49,"key":"SMITH"}],"neow_cost":"NONE","seed_source_timestamp":0,"circlet_count":0,"master_deck":["Defend_G+1","Defend_G","Defend_G","Defend_G","Defend_G","Strike_G","Strike_G","Strike_G","Survivor","Quick Slash+1","Calculated Gamble+1","Predator+1","Heel Hook","Terror+1","PiercingWail","Footwork+1","Adrenaline","Dodge and Roll","Footwork+1","Deadly Poison+1","Bouncing Flask+1","Leg Sweep+1","Predator+1","A Thousand Cuts","Dash+1","PiercingWail+1","Madness","Madness+1","Catalyst","Bane+1","Poisoned Stab+1"],"special_seed":0,"relics":["Ring of the Serpent","NeowsBlessing","Strawberry","Pocketwatch","Juzu Bracelet","Snake Skull","War Paint","Art of War","Velvet Choker","Potion Belt","Ninja Scroll","Regal Pillow","Bag of Preparation","Anchor","Bronze Scales","Bottled Tornado","Red Mask","FossilizedHelix","Omamori","Letter Opener","Prayer Wheel","Dead Branch"],"potions_floor_usage":[28,31,47,50,50,50,50],"damage_taken":[{"damage":0.0,"enemies":"Cultist","floor":1.0,"turns":1.0},{"damage":0.0,"enemies":"Jaw Worm","floor":4.0,"turns":1.0},{"damage":0.0,"enemies":"2 Louse","floor":5.0,"turns":1.0},{"damage":22.0,"enemies":"Gremlin Nob","floor":7.0,"turns":4.0},{"damage":15.0,"enemies":"Lagavulin","floor":10.0,"turns":5.0},{"damage":0.0,"enemies":"Large Slime","floor":11.0,"turns":4.0},{"damage":4.0,"enemies":"2 Fungi Beasts","floor":12.0,"turns":3.0},{"damage":6.0,"enemies":"3 Sentries","floor":14.0,"turns":6.0},{"damage":14.0,"enemies":"The Guardian","floor":16.0,"turns":10.0},{"damage":0.0,"enemies":"Chosen","floor":18.0,"turns":3.0},{"damage":0.0,"enemies":"Spheric Guardian","floor":21.0,"turns":5.0},{"damage":14.0,"enemies":"Shelled Parasite and Fungi","floor":24.0,"turns":5.0},{"damage":1.0,"enemies":"Book of Stabbing","floor":25.0,"turns":5.0},{"damage":22,"enemies":"Slavers","floor":28,"turns":6},{"damage":2,"enemies":"Chosen and Byrds","floor":29,"turns":6},{"damage":15,"enemies":"Gremlin Leader","floor":31,"turns":8},{"damage":24,"enemies":"Automaton","floor":33,"turns":12},{"damage":9,"enemies":"3 Darklings","floor":35,"turns":6},{"damage":13,"enemies":"Orb Walker","floor":39,"turns":4},{"damage":0,"enemies":"Mind Bloom Boss Battle","floor":42,"turns":7},{"damage":14,"enemies":"Giant Head","floor":44,"turns":9},{"damage":10,"enemies":"Reptomancer","floor":47,"turns":7},{"damage":0,"enemies":"2 Orb Walkers","floor":48,"turns":5},{"damage":59,"enemies":"Awakened One","floor":50,"turns":16}],"seed_played":"-6590772497836316065","potions_obtained":[{"floor":1.0,"key":"SteroidPotion"},{"floor":7.0,"key":"Regen Potion"},{"floor":11.0,"key":"EssenceOfSteel"},{"floor":14.0,"key":"Dexterity Potion"},{"floor":16.0,"key":"PowerPotion"},{"floor":18.0,"key":"SpeedPotion"},{"floor":25.0,"key":"Explosive Potion"},{"floor":28,"key":"Swift Potion"},{"floor":33,"key":"AttackPotion"},{"floor":35,"key":"FearPotion"},{"floor":48,"key":"Energy Potion"}],"is_trial":false,"path_per_floor":["M","?","?","M","M","R","E","R","T","E","M","M","T","E","R","B",null,"M","?","$","M","?","R","M","E","T","R","E","M","R","E","R","B",null,"M","$","?","?","M","R","?","?","T","E","?","R","E","?","R","B",null],"character_chosen":"THE_SILENT","items_purchased":["Footwork","Bronze Scales","Bottled Tornado","PiercingWail"],"campfire_rested":2,"item_purchase_floors":[20,36,36,36],"current_hp_per_floor":[70,63,70,70,70,70,48,48,48,47,47,43,43,37,37,23,77,77,63,63,63,63,63,49,48,48,48,26,24,63,48,48,24,82,73,73,73,63,50,50,50,50,50,36,36,75,65,65,65,6],"gold":233,"neow_bonus":"THREE_ENEMY_KILL","is_prod":false,"is_daily":false,"chose_seed":false,"campfire_upgraded":8,"win_rate":0,"timestamp":1548960806,"path_taken":["M","?","?","?","M","R","E","R","T","E","M","M","?","E","R","BOSS","M","?","$","M","?","R","M","E","T","R","E","M","R","E","R","BOSS","M","$","?","?","M","R","?","?","T","E","?","R","E","?","R","BOSS"],"build_version":"2019-01-23","purchased_purges":2,"victory":true,"max_hp_per_floor":[70,70,77,77,77,77,77,77,77,77,77,77,77,77,77,77,77,77,82,82,82,82,82,82,82,82,82,82,82,82,82,82,82,82,82,82,82,82,82,82,82,82,82,82,82,82,82,82,82,82],"card_choices":[{"not_picked":["Underhanded Strike","Sucker Punch"],"picked":"Quick Slash","floor":1.0},{"not_picked":["Slice","Bane"],"picked":"Calculated Gamble","floor":4.0},{"not_picked":["Deflect","Riddle With Holes","Reflex"],"picked":"SKIP","floor":5.0},{"not_picked":["Quick Slash","Dagger Spray"],"picked":"Predator","floor":7.0},{"not_picked":["Dagger Spray","Outmaneuver"],"picked":"Heel Hook","floor":10.0},{"not_picked":["Outmaneuver","Dagger Throw"],"picked":"Terror","floor":11.0},{"not_picked":["Bane","Night Terror"],"picked":"PiercingWail","floor":12.0},{"not_picked":["Infinite Blades","Dagger Throw"],"picked":"Footwork","floor":14.0},{"not_picked":["Die Die Die","A Thousand Cuts"],"picked":"Adrenaline","floor":16.0},{"not_picked":["Reflex","Caltrops"],"picked":"Dodge and Roll","floor":18.0},{"not_picked":["Backflip","Underhanded Strike"],"picked":"Deadly Poison+1","floor":21.0},{"not_picked":["All Out Attack","Sucker Punch"],"picked":"Bouncing Flask","floor":24.0},{"not_picked":["Heel Hook","Acrobatics","Calculated Gamble"],"picked":"SKIP","floor":25.0},{"not_picked":["Crippling Poison","Predator+1"],"picked":"Leg Sweep+1","floor":28},{"not_picked":["Outmaneuver","Deflect+1"],"picked":"Predator+1","floor":29},{"not_picked":["Doppelganger","Quick Slash","Slice"],"picked":"SKIP","floor":31},{"not_picked":["Glass Knife","Grand Finale"],"picked":"A Thousand Cuts","floor":33},{"not_picked":["PiercingWail","Dodge and Roll"],"picked":"Dash+1","floor":35},{"not_picked":["Underhanded Strike+1","Sucker Punch","Cloak And Dagger"],"picked":"SKIP","floor":39},{"not_picked":["Reflex+1","Underhanded Strike+1"],"picked":"Catalyst","floor":42},{"not_picked":["Leg Sweep+1","Flying Knee"],"picked":"Bane+1","floor":44},{"not_picked":["Adrenaline","All Out Attack","Setup+1"],"picked":"SKIP","floor":47},{"not_picked":["Deadly Poison","Outmaneuver+1"],"picked":"Poisoned Stab+1","floor":48}],"player_experience":319875,"relics_obtained":[{"floor":3.0,"key":"Strawberry"},{"floor":7.0,"key":"Pocketwatch"},{"floor":9.0,"key":"Juzu Bracelet"},{"floor":10.0,"key":"Snake Skull"},{"floor":13.0,"key":"War Paint"},{"floor":14.0,"key":"Art of War"},{"floor":25.0,"key":"Ninja Scroll"},{"floor":26.0,"key":"Regal Pillow"},{"floor":28,"key":"Bag of Preparation"},{"floor":31,"key":"Anchor"},{"floor":42,"key":"FossilizedHelix"},{"floor":43,"key":"Omamori"},{"floor":44,"key":"Letter Opener"},{"floor":47,"key":"Prayer Wheel"},{"floor":48,"key":"Dead Branch"}],"event_choices":[{"cards_removed":["Strike_G"],"damage_healed":0.0,"max_hp_gain":0.0,"max_hp_loss":0.0,"gold_gain":0.0,"event_name":"Golden Wing","player_choice":"Card Removal","floor":2.0,"gold_loss":0.0,"damage_taken":7.0},{"damage_healed":0.0,"max_hp_gain":0.0,"max_hp_loss":0.0,"gold_gain":0.0,"event_name":"Wheel of Change","player_choice":"Relic","floor":3.0,"gold_loss":0.0,"damage_taken":0.0},{"damage_healed":0.0,"max_hp_gain":5.0,"max_hp_loss":0.0,"gold_gain":0.0,"event_name":"Forgotten Altar","player_choice":"Shed Blood","floor":19.0,"gold_loss":0.0,"damage_taken":19.0},{"damage_healed":0.0,"max_hp_gain":0.0,"max_hp_loss":0.0,"gold_gain":0.0,"event_name":"The Mausoleum","player_choice":"Opened","floor":22.0,"gold_loss":0.0,"damage_taken":0.0,"relics_obtained":["Potion Belt"],"cards_obtained":["Writhe"]},{"damage_healed":0,"gold_gain":0,"player_choice":"Memory 1","damage_taken":0,"max_hp_gain":0,"max_hp_loss":0,"event_name":"SensoryStone","floor":37,"gold_loss":0},{"damage_healed":0,"gold_gain":0,"player_choice":"Embrace Madness","damage_taken":10,"max_hp_gain":0,"max_hp_loss":0,"event_name":"Winding Halls","floor":38,"gold_loss":0,"cards_obtained":["Madness","Madness"]},{"damage_healed":0,"gold_gain":0,"player_choice":"Paid","damage_taken":0,"relics_obtained":["Red Mask"],"max_hp_gain":0,"max_hp_loss":0,"event_name":"Tomb of Lord Red Mask","floor":41,"gold_loss":84},{"damage_healed":0,"gold_gain":0,"player_choice":"Fight","damage_taken":0,"max_hp_gain":0,"max_hp_loss":0,"event_name":"MindBloom","floor":42,"gold_loss":0},{"cards_removed":["Neutralize"],"damage_healed":0,"gold_gain":0,"player_choice":"Removed Attack","damage_taken":0,"max_hp_gain":0,"max_hp_loss":0,"event_name":"Falling","floor":45,"gold_loss":0},{"damage_healed":0,"gold_gain":0,"player_choice":"Fight","damage_taken":0,"max_hp_gain":0,"max_hp_loss":0,"event_name":"Mysterious Sphere","floor":48,"gold_loss":0}],"is_beta":false,"boss_relics":[{"not_picked":["Empty Cage","Snecko Eye"],"picked":"Velvet Choker"},{"not_picked":["Sozu","Runic Dome"],"picked":"Ring of the Serpent"}],"items_purged_floors":[20,36],"is_endless":false,"potions_floor_spawned":[1,7,11,14,16,18,25,28,33,35,48],"ascension_level":3}