{"gold_per_floor":[114,114,80,94,27,57,57,71,71,99,27,27,60,60,60,159,159,176,187,200,46,46,76,88,131,197,209,221,265,293,323,335,442,454,477,500,512,3,18,50,62,90,90,90,108,108,134,84,84,84],"floor_reached":51,"playtime":2098,"items_purged":["Strike_G","Strike_G","Strike_G","Strike_G"],"score":1355,"play_id":"3b346723-e724-4035-88cc-1375bede6d19","local_time":"20190127154009","is_ascension_mode":true,"campfire_choices":[{"data":"Blade Dance","floor":7,"key":"SMITH"},{"data":"Cloak And Dagger","floor":12,"key":"SMITH"},{"data":"Adrenaline","floor":15,"key":"SMITH"},{"data":"Terror","floor":24,"key":"SMITH"},{"data":"Cloak And Dagger","floor":27,"key":"SMITH"},{"floor":32,"key":"REST"},{"data":"Accuracy","floor":44,"key":"SMITH"},{"data":"Burst","floor":46,"key":"SMITH"},{"floor":49,"key":"REST"}],"neow_cost":"NONE","seed_source_timestamp":50098864039244,"circlet_count":0,"master_deck":["AscendersBane","Defend_G","Defend_G","Defend_G+1","Defend_G","Defend_G+1","Strike_G","Survivor","Neutralize","Dagger Throw","Escape Plan","Dagger Spray","Skewer","Blade Dance+1","Cloak And Dagger+1","Adrenaline+1","Cloak And Dagger+1","Backflip","Die Die Die","Backflip+1","Endless Agony","Infinite Blades","Terror+1","Accuracy+1","Footwork","Footwork+1","Burst+1","Blade Dance+1"],"relics":["Ring of the Serpent","NeowsBlessing","CultistMask","Shuriken","Smiling Mask","Odd Mushroom","StoneCalendar","MawBank","War Paint","Lantern","Pocketwatch","Sozu","Gremlin Horn","Bronze Scales","Strawberry","Pear","Meat on the Bone","Blue Candle"],"potions_floor_usage":[10,13,16,19,29,33,50],"damage_taken":[{"damage":0,"enemies":"Cultist","floor":1,"turns":1},{"damage":0,"enemies":"2 Louse","floor":4,"turns":1},{"damage":0,"enemies":"Lagavulin","floor":6,"turns":1},{"damage":0,"enemies":"Small Slimes","floor":8,"turns":2},{"damage":8,"enemies":"The Mushroom Lair","floor":10,"turns":3},{"damage":14,"enemies":"Gremlin Nob","floor":13,"turns":5},{"damage":28,"enemies":"Slime Boss","floor":16,"turns":7},{"damage":0,"enemies":"Shell Parasite","floor":18,"turns":5},{"damage":17,"enemies":"2 Thieves","floor":19,"turns":3},{"damage":3,"enemies":"3 Cultists","floor":20,"turns":4},{"damage":24,"enemies":"Gremlin Leader","floor":23,"turns":4},{"damage":7,"enemies":"Book of Stabbing","floor":25,"turns":3},{"damage":10,"enemies":"Slavers","floor":29,"turns":3},{"damage":0,"enemies":"Sentry and Sphere","floor":30,"turns":3},{"damage":1,"enemies":"Centurion and Healer","floor":31,"turns":3},{"damage":28,"enemies":"Automaton","floor":33,"turns":8},{"damage":6,"enemies":"3 Shapes","floor":35,"turns":3},{"damage":0,"enemies":"Orb Walker","floor":36,"turns":2},{"damage":3,"enemies":"Transient","floor":39,"turns":5},{"damage":0,"enemies":"Giant Head","floor":40,"turns":5},{"damage":1,"enemies":"Sphere and 2 Shapes","floor":41,"turns":4},{"damage":27,"enemies":"Nemesis","floor":42,"turns":5},{"damage":9,"enemies":"Spire Growth","floor":45,"turns":4},{"damage":1,"enemies":"Giant Head","floor":47,"turns":5},{"damage":53,"enemies":"Donu and Deca","floor":50,"turns":6}],"seed_played":"-1832013090403556413","potions_obtained":[{"floor":4,"key":"AttackPotion"},{"floor":6,"key":"GhostInAJar"},{"floor":13,"key":"SkillPotion"},{"floor":16,"key":"Fruit Juice"},{"floor":19,"key":"SpeedPotion"},{"floor":25,"key":"Block Potion"},{"floor":31,"key":"Weak Potion"},{"floor":33,"key":"Poison Potion"}],"is_trial":false,"path_per_floor":["M","?","$","M","$","E","R","M","T","?","$","R","E","?","R","B",null,"M","M","M","$","?","E","R","E","T","R","?","E","M","M","R","B",null,"M","M","?","$","M","E","M","E","T","R","M","R","E","$","R","B",null],"character_chosen":"THE_SILENT","items_purchased":["Escape Plan","Skewer","Cloak And Dagger","Infinite Blades","Terror","Footwork","Gremlin Horn","Bronze Scales"],"campfire_rested":2,"item_purchase_floors":[3,5,11,21,21,38,38,38],"current_hp_per_floor":[63,63,63,63,63,63,63,63,63,55,55,55,41,64,64,41,67,67,50,47,47,72,48,48,41,41,41,41,31,31,30,52,24,62,56,56,56,56,53,60,59,42,42,42,45,45,56,56,83,42],"gold":84,"neow_bonus":"THREE_ENEMY_KILL","is_prod":false,"is_daily":false,"chose_seed":false,"campfire_upgraded":7,"win_rate":0,"timestamp":1548625209,"path_taken":["M","?","$","?","?","E","R","M","T","?","$","R","E","?","R","BOSS","M","M","M","$","?","E","R","E","T","R","?","E","M","M","R","BOSS","M","M","?","$","M","E","M","E","T","R","M","R","E","$","R","BOSS"],"build_version":"2019-01-23","purchased_purges":4,"victory":true,"max_hp_per_floor":[70,70,70,70,70,70,70,70,70,70,70,70,70,70,70,75,75,75,75,75,75,75,75,75,75,75,75,75,75,75,75,75,75,75,75,75,75,75,75,82,82,92,92,92,92,92,92,92,92,92],"card_choices":[{"not_picked":["Flechettes","Infinite Blades"],"picked":"Dagger Throw","floor":1},{"not_picked":["Concentrate","Outmaneuver"],"picked":"Dagger Spray","floor":4},{"not_picked":["Quick Slash","Blur"],"picked":"Blade Dance","floor":6},{"not_picked":["Blur","Endless Agony"],"picked":"Cloak And Dagger","floor":8},{"not_picked":["Caltrops","Slice"],"picked":"Adrenaline","floor":10},{"not_picked":["Dagger Spray","Riddle With Holes"],"picked":"Backflip","floor":13},{"not_picked":["Tools of the Trade","Wraith Form v2"],"picked":"Die Die Die","floor":16},{"not_picked":["Outmaneuver+1","Slice","Underhanded Strike"],"picked":"SKIP","floor":18},{"not_picked":["Dodge and Roll","Outmaneuver"],"picked":"Backflip+1","floor":19},{"not_picked":["Predator+1","Flying Knee"],"picked":"Endless Agony","floor":20},{"not_picked":["Predator","Flying Knee","Dagger Spray"],"picked":"SKIP","floor":23},{"not_picked":["Endless Agony","Catalyst","Sucker Punch+1"],"picked":"SKIP","floor":25},{"not_picked":["Catalyst","Slice","Terror"],"picked":"SKIP","floor":29},{"not_picked":["Dagger Throw+1","Glass Knife","Deadly Poison"],"picked":"SKIP","floor":30},{"not_picked":["Finisher","Poisoned Stab+1"],"picked":"Accuracy","floor":31},{"not_picked":["Noxious Fumes+1","Deadly Poison","Dagger Throw+1"],"picked":"SKIP","floor":35},{"not_picked":["Deflect","Acrobatics","Bane"],"picked":"SKIP","floor":36},{"not_picked":["Heel Hook+1","Deflect+1","Dash"],"picked":"SKIP","floor":39},{"not_picked":["Heel Hook+1","Deflect+1","Dash"],"picked":"SKIP","floor":39},{"not_picked":["Dash","Dodge and Roll+1"],"picked":"Footwork+1","floor":40},{"not_picked":["Deflect","Prepared+1","Dodge and Roll"],"picked":"SKIP","floor":41},{"not_picked":["Dash","Slice+1"],"picked":"Burst","floor":42},{"not_picked":["Masterful Stab+1","Skewer+1","Setup"],"picked":"SKIP","floor":45},{"not_picked":["PiercingWail+1","Dagger Spray+1"],"picked":"Blade Dance+1","floor":47}],"player_experience":221293,"relics_obtained":[{"floor":6,"key":"Shuriken"},{"floor":9,"key":"Smiling Mask"},{"floor":10,"key":"Odd Mushroom"},{"floor":13,"key":"StoneCalendar"},{"floor":23,"key":"MawBank"},{"floor":25,"key":"War Paint"},{"floor":26,"key":"Lantern"},{"floor":29,"key":"Pocketwatch"},{"floor":40,"key":"Strawberry"},{"floor":42,"key":"Pear"},{"floor":43,"key":"Meat on the Bone"},{"floor":47,"key":"Blue Candle"}],"event_choices":[{"damage_healed":0,"gold_gain":0,"player_choice":"Trade","damage_taken":0,"relics_obtained":["CultistMask"],"max_hp_gain":0,"max_hp_loss":0,"event_name":"FaceTrader","floor":2,"gold_loss":0},{"damage_healed":0,"gold_gain":0,"player_choice":"Fought Mushrooms","damage_taken":0,"max_hp_gain":0,"max_hp_loss":0,"event_name":"Mushrooms","floor":10,"gold_loss":0},{"damage_healed":23,"gold_gain":0,"player_choice":"Banana","damage_taken":0,"max_hp_gain":0,"max_hp_loss":0,"event_name":"Big Fish","floor":14,"gold_loss":0},{"damage_healed":25,"gold_gain":0,"player_choice":"Heal","damage_taken":0,"max_hp_gain":0,"max_hp_loss":0,"event_name":"The Library","floor":22,"gold_loss":0},{"damage_healed":0,"gold_gain":0,"player_choice":"Ignored","damage_taken":0,"max_hp_gain":0,"max_hp_loss":0,"event_name":"Vampires","floor":28,"gold_loss":0},{"damage_healed":0,"gold_gain":0,"player_choice":"Ignored","damage_taken":0,"max_hp_gain":0,"max_hp_loss":0,"event_name":"Tomb of Lord Red Mask","floor":37,"gold_loss":0}],"is_beta":false,"boss_relics":[{"not_picked":["Runic Pyramid","Velvet Choker"],"picked":"Ring of the Serpent"},{"not_picked":["Philosopher\u0027s Stone","Fusion Hammer"],"picked":"Sozu"}],"items_purged_floors":[11,21,38,48],"is_endless":false,"potions_floor_spawned":[4,6,13,16,19,25,31,33,35,41,42,47],"ascension_level":11}