{"gold_per_floor":[12,162,182,17,17,17,33,33,33,44,59,59,59,94,94,94],"floor_reached":16,"playtime":460,"items_purged":["Doubt"],"score":219,"play_id":"b4c95e6e-37a7-4845-88c7-cb7a43203b95","local_time":"20190121151546","is_ascension_mode":true,"campfire_choices":[{"data":"Barricade","floor":6,"key":"SMITH"},{"data":"Armaments","floor":12,"key":"SMITH"},{"data":"True Grit","floor":15,"key":"SMITH"}],"neow_cost":"NO_GOLD","seed_source_timestamp":117138060537845,"circlet_count":0,"master_deck":["AscendersBane","Strike_R","Strike_R","Strike_R","Strike_R","Strike_R","Defend_R","Defend_R","Defend_R","Defend_R","Bash","Barricade+1","Metallicize","Armaments+1","Flash of Steel","Shrug It Off","True Grit+1"],"relics":["Burning Blood","Matryoshka","Golden Idol","Gambling Chip"],"potions_floor_usage":[11,14,16],"damage_taken":[{"damage":14,"enemies":"Small Slimes","floor":1,"turns":5},{"damage":20,"enemies":"Jaw Worm","floor":3,"turns":6},{"damage":11,"enemies":"Cultist","floor":7,"turns":5},{"damage":9,"enemies":"Red Slaver","floor":10,"turns":5},{"damage":0,"enemies":"3 Louse","floor":11,"turns":2},{"damage":0,"enemies":"Lagavulin","floor":14,"turns":10},{"damage":52,"enemies":"Hexaghost","floor":16,"turns":18}],"seed_played":"8371096890605468367","potions_obtained":[{"floor":3,"key":"Explosive Potion"},{"floor":11,"key":"Poison Potion"},{"floor":14,"key":"Dexterity Potion"}],"is_trial":false,"path_per_floor":["?","?","M","$","?"],"character_chosen":"IRONCLAD","items_purchased":["Flash of Steel"],"campfire_rested":0,"item_purchase_floors":[4],"current_hp_per_floor":[60,60,46,46,46,46,41,41,41,38,44,44,44,50,50,0],"gold":94,"neow_bonus":"THREE_RARE_CARDS","is_prod":false,"is_daily":false,"chose_seed":false,"campfire_upgraded":3,"win_rate":0,"timestamp":1548101746,"path_taken":["M","?","M","$","?","R","?","?","T","M","M","R","?","E","R","BOSS"],"build_version":"2019-01-20","purchased_purges":1,"victory":false,"max_hp_per_floor":[75,75,75,75,75,75,75,75,75,75,75,75,68,68,68,68],"card_choices":[{"not_picked":["Double Tap","Reaper"],"picked":"Barricade","floor":0},{"not_picked":["Shrug It Off","Clothesline"],"picked":"Metallicize","floor":1},{"not_picked":["Twin Strike","Heavy Blade"],"picked":"Armaments","floor":3},{"not_picked":["Anger","Reckless Charge"],"picked":"Shrug It Off","floor":7},{"not_picked":["Bloodletting","Havoc","Searing Blow"],"picked":"SKIP","floor":10},{"not_picked":["Heavy Blade","Pommel Strike"],"picked":"True Grit","floor":11},{"not_picked":["Armaments","Clash","Dark Embrace"],"picked":"SKIP","floor":14}],"player_experience":621724,"relics_obtained":[{"floor":9,"key":"Matryoshka"},{"floor":14,"key":"Gambling Chip"}],"event_choices":[{"damage_healed":0,"gold_gain":150,"player_choice":"AGREE","damage_taken":0,"max_hp_gain":0,"max_hp_loss":0,"event_name":"Liars Game","floor":2,"gold_loss":0,"cards_obtained":["Doubt"]},{"damage_healed":0,"gold_gain":0,"player_choice":"0 cards matched","damage_taken":0,"max_hp_gain":0,"max_hp_loss":0,"event_name":"Match and Keep!","floor":5,"gold_loss":0,"cards_obtained":[]},{"damage_healed":0,"gold_gain":0,"player_choice":"Lose Max HP","damage_taken":0,"relics_obtained":["Golden Idol"],"max_hp_gain":0,"max_hp_loss":7,"event_name":"Golden Idol","floor":13,"gold_loss":0}],"is_beta":true,"boss_relics":[],"items_purged_floors":[4],"is_endless":false,"potions_floor_spawned":[3,11,14],"killed_by":"Hexaghost","ascension_level":15}