{"gold_per_floor":[118,118,196,16,16,16,16,16,91,91,125,125],"floor_reached":12,"playtime":121,"items_purged":[],"score":126,"play_id":"b9f2e4d3-4aeb-49a6-9716-f0adf33ac5e3","local_time":"20190208210121","is_ascension_mode":true,"campfire_choices":[{"data":"Rupture","floor":6,"key":"SMITH"},{"data":"Hemokinesis","floor":8,"key":"SMITH"},{"data":"Bash","floor":10,"key":"SMITH"}],"neow_cost":"NONE","seed_source_timestamp":1693401996622613,"circlet_count":0,"master_deck":["AscendersBane","Strike_R","Strike_R","Strike_R","Strike_R","Strike_R","Defend_R+1","Defend_R","Defend_R","Defend_R","Bash+1","Rupture+1","Clash+1","Hemokinesis+1","Rupture+1","Anger","Combust"],"relics":["Burning Blood","Bottled Tornado","Question Card"],"potions_floor_usage":[],"damage_taken":[{"damage":13,"enemies":"2 Louse","floor":1,"turns":3},{"damage":34,"enemies":"Gremlin Nob","floor":11,"turns":4},{"damage":12,"enemies":"Jaw Worm","floor":12,"turns":1}],"seed_played":"-3282899468794493853","potions_obtained":[{"floor":11,"key":"SteroidPotion"}],"is_trial":false,"path_per_floor":["M","?","?","$","?","R","$","R","T","R","E","M"],"character_chosen":"IRONCLAD","items_purchased":["Hemokinesis","Rupture","Anger"],"campfire_rested":0,"item_purchase_floors":[4,4,4],"current_hp_per_floor":[61,38,38,38,38,38,38,38,38,38,10,0],"gold":125,"neow_bonus":"THREE_CARDS","is_prod":false,"is_daily":false,"chose_seed":false,"campfire_upgraded":3,"win_rate":0,"timestamp":1549677681,"path_taken":["M","?","?","?","?","R","$","R","T","R","E","M"],"build_version":"2019-02-06","purchased_purges":0,"victory":false,"max_hp_per_floor":[75,75,75,75,75,75,75,75,75,75,75,75],"card_choices":[{"not_picked":["Armaments","Clothesline"],"picked":"Rupture","floor":0},{"not_picked":["Headbutt","Dropkick"],"picked":"Clash","floor":1},{"not_picked":["Metallicize","Entrench"],"picked":"Combust","floor":11}],"player_experience":646705,"relics_obtained":[{"floor":9,"key":"Bottled Tornado"},{"floor":11,"key":"Question Card"}],"event_choices":[{"damage_healed":0,"gold_gain":0,"player_choice":"Entered Light","damage_taken":23,"max_hp_gain":0,"max_hp_loss":0,"event_name":"Shining Light","floor":2,"gold_loss":0,"cards_upgraded":["Clash","Defend_R"]},{"damage_healed":0,"gold_gain":78,"player_choice":"Gained Gold","damage_taken":0,"max_hp_gain":0,"max_hp_loss":0,"event_name":"Golden Wing","floor":3,"gold_loss":0},{"damage_healed":0,"gold_gain":0,"player_choice":"Grow","damage_taken":0,"max_hp_gain":0,"max_hp_loss":0,"event_name":"Living Wall","floor":5,"gold_loss":0,"cards_upgraded":["Rupture"]}],"is_beta":true,"boss_relics":[],"items_purged_floors":[],"is_endless":false,"potions_floor_spawned":[11],"killed_by":"Jaw Worm","ascension_level":15}