{"gold_per_floor":[115,115,215,235,258,258,301,314,339,359,403,403,478,493,493,493],"floor_reached":16,"playtime":903,"items_purged":[],"score":112,"play_id":"683d25c9-ed8d-44c0-b159-b3260f0d63ba","local_time":"20190210030631","is_ascension_mode":false,"campfire_choices":[{"data":"Whirlwind","floor":6,"key":"SMITH"},{"floor":15,"key":"REST"}],"neow_cost":"NONE","seed_source_timestamp":162612854585955,"circlet_count":0,"master_deck":["Strike_R","Strike_R","Strike_R","Strike_R","Strike_R","Defend_R","Defend_R","Defend_R","Defend_R","Bash","Whirlwind+1","Perfected Strike","Pummel","Thunderclap","Perfected Strike","Wild Strike","Rampage","Regret","Limit Break"],"relics":["Burning Blood","Golden Idol","Orichalcum","Happy Flower","Oddly Smooth Stone","Boot"],"potions_floor_usage":[],"damage_taken":[{"damage":2,"enemies":"Small Slimes","floor":1,"turns":4},{"damage":6,"enemies":"Cultist","floor":4,"turns":3},{"damage":6,"enemies":"Jaw Worm","floor":5,"turns":4},{"damage":37,"enemies":"Lagavulin","floor":7,"turns":6},{"damage":0,"enemies":"Looter","floor":8,"turns":4},{"damage":9,"enemies":"2 Fungi Beasts","floor":10,"turns":3},{"damage":8,"enemies":"Gremlin Nob","floor":11,"turns":3},{"damage":5,"enemies":"Red Slaver","floor":14,"turns":4},{"damage":58,"enemies":"Hexaghost","floor":16,"turns":9}],"seed_played":"-5117347288835871818","potions_obtained":[{"floor":5,"key":"Energy Potion"},{"floor":10,"key":"PowerPotion"},{"floor":14,"key":"SpeedPotion"}],"is_trial":false,"path_per_floor":["M","?","?","M","M","R","E","M","T","M","E","?","?","M","R","B"],"character_chosen":"IRONCLAD","items_purchased":[],"campfire_rested":1,"item_purchase_floors":[],"current_hp_per_floor":[88,66,66,66,66,66,35,41,41,38,36,36,28,29,55,0],"gold":493,"neow_bonus":"TEN_PERCENT_HP_BONUS","is_prod":false,"is_daily":false,"chose_seed":false,"campfire_upgraded":1,"win_rate":0.0,"timestamp":1549764391,"path_taken":["M","?","?","?","M","R","E","M","T","M","E","?","?","M","R","BOSS"],"build_version":"2019-01-23","purchased_purges":0,"victory":false,"max_hp_per_floor":[88,88,88,88,88,88,88,88,88,88,88,88,88,88,88,88],"card_choices":[{"not_picked":["Headbutt","Anger"],"picked":"Whirlwind","floor":1},{"not_picked":["Wild Strike","Twin Strike"],"picked":"Perfected Strike","floor":4},{"not_picked":["Clothesline","Headbutt"],"picked":"Pummel","floor":5},{"not_picked":["Sever Soul","Spot Weakness"],"picked":"Thunderclap","floor":7},{"not_picked":["Armaments","Burning Pact"],"picked":"Perfected Strike","floor":8},{"not_picked":["Headbutt","Feel No Pain"],"picked":"Wild Strike","floor":10},{"not_picked":["Spot Weakness","Havoc"],"picked":"Rampage","floor":11},{"not_picked":["Wild Strike","Pommel Strike"],"picked":"Limit Break","floor":14}],"player_experience":119489,"relics_obtained":[{"floor":7,"key":"Orichalcum"},{"floor":9,"key":"Happy Flower"},{"floor":11,"key":"Oddly Smooth Stone"}],"event_choices":[{"damage_healed":0,"gold_gain":0,"player_choice":"Take Damage","damage_taken":22,"relics_obtained":["Golden Idol"],"max_hp_gain":0,"max_hp_loss":0,"event_name":"Golden Idol","floor":2,"gold_loss":0},{"damage_healed":0,"gold_gain":100,"player_choice":"Gold","damage_taken":0,"max_hp_gain":0,"max_hp_loss":0,"event_name":"Wheel of Change","floor":3,"gold_loss":0},{"damage_healed":0,"gold_gain":0,"player_choice":"Box","damage_taken":0,"relics_obtained":["Boot"],"max_hp_gain":0,"max_hp_loss":0,"event_name":"Big Fish","floor":12,"gold_loss":0,"cards_obtained":["Regret"]},{"damage_healed":0,"gold_gain":75,"player_choice":"Touch","damage_taken":8,"max_hp_gain":0,"max_hp_loss":0,"event_name":"FaceTrader","floor":13,"gold_loss":0}],"is_beta":false,"boss_relics":[],"items_purged_floors":[],"is_endless":false,"potions_floor_spawned":[5,10,14],"killed_by":"Hexaghost","ascension_level":0}