{"gold_per_floor":[119,131,131,131,150,150,174,26,79,4,37,62,27,62,62,191,191,212,212,226,245,269,269,269],"floor_reached":24,"playtime":3057,"items_purged":["Injury"],"score":233,"play_id":"d8bae918-91f1-41fb-b2b2-5aa70943edcd","local_time":"20180624224739","is_ascension_mode":false,"campfire_choices":[{"data":"Warcry","floor":6,"key":"SMITH"},{"data":"Sword Boomerang","floor":15,"key":"SMITH"},{"data":"Barricade","floor":23,"key":"SMITH"}],"neow_cost":"","seed_source_timestamp":575006262766718,"circlet_count":0,"master_deck":["Defend_R","Defend_R","Defend_R","Defend_R","Bash","Warcry+1","Cleave","Second Wind","Flex","Flex","Sword Boomerang+1","Disarm","Headbutt","Barricade+1","Metallicize","Bite","Bite","Bite","Bite","Bite","True Grit+1","Iron Wave","Impervious"],"relics":["Black Blood","Golden Idol","Orichalcum","Pen Nib","Strawberry","Vajra"],"potions_floor_usage":[14,24,24,24],"damage_taken":[{"damage":1,"enemies":"Jaw Worm","floor":1,"turns":5},{"damage":4,"enemies":"2 Louse","floor":2,"turns":3},{"damage":8,"enemies":"Small Slimes","floor":5,"turns":3},{"damage":10,"enemies":"Looter","floor":7,"turns":2},{"damage":28,"enemies":"Lagavulin","floor":11,"turns":8},{"damage":6,"enemies":"2 Fungi Beasts","floor":12,"turns":3},{"damage":12,"enemies":"Gremlin Nob","floor":14,"turns":5},{"damage":51,"enemies":"The Guardian","floor":16,"turns":9},{"damage":37,"enemies":"3 Byrds","floor":18,"turns":6},{"damage":13,"enemies":"Chosen","floor":20,"turns":7},{"damage":43,"enemies":"Centurion and Healer","floor":21,"turns":12},{"damage":50,"enemies":"Chosen and Byrds","floor":22,"turns":7},{"damage":35,"enemies":"Gremlin Leader","floor":24,"turns":6}],"seed_played":"-4795464051211016569","potions_obtained":[{"floor":2,"key":"Weak Potion"},{"floor":7,"key":"Explosive Potion"},{"floor":11,"key":"GamblersBrew"},{"floor":16,"key":"SmokeBomb"},{"floor":21,"key":"SpeedPotion"},{"floor":22,"key":"FearPotion"}],"is_trial":false,"path_per_floor":["M","M","?","?","M","R","M","$","T","$","E","M","?","E","R","B",null,"M","?","M","M","M","R"],"character_chosen":"IRONCLAD","items_purchased":["Orichalcum"],"campfire_rested":0,"item_purchase_floors":[8],"current_hp_per_floor":[80,80,80,80,78,78,74,74,74,74,59,59,80,74,74,29,87,60,60,60,51,21,21,0],"gold":269,"neow_bonus":"","is_prod":false,"is_daily":false,"chose_seed":false,"campfire_upgraded":3,"win_rate":0.0,"timestamp":1529894859,"path_taken":["M","M","?","?","M","R","M","$","T","$","E","M","?","E","R","BOSS","M","?","M","M","?","R","E"],"build_version":"2018-06-21v2","purchased_purges":1,"victory":false,"max_hp_per_floor":[80,80,80,80,80,80,80,80,80,80,87,87,87,87,87,87,87,87,60,60,60,60,60,60],"card_choices":[{"not_picked":["Body Slam","Pommel Strike"],"picked":"Warcry","floor":1},{"not_picked":["Dropkick","True Grit"],"picked":"Cleave","floor":2},{"not_picked":["Inflame","Entrench"],"picked":"Flex","floor":5},{"not_picked":["Thunderclap","True Grit"],"picked":"Flex","floor":7},{"not_picked":["Combust","Burning Pact"],"picked":"Sword Boomerang","floor":11},{"not_picked":["Shrug It Off","Iron Wave"],"picked":"Disarm","floor":12},{"not_picked":["Iron Wave","Twin Strike"],"picked":"Headbutt","floor":14},{"not_picked":["Dark Embrace","Demon Form"],"picked":"Barricade","floor":16},{"not_picked":["Thunderclap","Combust+1"],"picked":"Metallicize","floor":18},{"not_picked":["Twin Strike","Searing Blow"],"picked":"True Grit+1","floor":20},{"not_picked":["Headbutt","Thunderclap"],"picked":"Iron Wave","floor":21},{"not_picked":["Perfected Strike","Cleave"],"picked":"Impervious","floor":22}],"player_experience":0,"relics_obtained":[{"floor":9,"key":"Pen Nib"},{"floor":11,"key":"Strawberry"},{"floor":14,"key":"Vajra"}],"event_choices":[{"event_name":"Golden Idol","player_choice":"Take Wound","floor":3,"damage_taken":0},{"event_name":"Living Wall","player_choice":"Change","floor":4,"damage_taken":0},{"event_name":"The Cleric","player_choice":"Healed","floor":13,"damage_taken":0},{"event_name":"Vampires","player_choice":"Became a vampire","floor":19,"damage_taken":0}],"boss_relics":[{"not_picked":["Fusion Hammer","Snecko Eye"],"picked":"Black Blood"}],"items_purged_floors":[10],"is_endless":false,"potions_floor_spawned":[2,7,11,16,21,22],"killed_by":"Gremlin Leader","ascension_level":0}