{"gold_per_floor":[13,24,40,51,51,85,85,98,98,118,118,146,159,159,159,254,254,268,21,21,33,33,33,33],"floor_reached":24,"playtime":1641,"items_purged":[],"score":208,"play_id":"699188dd-a2f4-4571-9ee8-f4a4d3b38062","local_time":"20190211133200","is_ascension_mode":false,"campfire_choices":[{"data":"Glass Knife","floor":7,"key":"SMITH"},{"data":"Well Laid Plans","floor":11,"key":"SMITH"},{"floor":15,"key":"REST"},{"floor":23,"key":"REST"}],"neow_cost":"NO_GOLD","seed_source_timestamp":7170810743677,"circlet_count":0,"master_deck":["Defend_G","Defend_G","Defend_G","Defend_G","Defend_G","Strike_G","Strike_G","Survivor","Neutralize","Blade Dance","Predator","Dodge and Roll","Well Laid Plans+1","Glass Knife+1","Deadly Poison","Accuracy","Terror","Envenom","Blur","Backstab","Dodge and Roll","Calculated Gamble"],"relics":["Ring of the Serpent","Regal Pillow","Dream Catcher","Boot","Blue Candle","Centennial Puzzle"],"potions_floor_usage":[6,8,16,21],"damage_taken":[{"damage":0,"enemies":"Small Slimes","floor":1,"turns":6},{"damage":1,"enemies":"Cultist","floor":2,"turns":5},{"damage":1,"enemies":"Jaw Worm","floor":3,"turns":3},{"damage":7,"enemies":"Large Slime","floor":4,"turns":10},{"damage":14,"enemies":"Gremlin Nob","floor":6,"turns":4},{"damage":3,"enemies":"3 Louse","floor":8,"turns":3},{"damage":0,"enemies":"Looter","floor":10,"turns":2},{"damage":24,"enemies":"Lagavulin","floor":12,"turns":6},{"damage":5,"enemies":"Lots of Slimes","floor":13,"turns":5},{"damage":19,"enemies":"Hexaghost","floor":16,"turns":8},{"damage":6,"enemies":"3 Byrds","floor":18,"turns":6},{"damage":31,"enemies":"Spheric Guardian","floor":21,"turns":8},{"damage":63,"enemies":"Gremlin Leader","floor":24,"turns":6}],"seed_played":"5558836233759099459","potions_obtained":[{"floor":4,"key":"GamblersBrew"},{"floor":6,"key":"Regen Potion"},{"floor":8,"key":"LiquidBronze"},{"floor":13,"key":"Dexterity Potion"},{"floor":18,"key":"Strength Potion"}],"is_trial":false,"path_per_floor":["M","M","M","M","?","E","R","M","T","M","R","E","M","?","R","B",null,"M","$","?","M","?","R","E"],"character_chosen":"THE_SILENT","items_purchased":["Centennial Puzzle","Backstab","Dodge and Roll"],"campfire_rested":2,"item_purchase_floors":[19,19,19],"current_hp_per_floor":[70,69,68,61,61,47,47,53,53,53,53,29,24,21,57,38,70,64,64,51,20,20,57,0],"gold":33,"neow_bonus":"REMOVE_TWO","is_prod":false,"is_daily":false,"chose_seed":false,"campfire_upgraded":2,"win_rate":0,"timestamp":1549888320,"path_taken":["M","M","M","M","?","E","R","M","T","M","R","E","?","?","R","BOSS","M","$","?","M","?","R","E"],"build_version":"2019-01-23","purchased_purges":0,"victory":false,"max_hp_per_floor":[70,70,70,70,70,70,70,70,70,70,70,70,70,70,70,70,70,70,70,75,75,75,75,75],"card_choices":[{"not_picked":["Poisoned Stab","PiercingWail"],"picked":"Blade Dance","floor":1},{"not_picked":["Tactician","Acrobatics"],"picked":"Predator","floor":2},{"not_picked":["Slice","Blade Dance"],"picked":"Dodge and Roll","floor":3},{"not_picked":["Quick Slash","Deadly Poison"],"picked":"Well Laid Plans","floor":4},{"not_picked":["Outmaneuver","Cloak And Dagger"],"picked":"Glass Knife","floor":6},{"not_picked":["Riddle With Holes","Sucker Punch","Expertise"],"picked":"SKIP","floor":8},{"not_picked":["Terror","Underhanded Strike"],"picked":"Deadly Poison","floor":10},{"not_picked":["Masterful Stab","PiercingWail"],"picked":"Accuracy","floor":12},{"not_picked":["Blade Dance","Dagger Throw","Slice"],"picked":"SKIP","floor":13},{"not_picked":["Dagger Throw","Flechettes"],"picked":"Terror","floor":15},{"not_picked":["Grand Finale","Unload"],"picked":"Envenom","floor":16},{"not_picked":["Dagger Throw","Distraction"],"picked":"Blur","floor":18},{"not_picked":["Bane+1","Escape Plan"],"picked":"Calculated Gamble","floor":21}],"player_experience":119301,"relics_obtained":[{"floor":6,"key":"Regal Pillow"},{"floor":9,"key":"Dream Catcher"},{"floor":12,"key":"Boot"}],"event_choices":[{"cards_removed":["Strike_G"],"damage_healed":0,"gold_gain":0,"player_choice":"Purged","damage_taken":0,"max_hp_gain":0,"max_hp_loss":0,"event_name":"Purifier","floor":5,"gold_loss":0},{"damage_healed":0,"gold_gain":0,"player_choice":"Success","damage_taken":3,"relics_obtained":["Blue Candle"],"max_hp_gain":0,"max_hp_loss":0,"event_name":"Scrap Ooze","floor":14,"gold_loss":0},{"damage_healed":0,"gold_gain":0,"player_choice":"Shed Blood","damage_taken":18,"max_hp_gain":5,"max_hp_loss":0,"event_name":"Forgotten Altar","floor":20,"gold_loss":0},{"damage_healed":0,"gold_gain":0,"player_choice":"Ignored","damage_taken":0,"max_hp_gain":0,"max_hp_loss":0,"event_name":"The Mausoleum","floor":22,"gold_loss":0}],"is_beta":false,"boss_relics":[{"not_picked":["Tiny House","HoveringKite"],"picked":"Ring of the Serpent"}],"items_purged_floors":[],"is_endless":false,"potions_floor_spawned":[4,6,8,13,18],"killed_by":"Gremlin Leader","ascension_level":0}