{"gold_per_floor":[15,15,26,26,26,26,26,26,26,37,47,75,85,96,96,199,199,183,183,195,212,20,20,52,52,79,79,92,112,412,425,425,530,530,548,564,579,196,196,196,211,245,257,269,281],"floor_reached":45,"playtime":7448,"items_purged":["Strike_G","Normality"],"score":708,"play_id":"1ee01e9f-2440-4842-9873-b24e264abecf","local_time":"20190209183223","is_ascension_mode":true,"campfire_choices":[{"data":"Footwork","floor":6,"key":"SMITH"},{"floor":8,"key":"DIG"},{"floor":15,"key":"REST"},{"data":"Night Terror","floor":23,"key":"SMITH"},{"floor":25,"key":"DIG"},{"floor":27,"key":"REST"},{"floor":30,"key":"DIG"},{"floor":32,"key":"REST"},{"floor":40,"key":"REST"},{"floor":44,"key":"REST"}],"neow_cost":"NO_GOLD","seed_source_timestamp":1296932790194648,"circlet_count":0,"master_deck":["AscendersBane","Defend_G","Defend_G+1","Defend_G","Defend_G","Strike_G","Strike_G","Survivor+1","Neutralize+1","Cloak And Dagger","Footwork+1","Backflip","Glass Knife","Well Laid Plans","Predator","Acrobatics","Night Terror+1","Backflip","Poisoned Stab","Underhanded Strike+1","Dagger Throw+1","Crippling Poison","Footwork","Deadly Poison","Heel Hook","Adrenaline","Bane+1","Tactician","Deadly Poison+1","Tactician","Well Laid Plans","Prepared+1","Backflip+1","Injury"],"relics":["Ring of the Snake","Shovel","Calipers","Odd Mushroom","Cursed Key","War Paint","Torii","Snake Skull","Old Coin","Sozu","Ancient Tea Set","MawBank","Letter Opener"],"potions_floor_usage":[16,16,24,31,37],"damage_taken":[{"damage":1,"enemies":"Small Slimes","floor":1,"turns":5},{"damage":0,"enemies":"Cultist","floor":3,"turns":4},{"damage":1,"enemies":"Jaw Worm","floor":10,"turns":5},{"damage":8,"enemies":"Exordium Wildlife","floor":11,"turns":10},{"damage":24,"enemies":"The Mushroom Lair","floor":12,"turns":6},{"damage":0,"enemies":"2 Fungi Beasts","floor":13,"turns":4},{"damage":0,"enemies":"Blue Slaver","floor":14,"turns":4},{"damage":39,"enemies":"Slime Boss","floor":16,"turns":23},{"damage":16,"enemies":"2 Thieves","floor":18,"turns":4},{"damage":0,"enemies":"3 Byrds","floor":20,"turns":5},{"damage":0,"enemies":"3 Cultists","floor":21,"turns":7},{"damage":13,"enemies":"Slavers","floor":24,"turns":7},{"damage":14,"enemies":"Snecko","floor":28,"turns":7},{"damage":21,"enemies":"Chosen and Byrds","floor":29,"turns":10},{"damage":10,"enemies":"Sentry and Sphere","floor":31,"turns":10},{"damage":14,"enemies":"Champ","floor":33,"turns":17},{"damage":22,"enemies":"3 Darklings","floor":35,"turns":7},{"damage":1,"enemies":"Orb Walker","floor":36,"turns":3},{"damage":10,"enemies":"Jaw Worm Horde","floor":37,"turns":4},{"damage":18,"enemies":"Sphere and 2 Shapes","floor":41,"turns":4},{"damage":45,"enemies":"Reptomancer","floor":42,"turns":7},{"damage":33,"enemies":"Spire Growth","floor":45,"turns":6}],"seed_played":"6945900714973396506","potions_obtained":[{"floor":1,"key":"Ancient Potion"},{"floor":3,"key":"FairyPotion"},{"floor":13,"key":"GamblersBrew"},{"floor":16,"key":"Fruit Juice"},{"floor":21,"key":"Poison Potion"},{"floor":29,"key":"Regen Potion"},{"floor":33,"key":"Swift Potion"}],"is_trial":false,"path_per_floor":["M","?","M","?","T","R","$","R","T","M","M","?","M","M","R","B",null,"M","?","M","M","$","R","E","R","T","R","M","M","R","M","R","B",null,"M","M","M","$","?","R","M","E","T","R","M"],"character_chosen":"THE_SILENT","items_purchased":["Crippling Poison","Footwork","Tactician","Ancient Tea Set","Well Laid Plans"],"campfire_rested":5,"item_purchase_floors":[22,22,38,38,38],"current_hp_per_floor":[62,62,62,62,62,62,62,62,62,61,53,29,29,29,50,16,60,44,44,44,44,44,44,31,31,31,53,39,18,18,23,45,31,64,42,41,31,31,31,53,35,6,6,28,0],"gold":281,"neow_bonus":"REMOVE_TWO","is_prod":false,"is_daily":false,"chose_seed":false,"campfire_upgraded":2,"win_rate":0,"timestamp":1549733543,"path_taken":["M","?","?","?","?","R","?","R","T","M","M","?","M","M","R","BOSS","M","?","M","M","?","R","E","R","T","R","M","M","R","M","R","BOSS","M","?","?","$","?","R","?","E","T","R","M"],"build_version":"2019-01-23","purchased_purges":2,"victory":false,"max_hp_per_floor":[70,70,70,70,70,70,70,70,70,70,70,70,70,70,70,75,75,75,75,75,75,75,75,75,75,75,75,75,75,75,75,75,75,75,75,75,75,75,75,75,75,75,75,75,75],"card_choices":[{"not_picked":["Calculated Gamble","Outmaneuver"],"picked":"Cloak And Dagger","floor":1},{"not_picked":["Flechettes","Crippling Poison"],"picked":"Footwork","floor":3},{"not_picked":["Prepared","Slice"],"picked":"Backflip","floor":10},{"not_picked":["Quick Slash","Dagger Spray"],"picked":"Glass Knife","floor":11},{"not_picked":["Prepared","Crippling Poison"],"picked":"Well Laid Plans","floor":12},{"not_picked":["Slice","Bane","Predator"],"picked":"SKIP","floor":13},{"not_picked":["Slice","Bane"],"picked":"Predator","floor":13},{"not_picked":["Calculated Gamble","Deadly Poison"],"picked":"Acrobatics","floor":14},{"not_picked":["Grand Finale","Doppelganger"],"picked":"Night Terror","floor":16},{"not_picked":["Dash","Dagger Spray"],"picked":"Backflip","floor":18},{"not_picked":["Flying Knee+1","Heel Hook+1"],"picked":"Underhanded Strike+1","floor":20},{"not_picked":["Deflect","Catalyst"],"picked":"Dagger Throw+1","floor":21},{"not_picked":["Blade Dance","Flying Knee","Envenom"],"picked":"SKIP","floor":24},{"not_picked":["Dagger Spray","Calculated Gamble+1","Sucker Punch"],"picked":"SKIP","floor":28},{"not_picked":["Deflect","Prepared+1"],"picked":"Deadly Poison","floor":29},{"not_picked":["Sucker Punch","Dagger Throw"],"picked":"Heel Hook","floor":31},{"not_picked":["Glass Knife","Die Die Die"],"picked":"Adrenaline","floor":33},{"not_picked":["Flying Knee+1","Eviscerate"],"picked":"Bane+1","floor":35},{"not_picked":["Underhanded Strike","Poisoned Stab"],"picked":"Tactician","floor":36},{"not_picked":["Bane","Masterful Stab+1"],"picked":"Deadly Poison+1","floor":37},{"not_picked":["Deadly Poison","Deflect"],"picked":"Prepared+1","floor":41},{"not_picked":["Leg Sweep+1","Deadly Poison"],"picked":"Backflip+1","floor":42}],"player_experience":326830,"relics_obtained":[{"floor":5,"key":"Shovel"},{"floor":8,"key":"Calipers"},{"floor":12,"key":"Odd Mushroom"},{"floor":24,"key":"War Paint"},{"floor":25,"key":"Torii"},{"floor":26,"key":"Snake Skull"},{"floor":30,"key":"Old Coin"},{"floor":42,"key":"MawBank"},{"floor":43,"key":"Letter Opener"}],"event_choices":[{"damage_healed":0,"gold_gain":0,"player_choice":"Upgraded","damage_taken":0,"max_hp_gain":0,"max_hp_loss":0,"event_name":"Upgrade Shrine","floor":2,"gold_loss":0,"cards_upgraded":["Neutralize"]},{"damage_healed":0,"gold_gain":0,"player_choice":"Ignored","damage_taken":0,"max_hp_gain":0,"max_hp_loss":0,"event_name":"Liars Game","floor":4,"gold_loss":0},{"damage_healed":0,"gold_gain":0,"player_choice":"Fought Mushrooms","damage_taken":0,"max_hp_gain":0,"max_hp_loss":0,"event_name":"Mushrooms","floor":12,"gold_loss":0},{"damage_healed":0,"gold_gain":0,"cards_transformed":["Strike_G"],"player_choice":"Transformed","damage_taken":0,"max_hp_gain":0,"max_hp_loss":0,"event_name":"Transmorgrifier","floor":19,"gold_loss":0,"cards_obtained":["Poisoned Stab"]},{"damage_healed":0,"gold_gain":0,"player_choice":"Got Potions","damage_taken":0,"max_hp_gain":0,"max_hp_loss":0,"event_name":"Lab","floor":39,"gold_loss":0}],"is_beta":false,"boss_relics":[{"not_picked":["Empty Cage","Coffee Dripper"],"picked":"Cursed Key"},{"not_picked":["Ring of the Serpent","Black Star"],"picked":"Sozu"}],"items_purged_floors":[22,38],"is_endless":false,"potions_floor_spawned":[1,3,13,16,21,29,33,35,36],"killed_by":"Spire Growth","ascension_level":11}