{"gold_per_floor":[113,113,129,129,7,7,32,50,73,73,89,114,133,153,153,250,250,261,12,32,32,52,52,83,94,176,188,188,103,103,115,115,215,215,228,244,244,299,299],"floor_reached":39,"playtime":4407,"items_purged":["Strike_G"],"score":448,"play_id":"9911f07a-5ae4-497d-8f88-458aef0dbcdd","local_time":"20190207154950","is_ascension_mode":true,"campfire_choices":[{"floor":6.0,"key":"RECALL"},{"floor":10.0,"key":"REST"},{"floor":15.0,"key":"REST"},{"data":"Caltrops","floor":23.0,"key":"SMITH"},{"floor":32.0,"key":"REST"}],"neow_cost":"NONE","seed_source_timestamp":0,"circlet_count":0,"master_deck":["Defend_G+1","Defend_G","Defend_G","Defend_G","Defend_G","Survivor","Neutralize","Caltrops+1","Leg Sweep","Cloak And Dagger","Slice","PiercingWail","Dagger Throw","Choke","Cloak And Dagger","A Thousand Cuts","Terror+1","Panache","Prepared","Underhanded Strike+1","Bite","Bite","Bite","Bite","Bite","Die Die Die","Distraction","Crippling Poison","Infinite Blades","RitualDagger","Caltrops+1","Die Die Die","Deflect+1"],"special_seed":0,"relics":["Ring of the Snake","Boot","Bag of Marbles","Odd Mushroom","Philosopher\u0027s Stone","Oddly Smooth Stone","Tiny Chest","Lantern","Empty Cage","Meat on the Bone","Bronze Scales"],"potions_floor_usage":[],"damage_taken":[{"damage":0.0,"enemies":"Small Slimes","floor":1.0,"turns":5.0},{"damage":0.0,"enemies":"Jaw Worm","floor":3.0,"turns":5.0},{"damage":38.0,"enemies":"Lagavulin","floor":7.0,"turns":17.0},{"damage":0.0,"enemies":"2 Louse","floor":8.0,"turns":2.0},{"damage":0.0,"enemies":"Blue Slaver","floor":11.0,"turns":4.0},{"damage":11.0,"enemies":"The Mushroom Lair","floor":12.0,"turns":7.0},{"damage":0.0,"enemies":"2 Fungi Beasts","floor":13.0,"turns":3.0},{"damage":9.0,"enemies":"Exordium Thugs","floor":14.0,"turns":7.0},{"damage":21.0,"enemies":"Hexaghost","floor":16.0,"turns":11.0},{"damage":8.0,"enemies":"Shell Parasite","floor":18.0,"turns":6.0},{"damage":11.0,"enemies":"2 Thieves","floor":20.0,"turns":4.0},{"damage":12.0,"enemies":"Shelled Parasite and Fungi","floor":22.0,"turns":6.0},{"damage":21.0,"enemies":"Gremlin Leader","floor":24.0,"turns":5.0},{"damage":9.0,"enemies":"Centurion and Healer","floor":25.0,"turns":5.0},{"damage":7.0,"enemies":"Cultist and Chosen","floor":27.0,"turns":5.0},{"damage":18.0,"enemies":"Snake Plant","floor":31.0,"turns":3.0},{"damage":67.0,"enemies":"Champ","floor":33.0,"turns":11.0},{"damage":34.0,"enemies":"3 Darklings","floor":35.0,"turns":4.0},{"damage":0.0,"enemies":"3 Shapes","floor":36.0,"turns":4.0},{"damage":34,"enemies":"Transient","floor":39,"turns":5}],"seed_played":"-6265704521426393097","potions_obtained":[{"floor":1.0,"key":"Regen Potion"},{"floor":3.0,"key":"Energy Potion"},{"floor":12.0,"key":"Energy Potion"},{"floor":18.0,"key":"Regen Potion"},{"floor":25.0,"key":"Poison Potion"},{"floor":33.0,"key":"EssenceOfSteel"},{"floor":35.0,"key":"Ancient Potion"}],"is_trial":false,"path_per_floor":["M","?","M","T","$","R","E","M","T","R","M","?","M","M","R","B",null,"M","$","M","?","M","R","E","M","T","M","?","?","?","M","R","B",null,"M","M","T","T","M"],"character_chosen":"THE_SILENT","items_purchased":["Cloak And Dagger","Panache","Prepared"],"campfire_rested":3,"item_purchase_floors":[5,19,19],"current_hp_per_floor":[77,62,62,62,62,62,24,24,24,47,47,36,36,27,50,29,77,69,69,58,53,45,45,45,42,42,43,37,37,37,27,42,8,53,19,19,19,19,0],"gold":299,"neow_bonus":"TEN_PERCENT_HP_BONUS","is_prod":false,"is_daily":false,"chose_seed":false,"campfire_upgraded":1,"win_rate":0,"timestamp":1549550990,"path_taken":["M","?","M","?","$","R","E","M","T","R","?","?","M","M","R","BOSS","M","$","M","?","M","R","E","M","T","M","?","?","?","M","R","BOSS","M","M","?","?","M"],"build_version":"2019-01-23","purchased_purges":1,"victory":false,"max_hp_per_floor":[77,77,77,77,77,77,77,77,77,77,77,77,77,77,77,77,77,77,77,77,53,53,53,53,53,53,53,53,53,53,53,53,53,53,53,53,53,53,53],"card_choices":[{"not_picked":["Prepared","Deadly Poison"],"picked":"Caltrops","floor":1.0},{"not_picked":["Slice","Flying Knee"],"picked":"Leg Sweep","floor":3.0},{"not_picked":["Underhanded Strike","After Image"],"picked":"Slice","floor":7.0},{"not_picked":["Underhanded Strike","Slice"],"picked":"PiercingWail","floor":8.0},{"not_picked":["Dagger Spray","Poisoned Stab"],"picked":"Catalyst","floor":11.0},{"not_picked":["Heel Hook","Quick Slash"],"picked":"Dagger Throw","floor":12.0},{"not_picked":["Accuracy","Eviscerate"],"picked":"Choke","floor":13.0},{"not_picked":["Leg Sweep","Poisoned Stab"],"picked":"Cloak And Dagger","floor":14.0},{"not_picked":["Night Terror","After Image"],"picked":"A Thousand Cuts","floor":16.0},{"not_picked":["All Out Attack","Acrobatics+1"],"picked":"Terror+1","floor":18.0},{"not_picked":["Flechettes","Dodge and Roll"],"picked":"Underhanded Strike+1","floor":20.0},{"not_picked":["Backflip","PiercingWail"],"picked":"Die Die Die","floor":22.0},{"not_picked":["Deflect","Heel Hook"],"picked":"Distraction","floor":24.0},{"not_picked":["Well Laid Plans","Blade Dance"],"picked":"Crippling Poison","floor":25.0},{"not_picked":["Dodge and Roll","All Out Attack"],"picked":"Infinite Blades","floor":27.0},{"not_picked":["Masterful Stab","Blur+1"],"picked":"Deadly Poison","floor":31.0},{"not_picked":["Doppelganger","Storm of Steel"],"picked":"Die Die Die","floor":33.0},{"not_picked":["Flying Knee","All Out Attack+1"],"picked":"Deflect+1","floor":35.0},{"not_picked":["Flechettes","Crippling Poison","Poisoned Stab"],"picked":"SKIP","floor":36.0}],"player_experience":213473,"relics_obtained":[{"floor":7.0,"key":"Boot"},{"floor":9.0,"key":"Bag of Marbles"},{"floor":12.0,"key":"Odd Mushroom"},{"floor":24.0,"key":"Oddly Smooth Stone"},{"floor":26.0,"key":"Tiny Chest"},{"floor":37.0,"key":"Meat on the Bone"},{"floor":38.0,"key":"Bronze Scales"}],"event_choices":[{"damage_healed":0.0,"max_hp_gain":0.0,"max_hp_loss":0.0,"gold_gain":0.0,"event_name":"Shining Light","player_choice":"Entered Light","floor":2.0,"gold_loss":0.0,"damage_taken":15.0,"cards_upgraded":["Defend_G","Strike_G"]},{"damage_healed":0.0,"max_hp_gain":0.0,"max_hp_loss":0.0,"gold_gain":0.0,"event_name":"Mushrooms","player_choice":"Fought Mushrooms","floor":12.0,"gold_loss":0.0,"damage_taken":0.0},{"damage_healed":0.0,"max_hp_gain":0.0,"max_hp_loss":24.0,"gold_gain":0.0,"event_name":"Vampires","player_choice":"Became a vampire","floor":21.0,"gold_loss":0.0,"damage_taken":0.0,"cards_obtained":["Bite","Bite","Bite","Bite","Bite"]},{"damage_healed":0.0,"max_hp_gain":0.0,"max_hp_loss":0.0,"gold_gain":0.0,"event_name":"Nest","player_choice":"Joined the Cult","floor":28.0,"gold_loss":0.0,"damage_taken":6.0,"cards_obtained":["RitualDagger"]},{"damage_healed":0.0,"max_hp_gain":0.0,"max_hp_loss":0.0,"gold_gain":0.0,"event_name":"Addict","player_choice":"Obtained Relic","floor":29.0,"gold_loss":85.0,"damage_taken":0.0,"relics_obtained":["Lantern"]},{"damage_healed":0.0,"max_hp_gain":0.0,"max_hp_loss":0.0,"gold_gain":0.0,"event_name":"Duplicator","player_choice":"Copied","floor":30.0,"gold_loss":0.0,"damage_taken":0.0,"cards_obtained":["Caltrops"]}],"is_beta":false,"boss_relics":[{"not_picked":["Ring of the Serpent","White Beast Statue"],"picked":"Philosopher\u0027s Stone"},{"not_picked":["Orrery","Cursed Key"],"picked":"Empty Cage"}],"items_purged_floors":[5],"is_endless":false,"potions_floor_spawned":[1,3,12,14,18,20,25,33,35],"killed_by":"Transient","ascension_level":1}