{"gold_per_floor":[114,114,0,18,18,18,32,32,32,47,47,11,11,25,25,149,149,168,168,188,208,222,222,222,237,264,264,264,279,279,291,291,291],"floor_reached":33,"playtime":10187,"items_purged":[],"score":239,"play_id":"127b8ff8-f7e8-4fff-8104-8eb56828ade4","local_time":"20190123205826","is_ascension_mode":false,"campfire_choices":[{"floor":6.0,"key":"REST"},{"data":"Perfected Strike","floor":8.0,"key":"SMITH"},{"data":"Mind Blast","floor":11.0,"key":"SMITH"},{"floor":15.0,"key":"REST"},{"floor":23.0,"key":"REST"},{"data":"Pommel Strike","floor":28,"key":"SMITH"},{"floor":30,"key":"REST"},{"floor":32,"key":"REST"}],"neow_cost":"","seed_source_timestamp":0,"circlet_count":0,"master_deck":["Strike_R+1","Strike_R+1","Strike_R+1","Strike_R+1","Defend_R+1","Defend_R+1","Defend_R+1","Defend_R+1","Bash","Perfected Strike+1","Twin Strike","Mind Blast+1","Iron Wave","Whirlwind","Pommel Strike+1","Fire Breathing","Thunderclap","Reaper","Intimidate","Flame Barrier","Perfected Strike+1","Sever Soul","Pommel Strike","Carnage","Seeing Red"],"special_seed":0,"relics":["Burning Blood","Bloody Idol","Meat on the Bone","Lizard Tail","Anchor"],"potions_floor_usage":[33,33,33],"damage_taken":[{"damage":15.0,"enemies":"Jaw Worm","floor":1.0,"turns":4.0},{"damage":0.0,"enemies":"2 Louse","floor":4.0,"turns":3.0},{"damage":17.0,"enemies":"Small Slimes","floor":7.0,"turns":3.0},{"damage":13.0,"enemies":"3 Louse","floor":10.0,"turns":2.0},{"damage":19.0,"enemies":"Gremlin Gang","floor":14.0,"turns":5.0},{"damage":76.0,"enemies":"The Guardian","floor":16.0,"turns":9.0},{"damage":52.0,"enemies":"3 Byrds","floor":18.0,"turns":7.0},{"damage":5.0,"enemies":"Chosen","floor":20.0,"turns":4.0},{"damage":34.0,"enemies":"Snake Plant","floor":21.0,"turns":5.0},{"damage":61.0,"enemies":"Chosen and Byrds","floor":22.0,"turns":8.0},{"damage":1,"enemies":"Snecko","floor":25,"turns":4},{"damage":46,"enemies":"Centurion and Healer","floor":29,"turns":7},{"damage":44,"enemies":"Shelled Parasite and Fungi","floor":31,"turns":6},{"damage":91,"enemies":"Champ","floor":33,"turns":11}],"seed_played":"647126844436973658","potions_obtained":[{"floor":1.0,"key":"AttackPotion"},{"floor":10.0,"key":"Poison Potion"},{"floor":14.0,"key":"Weak Potion"},{"floor":20.0,"key":"SpeedPotion"},{"floor":22.0,"key":"Strength Potion"},{"floor":29,"key":"Weak Potion"},{"floor":31,"key":"Weak Potion"}],"is_trial":false,"path_per_floor":["M","?","$","M","?","R","M","R","T","M","R","$","?","M","R","B",null,"M","?","M","M","M","R","?","M","T","?","R","M","R","M","R","B"],"character_chosen":"IRONCLAD","items_purchased":["Twin Strike","Mind Blast","Fire Breathing"],"campfire_rested":5,"item_purchase_floors":[3,3,12],"current_hp_per_floor":[71,71,71,77,57,80,69,69,69,62,62,62,55,54,78,20,80,50,50,51,35,51,75,75,80,80,80,80,57,80,59,80,0],"gold":291,"neow_bonus":"","is_prod":false,"is_daily":false,"chose_seed":false,"campfire_upgraded":3,"win_rate":0.0,"timestamp":1548295106,"path_taken":["M","?","$","M","?","R","M","R","T","M","R","$","?","M","R","BOSS","M","?","M","M","M","R","?","M","T","?","R","M","R","M","R","BOSS"],"build_version":"2019-01-23","purchased_purges":0,"victory":false,"max_hp_per_floor":[80,80,80,80,80,80,80,80,80,80,80,80,80,80,80,80,80,80,80,80,80,80,80,80,80,80,80,80,80,80,80,80,80],"card_choices":[{"not_picked":["Fire Breathing","Flex"],"picked":"Perfected Strike","floor":1.0},{"not_picked":["Perfected Strike","Intimidate"],"picked":"Iron Wave","floor":4.0},{"not_picked":["Demon Form","True Grit"],"picked":"Whirlwind","floor":7.0},{"not_picked":["Reckless Charge","Iron Wave"],"picked":"Pommel Strike","floor":10.0},{"not_picked":["Armaments","Pummel"],"picked":"Thunderclap","floor":14.0},{"not_picked":["Barricade","Feed"],"picked":"Reaper","floor":16.0},{"not_picked":["Second Wind","Twin Strike+1"],"picked":"Intimidate","floor":18.0},{"not_picked":["Intimidate+1","Second Wind"],"picked":"Flame Barrier","floor":20.0},{"not_picked":["Heavy Blade","True Grit"],"picked":"Perfected Strike+1","floor":21.0},{"not_picked":["True Grit","Body Slam+1"],"picked":"Sever Soul","floor":22.0},{"not_picked":["Inflame","Anger"],"picked":"Pommel Strike","floor":25},{"not_picked":["Shrug It Off","Second Wind+1"],"picked":"Carnage","floor":29},{"not_picked":["Iron Wave","Armaments"],"picked":"Seeing Red","floor":31}],"player_experience":0,"relics_obtained":[{"floor":9.0,"key":"Meat on the Bone"},{"floor":26,"key":"Anchor"}],"event_choices":[{"damage_healed":0.0,"max_hp_gain":0.0,"max_hp_loss":0.0,"gold_gain":0.0,"event_name":"Liars Game","player_choice":"Ignored","floor":2.0,"gold_loss":0.0,"damage_taken":0.0},{"damage_healed":0.0,"max_hp_gain":0.0,"max_hp_loss":0.0,"gold_gain":0.0,"event_name":"Golden Idol","player_choice":"Take Damage","floor":5.0,"gold_loss":0.0,"damage_taken":20.0,"relics_obtained":["Golden Idol"]},{"cards_removed":["Strike_R"],"damage_healed":0.0,"max_hp_gain":0.0,"max_hp_loss":0.0,"gold_gain":0.0,"event_name":"Golden Wing","player_choice":"Card Removal","floor":13.0,"gold_loss":0.0,"damage_taken":7.0},{"damage_healed":0.0,"max_hp_gain":0.0,"max_hp_loss":0.0,"gold_gain":0.0,"event_name":"Vampires","player_choice":"Ignored","floor":19.0,"gold_loss":0.0,"damage_taken":0.0},{"damage_healed":0,"gold_gain":0,"player_choice":"Simplicity","damage_taken":0,"max_hp_gain":0,"max_hp_loss":0,"event_name":"Back to Basics","floor":24,"gold_loss":0,"cards_upgraded":["Strike_R","Strike_R","Strike_R","Strike_R","Defend_R","Defend_R","Defend_R","Defend_R"]},{"damage_healed":0,"gold_gain":0,"player_choice":"Gave Idol","damage_taken":0,"relics_obtained":["Bloody Idol"],"max_hp_gain":0,"max_hp_loss":0,"event_name":"Forgotten Altar","floor":27,"relics_lost":["Golden Idol"],"gold_loss":0}],"is_beta":false,"boss_relics":[{"not_picked":["Black Blood","Eternal Feather"],"picked":"Lizard Tail"}],"items_purged_floors":[],"is_endless":false,"potions_floor_spawned":[1,10,14,20,22,29,31],"killed_by":"Champ","ascension_level":0}