{"gold_per_floor":[119,135,13,13,13,13,27,42,42,42,42,69,84,94,94,194,194,206,226,241,29,47,47,47,57,82,82,116,141,141,141,141,244,244,260,482,482,482,497,529,542,542,542,555,151,251,251,268,268,268],"floor_reached":51,"playtime":3331,"items_purged":["Strike_G"],"score":697,"play_id":"f8e62c6c-a8a4-4ba5-a604-c387009474e1","local_time":"20190211001911","is_ascension_mode":false,"campfire_choices":[{"data":"Noxious Fumes","floor":6,"key":"SMITH"},{"floor":10,"key":"REST"},{"floor":15,"key":"REST"},{"floor":23,"key":"REST"},{"floor":27,"key":"REST"},{"floor":32,"key":"REST"},{"floor":42,"key":"REST"},{"floor":49,"key":"REST"}],"neow_cost":"NONE","seed_source_timestamp":6252973264900,"circlet_count":0,"master_deck":["Defend_G","Defend_G","Defend_G","Defend_G","Strike_G","Strike_G+1","Survivor","Neutralize","Die Die Die","Heel Hook","PiercingWail","Noxious Fumes+1","Slice","Bane","Catalyst","Flying Knee","Heel Hook","Bouncing Flask","Noxious Fumes","Bouncing Flask","PiercingWail","Escape Plan+1","Poisoned Stab","Catalyst+1","After Image","Envenom","Catalyst","After Image","Poisoned Stab","Poisoned Stab"],"relics":["Ring of the Serpent","Matryoshka","Bottled Tornado","Membership Card","Bronze Scales","Juzu Bracelet","Red Mask","Mercury Hourglass","Mummified Hand","Busted Crown","Orichalcum","Bag of Preparation","The Specimen","Ninja Scroll","ClockworkSouvenir","StoneCalendar"],"potions_floor_usage":[2,8,22,29,33,41,46,50],"damage_taken":[{"damage":2,"enemies":"Small Slimes","floor":1,"turns":3},{"damage":0,"enemies":"Jaw Worm","floor":2,"turns":6},{"damage":0,"enemies":"2 Louse","floor":7,"turns":2},{"damage":4,"enemies":"Gremlin Gang","floor":8,"turns":3},{"damage":13,"enemies":"3 Sentries","floor":12,"turns":6},{"damage":9,"enemies":"Blue Slaver","floor":13,"turns":2},{"damage":7,"enemies":"Exordium Thugs","floor":14,"turns":4},{"damage":33,"enemies":"Hexaghost","floor":16,"turns":8},{"damage":2,"enemies":"Chosen","floor":18,"turns":4},{"damage":17,"enemies":"3 Byrds","floor":19,"turns":4},{"damage":29,"enemies":"Shelled Parasite and Fungi","floor":20,"turns":6},{"damage":10,"enemies":"Snecko","floor":22,"turns":5},{"damage":6,"enemies":"Centurion and Healer","floor":25,"turns":6},{"damage":16,"enemies":"Masked Bandits","floor":28,"turns":4},{"damage":16,"enemies":"Slavers","floor":29,"turns":5},{"damage":34,"enemies":"Champ","floor":33,"turns":9},{"damage":12,"enemies":"Orb Walker","floor":35,"turns":4},{"damage":8,"enemies":"3 Shapes","floor":39,"turns":2},{"damage":37,"enemies":"Reptomancer","floor":40,"turns":4},{"damage":0,"enemies":"Jaw Worm Horde","floor":41,"turns":3},{"damage":15,"enemies":"3 Darklings","floor":44,"turns":4},{"damage":2,"enemies":"Mind Bloom Boss Battle","floor":46,"turns":5},{"damage":29,"enemies":"Writhing Mass","floor":48,"turns":4},{"damage":33,"enemies":"Time Eater","floor":50,"turns":6}],"seed_played":"-678887647135466752","potions_obtained":[{"floor":1,"key":"Fruit Juice"},{"floor":2,"key":"PowerPotion"},{"floor":20,"key":"Dexterity Potion"},{"floor":22,"key":"GhostInAJar"},{"floor":29,"key":"Strength Potion"},{"floor":40,"key":"SkillPotion"},{"floor":44,"key":"AttackPotion"},{"floor":48,"key":"LiquidBronze"}],"is_trial":false,"path_per_floor":["M","M","$","?","?","R","M","M","T","R","?","E","M","M","R","B",null,"M","M","M","$","M","R","?","M","T","R","?","E","?","?","R","B",null,"M","?","?","?","M","E","M","R","T","M","$","?","?","M","R","B",null],"character_chosen":"THE_SILENT","items_purchased":["Noxious Fumes","Slice","Membership Card","PiercingWail","Ninja Scroll","ClockworkSouvenir","Catalyst","After Image","Poisoned Stab"],"campfire_rested":7,"item_purchase_floors":[3,3,21,21,45,45,45,45,45],"current_hp_per_floor":[68,73,73,58,58,58,58,54,54,75,75,62,53,46,68,35,75,73,56,27,27,17,39,39,33,33,55,39,23,23,23,45,11,75,63,63,63,63,55,18,18,40,40,25,25,23,66,37,56,23],"gold":268,"neow_bonus":"TRANSFORM_CARD","is_prod":false,"is_daily":false,"chose_seed":false,"campfire_upgraded":1,"win_rate":0.0,"timestamp":1549873151,"path_taken":["M","M","$","?","?","R","?","M","T","R","?","E","M","M","R","BOSS","M","M","?","$","M","R","?","M","T","R","?","E","?","?","R","BOSS","M","?","?","?","M","E","M","R","T","M","$","?","?","M","R","BOSS"],"build_version":"2019-01-23","purchased_purges":1,"victory":true,"max_hp_per_floor":[70,75,75,75,75,75,75,75,75,75,75,75,75,75,75,75,75,75,75,75,75,75,75,75,75,75,75,75,75,75,75,75,75,75,75,75,75,75,75,75,75,75,75,75,75,75,66,66,66,66],"card_choices":[{"not_picked":["Bane","Calculated Gamble"],"picked":"Heel Hook","floor":1},{"not_picked":["Riddle With Holes","Dagger Spray"],"picked":"PiercingWail","floor":2},{"not_picked":["Dodge and Roll","Flechettes"],"picked":"Bane","floor":7},{"not_picked":["Dagger Spray","PiercingWail"],"picked":"Catalyst","floor":8},{"not_picked":["Predator","Dagger Spray"],"picked":"Bouncing Flask","floor":12},{"not_picked":["Concentrate","Blade Dance","Setup"],"picked":"SKIP","floor":13},{"not_picked":["Blade Dance","Flechettes"],"picked":"Noxious Fumes","floor":14},{"not_picked":["Flying Knee","Outmaneuver","Masterful Stab+1"],"picked":"SKIP","floor":18},{"not_picked":["PiercingWail","Slice"],"picked":"Bouncing Flask","floor":19},{"not_picked":["Sucker Punch","Outmaneuver","Underhanded Strike"],"picked":"SKIP","floor":20},{"not_picked":["Masterful Stab","Corpse Explosion"],"picked":"Escape Plan+1","floor":22},{"not_picked":["Backflip+1","Cloak And Dagger"],"picked":"Catalyst+1","floor":25},{"not_picked":["Escape Plan","Endless Agony"],"picked":"After Image","floor":29},{"not_picked":["A Thousand Cuts","Unload"],"picked":"Envenom","floor":33},{"not_picked":["Outmaneuver"],"picked":"SKIP","floor":35},{"not_picked":["Outmaneuver"],"picked":"SKIP","floor":39},{"not_picked":["Finisher+1"],"picked":"SKIP","floor":40},{"not_picked":["Accuracy"],"picked":"SKIP","floor":41},{"not_picked":["Dodge and Roll+1"],"picked":"SKIP","floor":44},{"not_picked":[],"picked":"Poisoned Stab","floor":46},{"not_picked":["Sucker Punch"],"picked":"SKIP","floor":48}],"player_experience":113387,"relics_obtained":[{"floor":9,"key":"Matryoshka"},{"floor":12,"key":"Bottled Tornado"},{"floor":26,"key":"Bronze Scales"},{"floor":26,"key":"Juzu Bracelet"},{"floor":28,"key":"Red Mask"},{"floor":29,"key":"Mercury Hourglass"},{"floor":40,"key":"Orichalcum"},{"floor":43,"key":"Bag of Preparation"},{"floor":43,"key":"The Specimen"},{"floor":46,"key":"StoneCalendar"}],"event_choices":[{"damage_healed":0,"gold_gain":0,"player_choice":"Entered Light","damage_taken":15,"max_hp_gain":0,"max_hp_loss":0,"event_name":"Shining Light","floor":4,"gold_loss":0,"cards_upgraded":["Defend_G","Strike_G"]},{"damage_healed":0,"gold_gain":0,"player_choice":"Leave","damage_taken":0,"max_hp_gain":0,"max_hp_loss":0,"event_name":"The Cleric","floor":5,"gold_loss":0},{"damage_healed":0,"gold_gain":0,"player_choice":"2 cards matched","damage_taken":0,"max_hp_gain":0,"max_hp_loss":0,"event_name":"Match and Keep!","floor":11,"gold_loss":0,"cards_obtained":["Flying Knee","Heel Hook"]},{"damage_healed":0,"gold_gain":0,"cards_transformed":["Strike_G"],"player_choice":"Transformed","damage_taken":0,"max_hp_gain":0,"max_hp_loss":0,"event_name":"Transmorgrifier","floor":24,"gold_loss":0,"cards_obtained":["Poisoned Stab"]},{"damage_healed":0,"gold_gain":0,"player_choice":"Fought Bandits","damage_taken":0,"max_hp_gain":0,"max_hp_loss":0,"event_name":"Masked Bandits","floor":28,"gold_loss":0},{"damage_healed":0,"gold_gain":0,"player_choice":"Ignored","damage_taken":0,"max_hp_gain":0,"max_hp_loss":0,"event_name":"Vampires","floor":30,"gold_loss":0},{"damage_healed":0,"gold_gain":0,"player_choice":"Opened","damage_taken":0,"relics_obtained":["Mummified Hand"],"max_hp_gain":0,"max_hp_loss":0,"event_name":"The Mausoleum","floor":31,"gold_loss":0},{"damage_healed":0,"gold_gain":222,"player_choice":"Wore Mask","damage_taken":0,"max_hp_gain":0,"max_hp_loss":0,"event_name":"Tomb of Lord Red Mask","floor":36,"gold_loss":0},{"cards_removed":["Defend_G"],"damage_healed":0,"gold_gain":0,"player_choice":"Removed Skill","damage_taken":0,"max_hp_gain":0,"max_hp_loss":0,"event_name":"Falling","floor":37,"gold_loss":0},{"damage_healed":0,"gold_gain":0,"player_choice":"Ignored","damage_taken":0,"max_hp_gain":0,"max_hp_loss":0,"event_name":"Mysterious Sphere","floor":38,"gold_loss":0},{"damage_healed":0,"gold_gain":0,"player_choice":"Fight","damage_taken":0,"max_hp_gain":0,"max_hp_loss":0,"event_name":"MindBloom","floor":46,"gold_loss":0},{"damage_healed":66,"gold_gain":0,"player_choice":"Heal","damage_taken":0,"max_hp_gain":0,"max_hp_loss":9,"event_name":"The Moai Head","floor":47,"gold_loss":0}],"is_beta":false,"boss_relics":[{"not_picked":["White Beast Statue","Velvet Choker"],"picked":"Ring of the Serpent"},{"not_picked":["Fusion Hammer","Lizard Tail"],"picked":"Busted Crown"}],"items_purged_floors":[45],"is_endless":false,"potions_floor_spawned":[1,2,20,22,29,40,44,48],"ascension_level":0}