{"gold_per_floor":[115,43,58,58,58,58,133,159,182,207,235,253,253,264,264,366,366,382,382,394,394,394,422,433,433,433,433],"floor_reached":27,"playtime":2904,"items_purged":[],"score":344,"play_id":"051d1135-4680-4048-bada-13b051cdaf51","local_time":"20190210234346","is_ascension_mode":true,"campfire_choices":[{"data":"Defragment","floor":6,"key":"SMITH"},{"data":"Capacitor","floor":13,"key":"SMITH"},{"data":"Capacitor","floor":15,"key":"SMITH"},{"data":"Defragment","floor":25,"key":"SMITH"}],"neow_cost":"TEN_PERCENT_HP_LOSS","seed_source_timestamp":256980369661681,"circlet_count":0,"master_deck":["Strike_B","Strike_B","Defend_B","Defend_B","Defend_B+1","Defend_B","Zap+1","Dualcast","Storm","Gash","Capacitor+1","Defragment+1","Cold Snap","Chill","Capacitor+1","Multi-Cast","Rainbow","Turbo+1","Hologram","Necronomicurse","Defragment+1","Conserve Battery"],"relics":["Cracked Core","Centennial Puzzle","Oddly Smooth Stone","Happy Flower","Dream Catcher","Inserter","Spirit Poop","Turnip","Necronomicon","Bottled Lightning","Letter Opener"],"potions_floor_usage":[14,18,20],"damage_taken":[{"damage":2,"enemies":"2 Louse","floor":1,"turns":3},{"damage":4,"enemies":"Jaw Worm","floor":3,"turns":6},{"damage":25,"enemies":"Gremlin Nob","floor":8,"turns":4},{"damage":2,"enemies":"3 Sentries","floor":11,"turns":8},{"damage":3,"enemies":"Cultist","floor":12,"turns":4},{"damage":7,"enemies":"2 Fungi Beasts","floor":14,"turns":4},{"damage":5,"enemies":"Hexaghost","floor":16,"turns":11},{"damage":0,"enemies":"Chosen","floor":18,"turns":4},{"damage":7,"enemies":"Spheric Guardian","floor":20,"turns":4},{"damage":13,"enemies":"Book of Stabbing","floor":23,"turns":5},{"damage":22,"enemies":"Chosen and Byrds","floor":24,"turns":6},{"damage":13,"enemies":"Slavers","floor":27,"turns":1}],"seed_played":"7275784182054751391","potions_obtained":[{"floor":1,"key":"Explosive Potion"},{"floor":11,"key":"Regen Potion"},{"floor":16,"key":"SneckoOil"},{"floor":24,"key":"FearPotion"}],"is_trial":false,"path_per_floor":["?","?","?","T","?","M","?","?"],"character_chosen":"DEFECT","items_purchased":["Defragment"],"campfire_rested":0,"item_purchase_floors":[2],"current_hp_per_floor":[66,66,62,62,48,48,37,12,12,12,10,7,7,12,12,7,68,68,68,61,61,45,32,10,10,10,0],"gold":433,"neow_bonus":"TRANSFORM_TWO_CARDS","is_prod":false,"is_daily":false,"chose_seed":false,"campfire_upgraded":4,"win_rate":0,"timestamp":1549838626,"path_taken":["M","$","M","?","?","R","?","E","T","?","E","M","R","M","R","BOSS","M","?","?","?","?","E","M","R","T","E"],"build_version":"2019-01-23","purchased_purges":0,"victory":false,"max_hp_per_floor":[68,68,68,68,68,68,68,68,68,68,68,68,68,68,68,68,68,68,68,68,68,68,68,68,68,68,68],"card_choices":[{"not_picked":["Stack","Sweeping Beam"],"picked":"Capacitor","floor":1},{"not_picked":["Stack","Ball Lightning"],"picked":"Cold Snap","floor":3},{"not_picked":["FTL","Sunder"],"picked":"Chill","floor":8},{"not_picked":["Hologram","Steam"],"picked":"Capacitor","floor":11},{"not_picked":["Streamline","Heatsinks","Tempest"],"picked":"SKIP","floor":12},{"not_picked":["Heatsinks","Streamline"],"picked":"Multi-Cast","floor":14},{"not_picked":["Meteor Strike","Thunder Strike"],"picked":"Rainbow","floor":16},{"not_picked":["Capacitor+1","Ball Lightning"],"picked":"Turbo+1","floor":18},{"not_picked":["Leap+1","Blizzard"],"picked":"Hologram","floor":20},{"not_picked":["Buffer","Aggregate+1"],"picked":"Defragment","floor":23},{"not_picked":["Steam","Gash"],"picked":"Conserve Battery","floor":24}],"player_experience":93654,"relics_obtained":[{"floor":8,"key":"Oddly Smooth Stone"},{"floor":9,"key":"Happy Flower"},{"floor":11,"key":"Dream Catcher"},{"floor":22,"key":"Necronomicon"},{"floor":23,"key":"Bottled Lightning"},{"floor":26,"key":"Letter Opener"}],"event_choices":[{"damage_healed":0,"gold_gain":0,"player_choice":"Box","damage_taken":0,"relics_obtained":["Centennial Puzzle"],"max_hp_gain":0,"max_hp_loss":0,"event_name":"Big Fish","floor":4,"gold_loss":0,"cards_obtained":["Regret"]},{"damage_healed":0,"gold_gain":0,"player_choice":"Entered Light","damage_taken":14,"max_hp_gain":0,"max_hp_loss":0,"event_name":"Shining Light","floor":5,"gold_loss":0,"cards_upgraded":["Defend_B","Zap"]},{"damage_healed":0,"gold_gain":75,"player_choice":"Gather Gold","damage_taken":11,"max_hp_gain":0,"max_hp_loss":0,"event_name":"World of Goop","floor":7,"gold_loss":0},{"cards_removed":["Regret"],"damage_healed":0,"gold_gain":0,"player_choice":"Offered Curse","damage_taken":0,"relics_obtained":["Spirit Poop"],"max_hp_gain":0,"max_hp_loss":0,"event_name":"Bonfire Elementals","floor":19,"gold_loss":0},{"damage_healed":0,"gold_gain":0,"player_choice":"Opened","damage_taken":0,"relics_obtained":["Turnip"],"max_hp_gain":0,"max_hp_loss":0,"event_name":"The Mausoleum","floor":21,"gold_loss":0},{"damage_healed":0,"gold_gain":0,"player_choice":"Obtained Book","damage_taken":16,"max_hp_gain":0,"max_hp_loss":0,"event_name":"Cursed Tome","floor":22,"gold_loss":0}],"is_beta":false,"boss_relics":[{"not_picked":["Velvet Choker","Lizard Tail"],"picked":"Inserter"}],"items_purged_floors":[],"is_endless":false,"potions_floor_spawned":[1,11,16,24],"killed_by":"Slavers","ascension_level":2}