{"gold_per_floor":[118,137,137,156,169,194,194,219,243,318,318],"floor_reached":11,"playtime":838,"items_purged":[],"score":73,"play_id":"6e3d9eab-2101-46a7-8ee5-ed2dac8dbe87","local_time":"20190208183542","is_ascension_mode":false,"campfire_choices":[],"neow_cost":"NONE","seed_source_timestamp":934369143789696,"circlet_count":0,"master_deck":["Defend_G","Defend_G","Defend_G","Defend_G","Defend_G","Strike_G","Strike_G","Strike_G","Strike_G","Strike_G","Survivor","Neutralize+1","Outmaneuver","Blur","Leg Sweep","Sucker Punch"],"relics":["Ring of the Snake","Regal Pillow","Snake Skull"],"potions_floor_usage":[6,11,11],"damage_taken":[{"damage":0,"enemies":"Small Slimes","floor":1,"turns":4},{"damage":6,"enemies":"Cultist","floor":2,"turns":4},{"damage":1,"enemies":"Jaw Worm","floor":4,"turns":5},{"damage":3,"enemies":"Large Slime","floor":5,"turns":16},{"damage":21,"enemies":"3 Sentries","floor":6,"turns":12},{"damage":61,"enemies":"Gremlin Nob","floor":11,"turns":7}],"seed_played":"6147548962346624877","potions_obtained":[{"floor":4,"key":"Swift Potion"},{"floor":5,"key":"AttackPotion"},{"floor":6,"key":"Energy Potion"}],"is_trial":false,"path_per_floor":["M","M","?","M","M","E","?","T","T","?","E"],"character_chosen":"THE_SILENT","items_purchased":[],"campfire_rested":0,"item_purchase_floors":[],"current_hp_per_floor":[70,64,64,63,60,39,62,62,62,51,0],"gold":318,"neow_bonus":"THREE_CARDS","is_prod":false,"is_daily":false,"chose_seed":false,"campfire_upgraded":0,"win_rate":0,"timestamp":1549658142,"path_taken":["M","M","?","?","M","E","?","?","T","?","E"],"build_version":"2019-01-23","purchased_purges":0,"victory":false,"max_hp_per_floor":[70,70,70,70,70,70,70,70,70,70,70],"card_choices":[{"not_picked":["Blade Dance","Deflect"],"picked":"Outmaneuver","floor":0},{"not_picked":["Outmaneuver","Deflect","Skewer"],"picked":"SKIP","floor":1},{"not_picked":["Skewer","Well Laid Plans"],"picked":"Blur","floor":2},{"not_picked":["Sucker Punch","Bane"],"picked":"Leg Sweep","floor":4},{"not_picked":["Poisoned Stab","Bane"],"picked":"Sucker Punch","floor":5},{"not_picked":["Grand Finale","Underhanded Strike","Flying Knee"],"picked":"SKIP","floor":6}],"player_experience":374800,"relics_obtained":[{"floor":6,"key":"Regal Pillow"},{"floor":8,"key":"Snake Skull"}],"event_choices":[{"damage_healed":0,"gold_gain":0,"player_choice":"Upgraded","damage_taken":0,"max_hp_gain":0,"max_hp_loss":0,"event_name":"Upgrade Shrine","floor":3,"gold_loss":0,"cards_upgraded":["Neutralize"]},{"damage_healed":23,"gold_gain":0,"player_choice":"Banana","damage_taken":0,"max_hp_gain":0,"max_hp_loss":0,"event_name":"Big Fish","floor":7,"gold_loss":0},{"damage_healed":0,"gold_gain":75,"player_choice":"Gather Gold","damage_taken":11,"max_hp_gain":0,"max_hp_loss":0,"event_name":"World of Goop","floor":10,"gold_loss":0}],"is_beta":false,"boss_relics":[],"items_purged_floors":[],"is_endless":false,"potions_floor_spawned":[4,5,6],"killed_by":"Gremlin Nob","ascension_level":0}