{"gold_per_floor":[168,183,203,221,240,273,273,307,307,3,22,55,55,82,82,184,184,199,218,233,158,158,158,174,174,174,186,186,196,213,223,223,318,318,338,338,362,362,372,372,384,384,461,474,491,505,505,517,517,517],"floor_reached":51,"playtime":3725,"items_purged":["Defend_B"],"score":893,"play_id":"19dfd94a-ab43-483e-a1d6-eb97c93e9279","local_time":"20181230180708","is_ascension_mode":true,"campfire_choices":[{"data":"Zap","floor":7.0,"key":"SMITH"},{"data":"Discovery","floor":13.0,"key":"SMITH"},{"data":"Dualcast","floor":15,"key":"SMITH"},{"data":"Buffer","floor":23,"key":"SMITH"},{"data":"Hologram","floor":25,"key":"SMITH"},{"data":"Go for the Eyes","floor":28,"key":"SMITH"},{"floor":32,"key":"REST"},{"data":"Conserve Battery","floor":40,"key":"SMITH"},{"floor":47,"key":"REST"},{"floor":49,"key":"REST"}],"neow_cost":"NONE","seed_source_timestamp":229870686335415,"circlet_count":0,"master_deck":["Strike_B+1","Strike_B+1","Defend_B","Defend_B","Zap+1","Dualcast+1","Melter","BootSequence","Self Repair","Go for the Eyes+1","Hologram+1","Buffer+1","Conserve Battery+1","Discovery+1","Rip and Tear+1","Core Surge","Go for the Eyes+1","Leap+1","FTL","Darkness","Ball Lightning+1","Rip and Tear+1"],"special_seed":0,"relics":["Tiny House","PreservedInsect","Gambling Chip","Pear","Lantern","Torii","Shuriken","Philosopher\u0027s Stone","Oddly Smooth Stone","Vajra","Busted Crown","Whetstone","Symbiotic Virus"],"potions_floor_usage":[16,19,33,50,50],"damage_taken":[{"damage":1.0,"enemies":"Cultist","floor":1.0,"turns":3.0},{"damage":0.0,"enemies":"2 Louse","floor":2.0,"turns":2.0},{"damage":0.0,"enemies":"Small Slimes","floor":3.0,"turns":3.0},{"damage":4.0,"enemies":"Red Slaver","floor":4.0,"turns":4.0},{"damage":1.0,"enemies":"Looter","floor":5.0,"turns":3.0},{"damage":37.0,"enemies":"Gremlin Nob","floor":6.0,"turns":6.0},{"damage":0.0,"enemies":"Lagavulin","floor":8.0,"turns":5.0},{"damage":0.0,"enemies":"Exordium Wildlife","floor":11.0,"turns":3.0},{"damage":0.0,"enemies":"Gremlin Nob","floor":12.0,"turns":4.0},{"damage":11,"enemies":"Lagavulin","floor":14,"turns":5},{"damage":43,"enemies":"Hexaghost","floor":16,"turns":10},{"damage":0,"enemies":"Chosen","floor":18,"turns":3},{"damage":6,"enemies":"3 Byrds","floor":19,"turns":5},{"damage":21,"enemies":"Centurion and Healer","floor":20,"turns":9},{"damage":10,"enemies":"Snake Plant","floor":24,"turns":4},{"damage":8,"enemies":"Cultist and Chosen","floor":27,"turns":5},{"damage":7,"enemies":"Centurion and Healer","floor":29,"turns":6},{"damage":10,"enemies":"Snake Plant","floor":30,"turns":5},{"damage":0,"enemies":"Shelled Parasite and Fungi","floor":31,"turns":4},{"damage":49,"enemies":"Collector","floor":33,"turns":10},{"damage":2,"enemies":"3 Shapes","floor":35,"turns":9},{"damage":28,"enemies":"3 Darklings","floor":39,"turns":6},{"damage":20,"enemies":"Transient","floor":41,"turns":5},{"damage":26,"enemies":"Jaw Worm Horde","floor":44,"turns":4},{"damage":0,"enemies":"Spire Growth","floor":45,"turns":5},{"damage":13,"enemies":"Writhing Mass","floor":46,"turns":5},{"damage":0,"enemies":"Maw","floor":48,"turns":6},{"damage":72,"enemies":"Donu and Deca","floor":50,"turns":7}],"seed_played":"-2226034837236903365","potions_obtained":[{"floor":0.0,"key":"Block Potion"},{"floor":3.0,"key":"Energy Potion"},{"floor":4.0,"key":"FocusPotion"},{"floor":6.0,"key":"Weak Potion"},{"floor":12.0,"key":"AttackPotion"},{"floor":18,"key":"Strength Potion"},{"floor":20,"key":"AttackPotion"},{"floor":29,"key":"SteroidPotion"},{"floor":31,"key":"Swift Potion"},{"floor":35,"key":"Strength Potion"}],"is_trial":false,"path_per_floor":["M","M","M","M","M","E","R","E","T","$","M","E","R","E","R","B",null,"M","M","M","?","?","R","M","R","T","M","R","M","M","M","R","B",null,"M","?","T","?","M","R","M","?","T","M","M","M","R","M","R","B",null],"character_chosen":"DEFECT","items_purchased":["Discovery","Lantern"],"campfire_rested":3,"item_purchase_floors":[10,10],"current_hp_per_floor":[72,72,72,75,80,50,50,50,60,60,67,74,74,70,70,34,76,76,70,56,56,56,56,53,53,53,45,45,38,35,42,69,27,74,79,79,79,79,58,58,45,45,45,26,33,27,52,59,84,19],"gold":517,"neow_bonus":"BOSS_RELIC","is_prod":false,"is_daily":false,"chose_seed":false,"campfire_upgraded":7,"win_rate":0,"timestamp":1546214828,"path_taken":["M","?","M","M","M","E","R","E","T","$","M","E","R","E","R","BOSS","M","M","M","?","?","R","?","R","T","M","R","M","M","M","R","BOSS","M","?","?","?","?","R","M","?","T","M","M","?","R","M","R","BOSS"],"build_version":"2018-12-20","purchased_purges":1,"victory":true,"max_hp_per_floor":[80,80,80,80,80,80,80,80,90,90,90,90,90,90,90,90,90,90,90,90,90,90,90,90,90,90,90,90,90,90,90,90,90,90,90,85,85,85,85,85,85,85,85,85,85,85,85,85,85,85],"card_choices":[{"not_picked":["Compile Driver","Steam"],"picked":"Melter","floor":0.0},{"not_picked":["Go for the Eyes","Storm"],"picked":"BootSequence","floor":1.0},{"not_picked":["Steam","Hello World","Stack"],"picked":"SKIP","floor":2.0},{"not_picked":["Chaos","Melter"],"picked":"Self Repair","floor":3.0},{"not_picked":["Turbo","BootSequence"],"picked":"Go for the Eyes","floor":4.0},{"not_picked":["Stack","Gash"],"picked":"Hologram","floor":5.0},{"not_picked":["Go for the Eyes","Glacier"],"picked":"Buffer","floor":6.0},{"not_picked":["Storm","Self Repair"],"picked":"Conserve Battery","floor":8.0},{"not_picked":["Rebound","Reprogram","Conserve Battery"],"picked":"SKIP","floor":11.0},{"not_picked":["Lockon","Barrage"],"picked":"Rip and Tear","floor":12.0},{"not_picked":["Hologram","Recycle","Turbo"],"picked":"SKIP","floor":14},{"not_picked":["Fission","Buffer"],"picked":"Core Surge","floor":16},{"not_picked":["Melter","Reinforced Body","Force Field"],"picked":"SKIP","floor":18},{"not_picked":["Fusion","Hologram"],"picked":"Go for the Eyes+1","floor":19},{"not_picked":["Beam Cell","Coolheaded","Aggregate"],"picked":"SKIP","floor":20},{"not_picked":["Go for the Eyes","Static Discharge"],"picked":"Leap+1","floor":24},{"not_picked":["Stack+1","Loop+1","Gash+1"],"picked":"SKIP","floor":27},{"not_picked":["Undo","Ball Lightning","Barrage"],"picked":"SKIP","floor":29},{"not_picked":["Buffer","Compile Driver","Barrage+1"],"picked":"SKIP","floor":30},{"not_picked":["Auto Shields","Consume"],"picked":"FTL","floor":31},{"not_picked":["Steam"],"picked":"SKIP","floor":35},{"not_picked":[],"picked":"Ball Lightning+1","floor":39},{"not_picked":["Steam Power+1"],"picked":"SKIP","floor":41},{"not_picked":[],"picked":"Rip and Tear+1","floor":44},{"not_picked":["Sunder"],"picked":"SKIP","floor":45},{"not_picked":["Glacier"],"picked":"SKIP","floor":46},{"not_picked":["Glacier"],"picked":"SKIP","floor":46},{"not_picked":["Blizzard"],"picked":"SKIP","floor":48}],"player_experience":108729,"relics_obtained":[{"floor":6.0,"key":"PreservedInsect"},{"floor":8.0,"key":"Gambling Chip"},{"floor":9.0,"key":"Pear"},{"floor":12.0,"key":"Torii"},{"floor":14,"key":"Shuriken"},{"floor":26,"key":"Vajra"},{"floor":37,"key":"Whetstone"},{"floor":43,"key":"Symbiotic Virus"}],"event_choices":[{"cards_removed":["Strike_B"],"damage_healed":0,"gold_gain":0,"player_choice":"Gave Gold","damage_taken":0,"max_hp_gain":0,"max_hp_loss":0,"event_name":"Beggar","floor":21,"gold_loss":75},{"damage_healed":0,"gold_gain":0,"player_choice":"Gave Potion","damage_taken":0,"relics_obtained":["Oddly Smooth Stone"],"max_hp_gain":0,"max_hp_loss":0,"event_name":"WeMeetAgain","floor":22,"gold_loss":0},{"damage_healed":0,"gold_gain":0,"player_choice":"Max HP","damage_taken":0,"max_hp_gain":0,"max_hp_loss":5,"event_name":"Winding Halls","floor":36,"gold_loss":0},{"damage_healed":0,"gold_gain":0,"cards_transformed":["Strike_B"],"player_choice":"Transformed","damage_taken":0,"max_hp_gain":0,"max_hp_loss":0,"event_name":"Transmorgrifier","floor":38,"gold_loss":0,"cards_obtained":["Darkness"]},{"cards_removed":["Defend_B"],"damage_healed":0,"gold_gain":0,"player_choice":"Purged","damage_taken":0,"max_hp_gain":0,"max_hp_loss":0,"event_name":"Purifier","floor":42,"gold_loss":0}],"is_beta":false,"boss_relics":[{"not_picked":["Empty Cage","Ectoplasm"],"picked":"Philosopher\u0027s Stone"},{"not_picked":["White Beast Statue","Calling Bell"],"picked":"Busted Crown"}],"items_purged_floors":[10],"is_endless":false,"potions_floor_spawned":[3,4,6,8,12,18,20,29,31,35,39,46,48],"ascension_level":6}