{"gold_per_floor":[111,126,138,138,151,185,185,35,35,49,49,114,114,139,139,235,235,245,263,277,296,76,101,101,127,181,181,181,199,199,29,29,29],"floor_reached":33,"playtime":2655,"items_purged":["Strike_G","Defend_G","Defend_G"],"score":393,"play_id":"4a927da1-3f94-4480-a0f7-537c11a747bf","local_time":"20181114150103","is_ascension_mode":true,"campfire_choices":[{"data":"Glass Knife","floor":7,"key":"SMITH"},{"data":"Sucker Punch","floor":11,"key":"SMITH"},{"data":"Neutralize","floor":13,"key":"SMITH"},{"data":"Quick Slash","floor":15,"key":"SMITH"},{"floor":24,"key":"REST"},{"floor":30,"key":"DIG"},{"floor":32,"key":"DIG"}],"neow_cost":"NONE","seed_source_timestamp":1209978527735066,"circlet_count":0,"master_deck":["Defend_G","Defend_G","Defend_G","Strike_G","Strike_G","Strike_G","Survivor","Neutralize+1","Masterful Stab","Backstab","Dodge and Roll","Quick Slash+1","Deflect","Dodge and Roll","Leg Sweep","Glass Knife+1","Quick Slash","Deflect","Leg Sweep","Sucker Punch+1","Sucker Punch","Footwork+1","Corpse Explosion+1","Cloak And Dagger+1","Quick Slash","Dodge and Roll+1","Dodge and Roll+1","Footwork+1","Dodge and Roll+1","Cloak And Dagger+1","Corpse Explosion+1","Deflect+1"],"relics":["Orrery","Vajra","Frozen Egg 2","Toxic Egg 2","Juzu Bracelet","Lizard Tail","Bag of Preparation","Shovel","Tiny Chest","Pen Nib","Happy Flower"],"potions_floor_usage":[6,6,12,14,20,21,23,25,25,25],"damage_taken":[{"damage":0,"enemies":"Cultist","floor":1,"turns":3},{"damage":0,"enemies":"2 Louse","floor":2,"turns":3},{"damage":0,"enemies":"Small Slimes","floor":3,"turns":4},{"damage":3,"enemies":"Looter","floor":5,"turns":3},{"damage":13,"enemies":"Lagavulin","floor":6,"turns":6},{"damage":0,"enemies":"2 Fungi Beasts","floor":10,"turns":2},{"damage":7,"enemies":"Gremlin Nob","floor":12,"turns":4},{"damage":0,"enemies":"3 Sentries","floor":14,"turns":8},{"damage":19,"enemies":"Slime Boss","floor":16,"turns":9},{"damage":0,"enemies":"Spheric Guardian","floor":18,"turns":4},{"damage":6,"enemies":"3 Byrds","floor":19,"turns":3},{"damage":6,"enemies":"Shelled Parasite and Fungi","floor":20,"turns":5},{"damage":4,"enemies":"Snake Plant","floor":21,"turns":6},{"damage":32,"enemies":"Slavers","floor":23,"turns":5},{"damage":80,"enemies":"Gremlin Leader","floor":25,"turns":12},{"damage":10,"enemies":"Colosseum Slavers","floor":28,"turns":5},{"damage":0,"enemies":"Chosen and Byrds","floor":29,"turns":5},{"damage":34,"enemies":"Automaton","floor":33,"turns":6}],"seed_played":"6300948147253740768","potions_obtained":[{"floor":1,"key":"Fire Potion"},{"floor":5,"key":"Regen Potion"},{"floor":6,"key":"GhostInAJar"},{"floor":10,"key":"Dexterity Potion"},{"floor":14,"key":"Weak Potion"},{"floor":16,"key":"Poison Potion"},{"floor":19,"key":"Fire Potion"},{"floor":20,"key":"FearPotion"},{"floor":23,"key":"Regen Potion"},{"floor":29,"key":"GamblersBrew"}],"is_trial":false,"path_per_floor":["M","M","M","?","M","E","R","$","T","M","R","?","R","E","R","B",null,"M","M","M","M","$","E","R","E","T","?","?","M","R","$","R","B"],"character_chosen":"THE_SILENT","items_purchased":["Leg Sweep","Footwork+1","PowerPotion","Deflect+1"],"campfire_rested":1,"item_purchase_floors":[8,22,22,31],"current_hp_per_floor":[70,70,70,63,60,59,59,59,59,59,59,52,52,52,52,33,70,70,64,58,54,54,22,43,19,19,42,32,32,32,32,32,0],"gold":29,"neow_bonus":"BOSS_RELIC","is_prod":false,"is_daily":false,"chose_seed":false,"campfire_upgraded":4,"win_rate":0,"timestamp":1542225663,"path_taken":["M","M","M","?","M","E","R","$","T","M","R","?","R","E","R","BOSS","M","M","M","M","$","E","R","E","T","?","?","M","R","$","R","BOSS"],"build_version":"2018-11-08","purchased_purges":3,"victory":false,"max_hp_per_floor":[70,70,70,70,70,70,70,70,70,70,70,70,70,70,70,70,70,70,70,70,70,70,70,70,70,70,70,70,70,70,70,70,70],"card_choices":[{"not_picked":["Finisher","Dagger Throw"],"picked":"Masterful Stab","floor":0},{"not_picked":["Infinite Blades","Crippling Poison"],"picked":"Backstab","floor":0},{"not_picked":["Blade Dance","Underhanded Strike"],"picked":"Dodge and Roll","floor":0},{"not_picked":["Distraction","Acrobatics"],"picked":"Quick Slash","floor":0},{"not_picked":["Quick Slash","Dagger Spray"],"picked":"Deflect","floor":0},{"not_picked":["Bouncing Flask","Well Laid Plans"],"picked":"Dodge and Roll","floor":1},{"not_picked":["Calculated Gamble","Poisoned Stab"],"picked":"Leg Sweep","floor":2},{"not_picked":["Backflip","Quick Slash"],"picked":"Glass Knife","floor":3},{"not_picked":["Distraction","Prepared"],"picked":"Quick Slash","floor":5},{"not_picked":["Phantasmal Killer","Backflip"],"picked":"Deflect","floor":6},{"not_picked":["Outmaneuver","Crippling Poison"],"picked":"Sucker Punch","floor":10},{"not_picked":["Calculated Gamble","PiercingWail"],"picked":"Sucker Punch","floor":12},{"not_picked":["Bouncing Flask+1","Flying Knee"],"picked":"Footwork+1","floor":14},{"not_picked":["Unload","After Image+1"],"picked":"Corpse Explosion+1","floor":16},{"not_picked":["Bane+1","Endless Agony"],"picked":"Cloak And Dagger+1","floor":18},{"not_picked":["Dagger Spray","Poisoned Stab"],"picked":"Quick Slash","floor":19},{"not_picked":["Quick Slash","Prepared+1"],"picked":"Dodge and Roll+1","floor":20},{"not_picked":["Malaise+1","Acrobatics+1"],"picked":"Dodge and Roll+1","floor":21},{"not_picked":["Poisoned Stab","All Out Attack"],"picked":"Dodge and Roll+1","floor":23},{"not_picked":["Quick Slash","Skewer"],"picked":"Cloak And Dagger+1","floor":25},{"not_picked":["Deflect+1","PiercingWail+1"],"picked":"Corpse Explosion+1","floor":29}],"player_experience":257826,"relics_obtained":[{"floor":6,"key":"Vajra"},{"floor":9,"key":"Frozen Egg 2"},{"floor":12,"key":"Toxic Egg 2"},{"floor":14,"key":"Juzu Bracelet"},{"floor":23,"key":"Bag of Preparation"},{"floor":25,"key":"Shovel"},{"floor":26,"key":"Tiny Chest"},{"floor":30,"key":"Pen Nib"},{"floor":32,"key":"Happy Flower"}],"event_choices":[{"cards_removed":["Strike_G"],"damage_healed":0,"gold_gain":0,"player_choice":"Card Removal","damage_taken":7,"max_hp_gain":0,"max_hp_loss":0,"event_name":"Golden Wing","floor":4,"gold_loss":0},{"damage_healed":0,"gold_gain":30,"player_choice":"Searched \u00272\u0027 times","damage_taken":0,"max_hp_gain":0,"max_hp_loss":0,"event_name":"Dead Adventurer","floor":12,"gold_loss":0},{"damage_healed":23,"gold_gain":0,"player_choice":"Heal","damage_taken":0,"max_hp_gain":0,"max_hp_loss":0,"event_name":"The Library","floor":27,"gold_loss":0},{"damage_healed":0,"gold_gain":0,"player_choice":"Fight","damage_taken":0,"max_hp_gain":0,"max_hp_loss":0,"event_name":"Colosseum","floor":28,"gold_loss":0},{"damage_healed":0,"gold_gain":0,"player_choice":"Fled From Nobs","damage_taken":0,"max_hp_gain":0,"max_hp_loss":0,"event_name":"Colosseum","floor":28,"gold_loss":0}],"is_beta":false,"boss_relics":[{"not_picked":["Snecko Eye","Pandora\u0027s Box"],"picked":"Lizard Tail"}],"items_purged_floors":[8,22,31],"is_endless":false,"potions_floor_spawned":[1,5,6,10,14,16,19,20,23,29],"killed_by":"Automaton","ascension_level":3}