{"gold_per_floor":[109,59,77,77,95,95,121,121,121,32,65,65,65,105,105,231,231,245,160,160,48,67,98,98,117,117,140,140,140,65,65,65,189,189,208,541,556,65,0,0,100,127,150,150,166,182,56,75,75,75],"floor_reached":51,"playtime":2317,"items_purged":["Strike_B"],"score":1067,"play_id":"0282e29f-98d4-4ab9-a9af-9b5fa3d6bd56","local_time":"20190210183206","is_ascension_mode":true,"campfire_choices":[{"data":"Rainbow","floor":6,"key":"SMITH"},{"data":"Zap","floor":8,"key":"SMITH"},{"data":"Defragment","floor":13,"key":"SMITH"},{"data":"Coolheaded","floor":15,"key":"SMITH"},{"floor":24,"key":"REST"},{"floor":29,"key":"REST"},{"floor":32,"key":"REST"},{"floor":40,"key":"REST"},{"floor":44,"key":"REST"},{"floor":49,"key":"RECALL"}],"neow_cost":"NONE","seed_source_timestamp":7095165965700,"circlet_count":0,"master_deck":["Defend_B","Defend_B","Defend_B","Defend_B","Zap+1","Dualcast","Storm","Conserve Battery","Rainbow+1","White Noise","Defragment+1","Coolheaded+1","Electrodynamics","Loop","Reinforced Body","Steam Power+1","Hologram+1","Coolheaded","Coolheaded+1","Storm","Seek","Stack+1","Self Repair+1","Apotheosis","Loop+1","Hologram+1","Self Repair+1","Fission"],"relics":["Cracked Core","Pear","Pen Nib","Matryoshka","Juzu Bracelet","Fusion Hammer","Potion Belt","Omamori","Dream Catcher","Pantograph","Meat on the Bone","Inserter","Frozen Egg 2","Red Mask","Dead Branch","Ancient Tea Set","DataDisk","Smiling Mask"],"potions_floor_usage":[7,23,46,48,50,50],"damage_taken":[{"damage":1,"enemies":"Small Slimes","floor":1,"turns":4},{"damage":0,"enemies":"2 Louse","floor":3,"turns":3},{"damage":0,"enemies":"Cultist","floor":5,"turns":3},{"damage":20,"enemies":"Gremlin Nob","floor":7,"turns":4},{"damage":28,"enemies":"3 Sentries","floor":11,"turns":9},{"damage":0,"enemies":"Lagavulin","floor":14,"turns":7},{"damage":24,"enemies":"Slime Boss","floor":16,"turns":7},{"damage":0,"enemies":"Chosen","floor":18,"turns":4},{"damage":0,"enemies":"Spheric Guardian","floor":22,"turns":4},{"damage":17,"enemies":"Book of Stabbing","floor":23,"turns":5},{"damage":8,"enemies":"3 Cultists","floor":25,"turns":3},{"damage":3,"enemies":"Cultist and Chosen","floor":27,"turns":5},{"damage":27,"enemies":"Automaton","floor":33,"turns":9},{"damage":41,"enemies":"3 Darklings","floor":35,"turns":4},{"damage":16,"enemies":"3 Shapes","floor":37,"turns":2},{"damage":0,"enemies":"Mind Bloom Boss Battle","floor":41,"turns":4},{"damage":36,"enemies":"Reptomancer","floor":42,"turns":6},{"damage":4,"enemies":"Maw","floor":45,"turns":5},{"damage":5,"enemies":"Spire Growth","floor":46,"turns":4},{"damage":0,"enemies":"Transient","floor":48,"turns":5},{"damage":27,"enemies":"Time Eater","floor":50,"turns":12}],"seed_played":"8461293267411322321","potions_obtained":[{"floor":1,"key":"Strength Potion"},{"floor":5,"key":"Weak Potion"},{"floor":16,"key":"Dexterity Potion"},{"floor":18,"key":"Swift Potion"},{"floor":25,"key":"Block Potion"},{"floor":33,"key":"SteroidPotion"},{"floor":37,"key":"Fire Potion"},{"floor":41,"key":"Ancient Potion"},{"floor":46,"key":"Poison Potion"}],"is_trial":false,"path_per_floor":["M","?","M","?","M","R","E","R","T","$","E","?","R","E","R","B",null,"M","?","?","$","M","E","R","M","T","M","?","R","?","$","R","B",null,"M","?","M","$","?","R","?","E","T","R","M","M","$","M","R","B",null],"character_chosen":"DEFECT","items_purchased":["Defragment","Coolheaded","Loop","Reinforced Body","Frozen Egg 2","Self Repair+1","Apotheosis","FocusPotion"],"campfire_rested":5,"item_purchase_floors":[10,10,21,21,38,38,38,47],"current_hp_per_floor":[74,74,74,74,74,74,64,64,64,64,36,36,36,36,36,12,67,67,67,67,67,67,50,75,67,67,64,64,85,85,85,85,58,78,49,49,45,45,45,70,85,59,59,84,85,85,85,85,85,78],"gold":75,"neow_bonus":"TEN_PERCENT_HP_BONUS","is_prod":false,"is_daily":false,"chose_seed":false,"campfire_upgraded":4,"win_rate":0,"timestamp":1549848726,"path_taken":["M","?","M","?","M","R","E","R","T","$","E","?","R","E","R","BOSS","M","?","?","$","M","E","R","M","T","M","?","R","?","$","R","BOSS","M","?","M","$","?","R","?","E","T","R","M","M","?","M","R","BOSS"],"build_version":"2019-01-23","purchased_purges":1,"victory":true,"max_hp_per_floor":[82,82,82,82,82,82,92,92,92,92,92,85,85,85,85,85,85,85,85,85,85,85,85,85,85,85,85,85,85,85,85,85,85,85,85,85,85,85,85,85,85,85,85,85,85,85,85,85,85,85],"card_choices":[{"not_picked":["Barrage","Self Repair"],"picked":"Storm","floor":1},{"not_picked":["Cold Snap","Redo"],"picked":"Conserve Battery","floor":3},{"not_picked":["Melter","Rip and Tear","Aggregate"],"picked":"SKIP","floor":5},{"not_picked":["Genetic Algorithm","Rebound"],"picked":"White Noise","floor":7},{"not_picked":["Hyperbeam","Streamline","Go for the Eyes"],"picked":"SKIP","floor":11},{"not_picked":["Gash","Stack","Go for the Eyes"],"picked":"SKIP","floor":14},{"not_picked":["Hyperbeam","Creative AI"],"picked":"Electrodynamics","floor":16},{"not_picked":["Turbo","Tempest+1","Static Discharge"],"picked":"SKIP","floor":18},{"not_picked":["Rip and Tear","Turbo","Streamline"],"picked":"SKIP","floor":22},{"not_picked":["Chaos","Cold Snap"],"picked":"Steam Power+1","floor":23},{"not_picked":["Recycle","Doom and Gloom"],"picked":"Hologram+1","floor":24},{"not_picked":["Hologram","Leap"],"picked":"Coolheaded","floor":25},{"not_picked":["Doom and Gloom","Chill"],"picked":"Coolheaded+1","floor":27},{"not_picked":["Stack","Cold Snap"],"picked":"Seek","floor":29},{"not_picked":["Chaos+1","Genetic Algorithm"],"picked":"Stack+1","floor":32},{"not_picked":["Melter+1","Sweeping Beam+1","Fusion+1"],"picked":"SKIP","floor":35},{"not_picked":["Reprogram","Doom and Gloom","Force Field"],"picked":"SKIP","floor":37},{"not_picked":["Redo","BootSequence"],"picked":"Loop+1","floor":40},{"not_picked":["Turbo","Streamline"],"picked":"Hologram+1","floor":41},{"not_picked":["Conserve Battery","Ball Lightning+1","Steam+1"],"picked":"SKIP","floor":42},{"not_picked":["Conserve Battery","Leap+1"],"picked":"Self Repair+1","floor":44},{"not_picked":["Recycle","Gash"],"picked":"Fission","floor":45},{"not_picked":["Conserve Battery+1","Gash+1","Auto Shields+1"],"picked":"SKIP","floor":46},{"not_picked":["Beam Cell","Cold Snap+1","Leap"],"picked":"SKIP","floor":48}],"player_experience":347609,"relics_obtained":[{"floor":7,"key":"Pear"},{"floor":9,"key":"Pen Nib"},{"floor":11,"key":"Matryoshka"},{"floor":14,"key":"Juzu Bracelet"},{"floor":23,"key":"Dream Catcher"},{"floor":26,"key":"Pantograph"},{"floor":26,"key":"Meat on the Bone"},{"floor":41,"key":"Dead Branch"},{"floor":42,"key":"Ancient Tea Set"},{"floor":43,"key":"DataDisk"},{"floor":43,"key":"Smiling Mask"}],"event_choices":[{"cards_removed":["Strike_B"],"damage_healed":0,"gold_gain":0,"player_choice":"Card Removal","damage_taken":0,"max_hp_gain":0,"max_hp_loss":0,"event_name":"The Cleric","floor":2,"gold_loss":50},{"damage_healed":0,"gold_gain":0,"cards_transformed":["Strike_B"],"player_choice":"Change","damage_taken":0,"max_hp_gain":0,"max_hp_loss":0,"event_name":"Living Wall","floor":4,"gold_loss":0,"cards_obtained":["Rainbow"]},{"damage_healed":0,"gold_gain":0,"player_choice":"Lose Max HP","damage_taken":0,"relics_obtained":["Golden Idol"],"max_hp_gain":0,"max_hp_loss":7,"event_name":"Golden Idol","floor":12,"gold_loss":0},{"damage_healed":0,"gold_gain":0,"player_choice":"Obtained Relic","damage_taken":0,"relics_obtained":["Potion Belt"],"max_hp_gain":0,"max_hp_loss":0,"event_name":"Addict","floor":19,"gold_loss":85},{"damage_healed":0,"gold_gain":0,"player_choice":"Gave Potion","damage_taken":0,"relics_obtained":["Omamori"],"max_hp_gain":0,"max_hp_loss":0,"event_name":"WeMeetAgain","floor":20,"gold_loss":0},{"damage_healed":0,"gold_gain":0,"player_choice":"Read","damage_taken":0,"max_hp_gain":0,"max_hp_loss":0,"event_name":"The Library","floor":28,"gold_loss":0,"cards_obtained":["Storm"]},{"cards_removed":["Strike_B"],"damage_healed":0,"gold_gain":0,"player_choice":"Gave Gold","damage_taken":0,"max_hp_gain":0,"max_hp_loss":0,"event_name":"Beggar","floor":30,"gold_loss":75},{"damage_healed":0,"gold_gain":333,"player_choice":"Gave Idol","damage_taken":0,"max_hp_gain":0,"max_hp_loss":0,"event_name":"The Moai Head","floor":36,"relics_lost":["Golden Idol"],"gold_loss":0},{"damage_healed":0,"gold_gain":0,"player_choice":"Paid","damage_taken":0,"relics_obtained":["Red Mask"],"max_hp_gain":0,"max_hp_loss":0,"event_name":"Tomb of Lord Red Mask","floor":39,"gold_loss":65},{"damage_healed":0,"gold_gain":0,"player_choice":"Fight","damage_taken":0,"max_hp_gain":0,"max_hp_loss":0,"event_name":"MindBloom","floor":41,"gold_loss":0}],"is_beta":false,"boss_relics":[{"not_picked":["White Beast Statue","Pandora\u0027s Box"],"picked":"Fusion Hammer"},{"not_picked":["Snecko Eye","Coffee Dripper"],"picked":"Inserter"}],"items_purged_floors":[47],"is_endless":false,"potions_floor_spawned":[1,5,16,18,25,33,37,41,45,46],"ascension_level":9}