{"gold_per_floor":[111,36,36,111,111,43,59,93,117,128,28,28,48,61,61,163,163,173,173,187,62,75,105,105,119,119,119,119,83,83,83,83,183,183,193,293,143,143,143,171,171,188,242,242,242,257,289,301,301,301],"floor_reached":51,"playtime":3447,"items_purged":["Strike_R","Strike_R","Strike_R","Defend_R"],"score":887,"play_id":"a1444d96-1b59-4044-b40e-a8ee2a9c7fcb","local_time":"20190124174116","is_ascension_mode":true,"campfire_choices":[{"floor":12,"key":"REST"},{"data":"Shrug It Off","floor":15,"key":"SMITH"},{"data":"Offering","floor":24,"key":"SMITH"},{"data":"Entrench","floor":28,"key":"SMITH"},{"data":"Flame Barrier","floor":32,"key":"SMITH"},{"data":"Impervious","floor":41,"key":"SMITH"},{"floor":44,"key":"REST"},{"data":"Impervious","floor":49,"key":"SMITH"}],"neow_cost":"PERCENT_DAMAGE","seed_source_timestamp":12817624782816,"circlet_count":0,"master_deck":["Strike_R+1","Bash+1","Impervious+1","Shrug It Off+1","Rampage","Flame Barrier+1","Offering+1","Dropkick+1","Immolate+1","Barricade+1","Impervious+1","Entrench+1","Evolve","Body Slam+1","Warcry+1","Parasite"],"relics":["Burning Blood","StoneCalendar","Happy Flower","Astrolabe","Whetstone","Mummified Hand","Eternal Feather","Ginger","Art of War","Regal Pillow","Toxic Egg 2"],"potions_floor_usage":[14,40],"damage_taken":[{"damage":0,"enemies":"Small Slimes","floor":1,"turns":4},{"damage":9,"enemies":"2 Louse","floor":7,"turns":2},{"damage":37,"enemies":"3 Sentries","floor":8,"turns":12},{"damage":1,"enemies":"Jaw Worm","floor":10,"turns":5},{"damage":2,"enemies":"3 Louse","floor":13,"turns":3},{"damage":7,"enemies":"Exordium Thugs","floor":14,"turns":6},{"damage":24,"enemies":"The Guardian","floor":16,"turns":11},{"damage":6,"enemies":"Chosen","floor":18,"turns":4},{"damage":6,"enemies":"Shell Parasite","floor":20,"turns":2},{"damage":6,"enemies":"Chosen and Byrds","floor":22,"turns":6},{"damage":21,"enemies":"Slavers","floor":23,"turns":4},{"damage":6,"enemies":"Centurion and Healer","floor":25,"turns":4},{"damage":6,"enemies":"Collector","floor":33,"turns":10},{"damage":6,"enemies":"Orb Walker","floor":35,"turns":5},{"damage":6,"enemies":"Mind Bloom Boss Battle","floor":36,"turns":7},{"damage":34,"enemies":"Nemesis","floor":40,"turns":9},{"damage":12,"enemies":"3 Shapes","floor":42,"turns":2},{"damage":6,"enemies":"Transient","floor":46,"turns":5},{"damage":6,"enemies":"Giant Head","floor":47,"turns":5},{"damage":6,"enemies":"Writhing Mass","floor":48,"turns":3},{"damage":6,"enemies":"Donu and Deca","floor":50,"turns":5}],"seed_played":"-8446958225508009194","potions_obtained":[{"floor":10,"key":"FearPotion"},{"floor":14,"key":"Block Potion"},{"floor":16,"key":"SmokeBomb"},{"floor":18,"key":"Dexterity Potion"},{"floor":33,"key":"Swift Potion"},{"floor":42,"key":"Regen Potion"}],"is_trial":false,"path_per_floor":["M","$","?","?","?","$","M","E","T","M","$","R","M","M","R","B",null,"M","?","M","$","M","E","R","M","T","$","R","$","?","$","R","B",null,"M","?","$","?","?","E","R","M","T","R","?","M","E","M","R","B",null],"character_chosen":"IRONCLAD","items_purchased":["Rampage","Evolve"],"campfire_rested":2,"item_purchase_floors":[6,29],"current_hp_per_floor":[62,62,62,51,56,56,53,22,22,27,27,52,56,55,55,37,85,85,85,85,85,85,70,70,70,70,70,70,70,70,70,70,70,85,85,85,85,85,85,57,63,57,57,85,85,85,85,85,85,85],"gold":301,"neow_bonus":"THREE_RARE_CARDS","is_prod":false,"is_daily":false,"chose_seed":false,"campfire_upgraded":6,"win_rate":0,"timestamp":1548319276,"path_taken":["M","$","?","?","?","?","M","E","T","M","$","R","M","M","R","BOSS","M","?","M","?","M","E","R","M","T","$","R","$","?","$","R","BOSS","M","?","$","?","?","E","R","?","T","R","?","M","E","M","R","BOSS"],"build_version":"2019-01-23","purchased_purges":4,"victory":true,"max_hp_per_floor":[80,80,80,80,85,85,85,85,85,85,85,85,85,85,85,85,85,85,85,85,85,85,85,85,85,85,85,85,85,85,85,85,85,85,85,85,85,85,85,85,85,85,85,85,85,85,85,85,85,85],"card_choices":[{"not_picked":["Exhume","Limit Break"],"picked":"Impervious","floor":0},{"not_picked":["Heavy Blade","Clothesline","Sentinel"],"picked":"SKIP","floor":1},{"not_picked":["Warcry","Anger","Twin Strike"],"picked":"SKIP","floor":7},{"not_picked":["Rage","Immolate"],"picked":"Flame Barrier","floor":8},{"not_picked":["Twin Strike","Clothesline","Flame Barrier"],"picked":"SKIP","floor":10},{"not_picked":["Warcry","True Grit","Cleave"],"picked":"SKIP","floor":13},{"not_picked":["Headbutt","Entrench","Cleave"],"picked":"SKIP","floor":14},{"not_picked":["Exhume","Juggernaut"],"picked":"Offering","floor":16},{"not_picked":["Headbutt","Shockwave","Clash+1"],"picked":"SKIP","floor":18},{"not_picked":["Havoc+1","Carnage+1","Corruption+1"],"picked":"SKIP","floor":20},{"not_picked":["Warcry","Shrug It Off","Carnage+1"],"picked":"SKIP","floor":22},{"not_picked":["Combust","Clothesline+1"],"picked":"Entrench","floor":23},{"not_picked":["Sword Boomerang","Warcry","Bludgeon"],"picked":"SKIP","floor":25},{"not_picked":["Warcry+1","Armaments","Infernal Blade+1"],"picked":"SKIP","floor":35},{"not_picked":["Exhume","Juggernaut","Entrench+1"],"picked":"SKIP","floor":40},{"not_picked":["Battle Trance+1","Heavy Blade+1"],"picked":"Body Slam+1","floor":42},{"not_picked":["Sever Soul","Sword Boomerang+1","Thunderclap"],"picked":"SKIP","floor":46},{"not_picked":["Entrench","Rampage+1"],"picked":"Warcry+1","floor":47},{"not_picked":["Metallicize","Anger+1","Sentinel+1"],"picked":"SKIP","floor":48}],"player_experience":87941,"relics_obtained":[{"floor":8,"key":"StoneCalendar"},{"floor":9,"key":"Happy Flower"},{"floor":23,"key":"Whetstone"},{"floor":26,"key":"Mummified Hand"},{"floor":36,"key":"Ginger"},{"floor":40,"key":"Art of War"},{"floor":43,"key":"Regal Pillow"},{"floor":47,"key":"Toxic Egg 2"}],"event_choices":[{"damage_healed":0,"gold_gain":0,"cards_transformed":["Defend_R"],"player_choice":"Change","damage_taken":0,"max_hp_gain":0,"max_hp_loss":0,"event_name":"Living Wall","floor":3,"gold_loss":0,"cards_obtained":["Shrug It Off"]},{"damage_healed":0,"gold_gain":75,"player_choice":"Gather Gold","damage_taken":11,"max_hp_gain":0,"max_hp_loss":0,"event_name":"World of Goop","floor":4,"gold_loss":0},{"damage_healed":0,"gold_gain":0,"player_choice":"Donut","damage_taken":0,"max_hp_gain":5,"max_hp_loss":0,"event_name":"Big Fish","floor":5,"gold_loss":0},{"damage_healed":0,"gold_gain":0,"player_choice":"Copied","damage_taken":0,"max_hp_gain":0,"max_hp_loss":0,"event_name":"Duplicator","floor":19,"gold_loss":0,"cards_obtained":["Impervious"]},{"damage_healed":0,"gold_gain":0,"player_choice":"Ignored","damage_taken":0,"max_hp_gain":0,"max_hp_loss":0,"event_name":"Ghosts","floor":30,"gold_loss":0},{"damage_healed":0,"gold_gain":0,"player_choice":"Fight","damage_taken":0,"max_hp_gain":0,"max_hp_loss":0,"event_name":"MindBloom","floor":36,"gold_loss":0},{"damage_healed":0,"gold_gain":0,"player_choice":"Ignored","damage_taken":0,"max_hp_gain":0,"max_hp_loss":0,"event_name":"Tomb of Lord Red Mask","floor":38,"gold_loss":0},{"damage_healed":0,"gold_gain":0,"player_choice":"Ignored","damage_taken":0,"max_hp_gain":0,"max_hp_loss":0,"event_name":"SecretPortal","floor":39,"gold_loss":0},{"damage_healed":0,"gold_gain":0,"player_choice":"Memory 1","damage_taken":0,"max_hp_gain":0,"max_hp_loss":0,"event_name":"SensoryStone","floor":45,"gold_loss":0}],"is_beta":false,"boss_relics":[{"not_picked":["Orrery","Sozu"],"picked":"Astrolabe"},{"not_picked":["Philosopher\u0027s Stone","Fusion Hammer"],"picked":"Eternal Feather"}],"items_purged_floors":[2,11,21,37],"is_endless":false,"potions_floor_spawned":[10,14,16,18,33,36,42,47],"ascension_level":1}