{"gold_per_floor":[110,65,65,80,97,124,124,149,172,192,211,290,11,28,28,124,124,141,141,158,208,221,221,241,268,322,341,341,341,355,365,365,461,461,471,483,495,515,531,543,568,600,635,664,686,145,199,210,210,210],"floor_reached":51,"playtime":4152,"items_purged":[],"score":920,"play_id":"49e7b642-e0a7-4f64-a714-52150e8fed2f","local_time":"20181210195822","daily_mods":["SealedDeck","Hoarder","Vintage"],"is_ascension_mode":false,"campfire_choices":[{"data":"Glacier","floor":7,"key":"SMITH"},{"data":"Glacier","floor":15,"key":"SMITH"},{"data":"Glacier","floor":23,"key":"SMITH"},{"floor":32,"key":"REST"},{"floor":49,"key":"REST"}],"neow_cost":"","seed_source_timestamp":848117252390898,"circlet_count":0,"master_deck":["Conserve Battery","Conserve Battery","Conserve Battery","Leap","Leap","Leap","Leap","Leap+1","Self Repair","Self Repair","Self Repair","Beam Cell","Beam Cell","Beam Cell","Hologram","Hologram","Hologram","Streamline","Streamline","Streamline","Leap+1","Leap","Leap","Ball Lightning","Ball Lightning","Ball Lightning","Ball Lightning","Ball Lightning","Ball Lightning","Gash","Gash","Gash","Loop","Loop","Loop","Glacier+1","Glacier+1","Glacier+1","Go for the Eyes","Go for the Eyes","Go for the Eyes","Capacitor","Capacitor","Capacitor","All For One","All For One","All For One","Consume","Consume","Consume","Thunder Strike","Thunder Strike","Thunder Strike","Melter","Melter","Melter","Metamorphosis","Metamorphosis","Metamorphosis","Gash","Gash","Gash"],"relics":["Cracked Core","Happy Flower","War Paint","Bag of Marbles","Centennial Puzzle","Omamori","Blood Vial","WingedGreaves","Orichalcum","Gremlin Horn","ClockworkSouvenir","Strawberry","Anchor","Kunai","Tiny Chest","Art of War","Blue Candle","Lantern","PreservedInsect","Matryoshka","Mummified Hand","DataDisk","Inserter","Thread and Needle","Incense Burner","Bronze Scales","Question Card","Bottled Lightning","MawBank","Ornamental Fan","Potion Belt","Bag of Preparation","Vajra","Cables","Pen Nib","Nunchaku","Unceasing Top","The Courier"],"potions_floor_usage":[16,16,25,31,33,33,45,47,50,50,50],"damage_taken":[{"damage":0,"enemies":"Cultist","floor":1,"turns":3},{"damage":0,"enemies":"2 Louse","floor":4,"turns":2},{"damage":7,"enemies":"Small Slimes","floor":5,"turns":2},{"damage":0,"enemies":"3 Sentries","floor":6,"turns":5},{"damage":14,"enemies":"Gremlin Nob","floor":8,"turns":3},{"damage":0,"enemies":"3 Louse","floor":10,"turns":3},{"damage":4,"enemies":"Gremlin Gang","floor":11,"turns":2},{"damage":1,"enemies":"Exordium Wildlife","floor":14,"turns":3},{"damage":11,"enemies":"Slime Boss","floor":16,"turns":4},{"damage":0,"enemies":"Chosen","floor":18,"turns":4},{"damage":3,"enemies":"2 Thieves","floor":20,"turns":4},{"damage":6,"enemies":"Snake Plant","floor":21,"turns":4},{"damage":0,"enemies":"Cultist and Chosen","floor":22,"turns":4},{"damage":0,"enemies":"3 Cultists","floor":24,"turns":4},{"damage":8,"enemies":"Slavers","floor":25,"turns":5},{"damage":14,"enemies":"Shelled Parasite and Fungi","floor":27,"turns":6},{"damage":1,"enemies":"Chosen and Byrds","floor":30,"turns":4},{"damage":11,"enemies":"Snake Plant","floor":31,"turns":2},{"damage":9,"enemies":"Champ","floor":33,"turns":8},{"damage":0,"enemies":"3 Shapes","floor":35,"turns":5},{"damage":8,"enemies":"Orb Walker","floor":36,"turns":3},{"damage":11,"enemies":"Transient","floor":37,"turns":5},{"damage":0,"enemies":"3 Darklings","floor":38,"turns":5},{"damage":22,"enemies":"Jaw Worm Horde","floor":39,"turns":5},{"damage":27,"enemies":"Spire Growth","floor":40,"turns":6},{"damage":2,"enemies":"Maw","floor":41,"turns":6},{"damage":0,"enemies":"3 Darklings","floor":42,"turns":6},{"damage":7,"enemies":"4 Shapes","floor":44,"turns":4},{"damage":7,"enemies":"Maw","floor":45,"turns":6},{"damage":7,"enemies":"2 Orb Walkers","floor":47,"turns":2},{"damage":0,"enemies":"Sphere and 2 Shapes","floor":48,"turns":3},{"damage":0,"enemies":"Donu and Deca","floor":50,"turns":7}],"seed_played":"3186023826167623195","potions_obtained":[{"floor":1,"key":"Dexterity Potion"},{"floor":5,"key":"Energy Potion"},{"floor":8,"key":"SteroidPotion"},{"floor":16,"key":"Ancient Potion"},{"floor":18,"key":"Dexterity Potion"},{"floor":27,"key":"Strength Potion"},{"floor":33,"key":"Regen Potion"},{"floor":35,"key":"EssenceOfSteel"},{"floor":39,"key":"FocusPotion"},{"floor":42,"key":"Energy Potion"},{"floor":44,"key":"Strength Potion"},{"floor":45,"key":"AttackPotion"},{"floor":47,"key":"SpeedPotion"}],"is_trial":true,"path_per_floor":["M","$","?","M","M","E","R","E","T","M","M","T","$","M","R","B",null,"M","$","M","M","M","R","M","E","T","M","?","$","M","M","R","B",null,"M","M","M","M","M","M","M","M","T","M","M","$","?","M","R","B",null],"character_chosen":"DEFECT","items_purchased":["Gash","Capacitor","ClockworkSouvenir","Melter","Metamorphosis","Nunchaku"],"campfire_rested":2,"item_purchase_floors":[2,13,13,46,46,46],"current_hp_per_floor":[75,75,75,75,75,75,75,75,75,75,71,71,71,82,82,71,82,82,82,82,82,82,82,82,81,81,82,82,82,82,71,82,82,82,82,82,71,82,74,63,70,82,82,82,82,82,75,77,82,82],"gold":210,"neow_bonus":"","is_prod":false,"is_daily":false,"chose_seed":false,"campfire_upgraded":3,"win_rate":0,"timestamp":1544471902,"path_taken":["M","$","?","M","M","E","R","E","T","?","M","?","$","M","R","BOSS","M","$","M","M","M","R","M","E","T","M","?","$","M","M","R","BOSS","M","M","M","M","M","M","M","M","T","M","?","$","?","M","R","BOSS"],"build_version":"2018-12-06","purchased_purges":0,"victory":true,"max_hp_per_floor":[75,75,75,75,75,75,75,75,75,75,75,75,75,82,82,82,82,82,82,82,82,82,82,82,82,82,82,82,82,82,82,82,82,82,82,82,82,82,82,82,82,82,82,82,82,82,82,82,82,82],"card_choices":[{"not_picked":["Cold Snap","Redo"],"picked":"Glacier","floor":6},{"not_picked":["Coolheaded","Creative AI"],"picked":"Go for the Eyes","floor":8},{"not_picked":["Core Surge","Meteor Strike"],"picked":"All For One","floor":16},{"not_picked":["Turbo+1","Cold Snap+1"],"picked":"Consume","floor":25},{"not_picked":["Rainbow","Reboot"],"picked":"Thunder Strike","floor":33},{"not_picked":["Redo","Conserve Battery","Go for the Eyes"],"picked":"Gash","floor":47}],"player_experience":1012642,"relics_obtained":[{"floor":1,"key":"Happy Flower"},{"floor":4,"key":"War Paint"},{"floor":5,"key":"Bag of Marbles"},{"floor":6,"key":"Centennial Puzzle"},{"floor":8,"key":"Omamori"},{"floor":9,"key":"Blood Vial"},{"floor":10,"key":"WingedGreaves"},{"floor":11,"key":"Orichalcum"},{"floor":12,"key":"Gremlin Horn"},{"floor":14,"key":"Strawberry"},{"floor":18,"key":"Anchor"},{"floor":20,"key":"Kunai"},{"floor":21,"key":"Tiny Chest"},{"floor":22,"key":"Art of War"},{"floor":24,"key":"Blue Candle"},{"floor":25,"key":"Lantern"},{"floor":26,"key":"PreservedInsect"},{"floor":27,"key":"Matryoshka"},{"floor":30,"key":"Mummified Hand"},{"floor":31,"key":"DataDisk"},{"floor":35,"key":"Thread and Needle"},{"floor":36,"key":"Incense Burner"},{"floor":37,"key":"Bronze Scales"},{"floor":38,"key":"Question Card"},{"floor":39,"key":"Bottled Lightning"},{"floor":40,"key":"MawBank"},{"floor":41,"key":"Ornamental Fan"},{"floor":42,"key":"Potion Belt"},{"floor":43,"key":"Bag of Preparation"},{"floor":43,"key":"Vajra"},{"floor":44,"key":"Cables"},{"floor":45,"key":"Pen Nib"},{"floor":47,"key":"Unceasing Top"},{"floor":48,"key":"The Courier"}],"event_choices":[{"damage_healed":0,"gold_gain":0,"cards_transformed":["Leap"],"player_choice":"Transformed","damage_taken":0,"max_hp_gain":0,"max_hp_loss":0,"event_name":"Transmorgrifier","floor":3,"gold_loss":0,"cards_obtained":["Loop"]},{"damage_healed":0,"gold_gain":0,"player_choice":"Ignored","damage_taken":0,"max_hp_gain":0,"max_hp_loss":0,"event_name":"Duplicator","floor":28,"gold_loss":0},{"damage_healed":0,"gold_gain":0,"player_choice":"Fight","damage_taken":0,"max_hp_gain":0,"max_hp_loss":0,"event_name":"Mysterious Sphere","floor":47,"gold_loss":0}],"is_beta":false,"boss_relics":[{"not_picked":["Nuclear Battery","Runic Pyramid","Ectoplasm"]},{"not_picked":["FrozenCore","Philosopher\u0027s Stone"],"picked":"Inserter"}],"items_purged_floors":[],"is_endless":false,"potions_floor_spawned":[1,5,8,14,16,18,27,33,35,39,40,42,44,45,47],"ascension_level":0}