{"gold_per_floor":[119,119,143,93,18,54,54,73,73,91,91,114,137,181,181,306,306,329,329,342,342],"floor_reached":21,"playtime":1195,"items_purged":["Strike_R"],"score":292,"play_id":"74ec9f11-5b03-4d00-936f-b82bbec9e199","local_time":"20181217004041","is_ascension_mode":true,"campfire_choices":[{"floor":7,"key":"REST"},{"data":"Armaments","floor":11,"key":"SMITH"},{"data":"Bash","floor":15,"key":"SMITH"}],"neow_cost":"NONE","seed_source_timestamp":283018304910512,"circlet_count":0,"master_deck":["Strike_R","Strike_R","Strike_R","Strike_R","Defend_R","Defend_R","Defend_R","Bash+1","Armaments+1","Anger","Clothesline","Shrug It Off","Power Through","Pommel Strike","Warcry","Shrug It Off","Dark Embrace","Clumsy","Doubt","Normality","Clothesline+1","Shame","Ghostly Armor"],"relics":["Burning Blood","Blood Vial","Golden Idol","Question Card","Gremlin Horn","Mango","Calling Bell","Anchor","Shuriken","Turnip","Bag of Preparation"],"potions_floor_usage":[1,14,16],"damage_taken":[{"damage":5,"enemies":"2 Louse","floor":1,"turns":3},{"damage":9,"enemies":"Jaw Worm","floor":3,"turns":4},{"damage":40,"enemies":"Lagavulin","floor":6,"turns":7},{"damage":0,"enemies":"Cultist","floor":8,"turns":3},{"damage":18,"enemies":"Large Slime","floor":10,"turns":6},{"damage":0,"enemies":"2 Fungi Beasts","floor":12,"turns":4},{"damage":4,"enemies":"Blue Slaver","floor":13,"turns":4},{"damage":10,"enemies":"3 Sentries","floor":14,"turns":7},{"damage":40,"enemies":"Slime Boss","floor":16,"turns":11},{"damage":38,"enemies":"3 Byrds","floor":18,"turns":10},{"damage":10,"enemies":"Shell Parasite","floor":20,"turns":9},{"damage":59,"enemies":"Centurion and Healer","floor":21,"turns":10}],"seed_played":"4221609964816487991","potions_obtained":[{"floor":1,"key":"Fruit Juice"},{"floor":8,"key":"AttackPotion"},{"floor":13,"key":"Explosive Potion"},{"floor":16,"key":"Dexterity Potion"},{"floor":20,"key":"EntropicBrew"}],"is_trial":false,"path_per_floor":["M","?","M","?","$","E","R","M","T","M","R","M","M","E","R","B",null,"M","?","M","M"],"character_chosen":"IRONCLAD","items_purchased":[],"campfire_rested":1,"item_purchase_floors":[],"current_hp_per_floor":[80,59,58,58,58,26,51,59,59,49,49,57,61,73,73,41,85,55,55,53,0],"gold":342,"neow_bonus":"RANDOM_COMMON_RELIC","is_prod":false,"is_daily":false,"chose_seed":false,"campfire_upgraded":2,"win_rate":0,"timestamp":1545025241,"path_taken":["M","?","M","?","?","E","R","M","T","?","R","M","?","E","R","BOSS","M","?","M","M"],"build_version":"2018-12-13","purchased_purges":1,"victory":false,"max_hp_per_floor":[85,85,85,85,85,85,85,85,85,85,85,85,85,99,99,99,99,99,99,99,99],"card_choices":[{"not_picked":["Spot Weakness","Flex"],"picked":"Armaments","floor":1},{"not_picked":["Heavy Blade","Bloodletting"],"picked":"Anger","floor":3},{"not_picked":["Headbutt","Seeing Red"],"picked":"Clothesline","floor":6},{"not_picked":["Sword Boomerang","Pommel Strike","Body Slam"],"picked":"Shrug It Off","floor":8},{"not_picked":["Twin Strike","Barricade","Combust"],"picked":"Power Through","floor":10},{"not_picked":["Seeing Red","Wild Strike","Pummel"],"picked":"Pommel Strike","floor":12},{"not_picked":["Flex","Rage","Clash"],"picked":"Warcry","floor":13},{"not_picked":["Uppercut","Flex","Twin Strike"],"picked":"Shrug It Off","floor":14},{"not_picked":["Brutality","Immolate","Fiend Fire"],"picked":"Dark Embrace","floor":16},{"not_picked":["Body Slam","Anger","Infernal Blade"],"picked":"Clothesline+1","floor":18},{"not_picked":["Perfected Strike+1","Sword Boomerang","Twin Strike"],"picked":"Ghostly Armor","floor":20}],"player_experience":398201,"relics_obtained":[{"floor":6,"key":"Question Card"},{"floor":9,"key":"Gremlin Horn"},{"floor":14,"key":"Mango"},{"floor":17,"key":"Anchor"},{"floor":17,"key":"Shuriken"},{"floor":17,"key":"Turnip"}],"event_choices":[{"damage_healed":0,"gold_gain":0,"player_choice":"Take Damage","damage_taken":21,"relics_obtained":["Golden Idol"],"max_hp_gain":0,"max_hp_loss":0,"event_name":"Golden Idol","floor":2,"gold_loss":0},{"cards_removed":["Defend_R"],"damage_healed":0,"gold_gain":0,"player_choice":"Card Removal","damage_taken":0,"max_hp_gain":0,"max_hp_loss":0,"event_name":"The Cleric","floor":4,"gold_loss":50},{"damage_healed":0,"gold_gain":0,"player_choice":"Stole Relic","damage_taken":0,"relics_obtained":["Bag of Preparation"],"max_hp_gain":0,"max_hp_loss":0,"event_name":"Addict","floor":19,"gold_loss":0,"cards_obtained":["Shame"]}],"is_beta":false,"boss_relics":[{"not_picked":["Black Star","White Beast Statue"],"picked":"Calling Bell"}],"items_purged_floors":[5],"is_endless":false,"potions_floor_spawned":[1,8,13,16,20],"killed_by":"Centurion and Healer","ascension_level":8}