{"gold_per_floor":[118,118,136,136,136,161,174,209,233,233,21,21,31,50,50,146,146],"floor_reached":17,"playtime":386,"items_purged":[],"score":200,"play_id":"2df2ccf8-2d6d-4c15-9b57-8c13a0aecd73","local_time":"20181220025518","is_ascension_mode":true,"campfire_choices":[{"floor":10,"key":"RECALL"},{"data":"Streamline","floor":12,"key":"SMITH"},{"data":"Zap","floor":15,"key":"SMITH"}],"neow_cost":"NONE","seed_source_timestamp":551113501370465,"circlet_count":0,"master_deck":["Zap+1","Dualcast","Streamline+1","Regret","Conserve Battery","Dramatic Entrance","Hologram","Undo","Machine Learning","Ball Lightning","Compile Driver","Lockon","Multi-Cast","Heatsinks","Sunder","Hologram","Streamline","Scrape","FTL","Hello World","Hello World"],"relics":["Cracked Core","NeowsBlessing","Boot","Bronze Scales","The Courier","StoneCalendar","Bag of Marbles","Symbiotic Virus","Pandora\u0027s Box"],"potions_floor_usage":[8],"damage_taken":[{"damage":0,"enemies":"Small Slimes","floor":1,"turns":1},{"damage":0,"enemies":"Cultist","floor":3,"turns":1},{"damage":0,"enemies":"3 Sentries","floor":6,"turns":1},{"damage":6,"enemies":"Jaw Worm","floor":7,"turns":2},{"damage":18,"enemies":"Gremlin Nob","floor":8,"turns":4},{"damage":10,"enemies":"Exordium Thugs","floor":13,"turns":2},{"damage":7,"enemies":"Blue Slaver","floor":14,"turns":2},{"damage":20,"enemies":"Hexaghost","floor":16,"turns":6}],"seed_played":"-5741848592865670180","potions_obtained":[{"floor":3,"key":"EntropicBrew"},{"floor":7,"key":"AttackPotion"},{"floor":8,"key":"Regen Potion"}],"is_trial":false,"path_per_floor":["M","?","M","?","?","E","M","E","T","R","$","R","M","M","R","B",null],"character_chosen":"DEFECT","items_purchased":["Ball Lightning","Symbiotic Virus"],"campfire_rested":0,"item_purchase_floors":[11,11],"current_hp_per_floor":[75,75,75,68,68,68,62,44,44,44,44,44,34,27,27,7,75],"gold":146,"neow_bonus":"THREE_ENEMY_KILL","is_prod":false,"is_daily":false,"chose_seed":false,"campfire_upgraded":2,"win_rate":0,"timestamp":1545292518,"path_taken":["M","?","M","?","?","E","?","E","T","R","$","R","?","M","R","BOSS"],"build_version":"2018-12-13","purchased_purges":0,"victory":false,"max_hp_per_floor":[75,75,75,75,75,75,75,75,75,75,75,75,75,75,75,75,75],"card_choices":[{"not_picked":["Stack","Steam"],"picked":"Streamline","floor":1},{"not_picked":["Streamline","Leap"],"picked":"Conserve Battery","floor":3},{"not_picked":["Fusion","Coolheaded"],"picked":"Hologram","floor":6},{"not_picked":["Compile Driver","Redo"],"picked":"Undo","floor":7},{"not_picked":["Lockon","Steam"],"picked":"Machine Learning","floor":8},{"not_picked":["Conserve Battery","Streamline"],"picked":"Compile Driver","floor":13},{"not_picked":["Reinforced Body","Go for the Eyes"],"picked":"Lockon","floor":14},{"not_picked":["Buffer","Hyperbeam"],"picked":"Multi-Cast","floor":16}],"player_experience":410465,"relics_obtained":[{"floor":6,"key":"The Courier"},{"floor":8,"key":"StoneCalendar"},{"floor":9,"key":"Bag of Marbles"}],"event_choices":[{"damage_healed":0,"gold_gain":0,"player_choice":"Box","damage_taken":0,"relics_obtained":["Boot"],"max_hp_gain":0,"max_hp_loss":0,"event_name":"Big Fish","floor":2,"gold_loss":0,"cards_obtained":["Regret"]},{"damage_healed":0,"gold_gain":0,"player_choice":"Success","damage_taken":7,"relics_obtained":["Bronze Scales"],"max_hp_gain":0,"max_hp_loss":0,"event_name":"Scrap Ooze","floor":4,"gold_loss":0},{"damage_healed":0,"gold_gain":0,"player_choice":"1 cards matched","damage_taken":0,"max_hp_gain":0,"max_hp_loss":0,"event_name":"Match and Keep!","floor":5,"gold_loss":0,"cards_obtained":["Dramatic Entrance"]}],"is_beta":false,"boss_relics":[{"not_picked":["Fusion Hammer","Black Star"],"picked":"Pandora\u0027s Box"}],"items_purged_floors":[],"is_endless":false,"potions_floor_spawned":[3,7,8],"ascension_level":1}