{"gold_per_floor":[116,130,305,325,339,339,356,356,356,356,391,391,391,405,405,502,502,490,85,135,147,157,157,157],"floor_reached":24,"playtime":1493,"items_purged":["Strike_G"],"score":253,"play_id":"a79597e0-7fc9-488a-8e2a-1c45dc854f90","local_time":"20181117225455","is_ascension_mode":true,"campfire_choices":[{"data":"Neutralize","floor":6,"key":"SMITH"},{"data":"Cloak And Dagger","floor":8,"key":"SMITH"},{"data":"Quick Slash","floor":10,"key":"SMITH"},{"data":"Prepared","floor":13,"key":"SMITH"},{"floor":15,"key":"REST"},{"data":"Reflex","floor":23,"key":"SMITH"}],"neow_cost":"NONE","seed_source_timestamp":246550285857500,"circlet_count":0,"master_deck":["Defend_G","Defend_G","Defend_G","Defend_G","Defend_G","Survivor","Neutralize+1","Slice","Grand Finale","Doubt","Reflex+1","Quick Slash+1","Cloak And Dagger+1","Prepared+1","Accuracy","Unload","Quick Slash","Accuracy","Bite","Bite","Bite","Bite","Bite","Acrobatics","Sucker Punch+1"],"relics":["Runic Dome","Bottled Flame","Happy Flower","SsserpentHead","WristBlade","Ninja Scroll"],"potions_floor_usage":[16],"damage_taken":[{"damage":0,"enemies":"2 Louse","floor":1,"turns":2},{"damage":7,"enemies":"Jaw Worm","floor":2,"turns":4},{"damage":0,"enemies":"Cultist","floor":4,"turns":5},{"damage":0,"enemies":"Exordium Wildlife","floor":5,"turns":4},{"damage":19,"enemies":"Large Slime","floor":7,"turns":9},{"damage":16,"enemies":"3 Sentries","floor":11,"turns":10},{"damage":3,"enemies":"Exordium Thugs","floor":14,"turns":5},{"damage":40,"enemies":"Hexaghost","floor":16,"turns":15},{"damage":11,"enemies":"2 Thieves","floor":18,"turns":4},{"damage":2,"enemies":"Chosen","floor":21,"turns":4},{"damage":7,"enemies":"Snecko","floor":22,"turns":4},{"damage":54,"enemies":"Book of Stabbing","floor":24,"turns":6}],"seed_played":"1679533271329477703","potions_obtained":[{"floor":2,"key":"AttackPotion"},{"floor":4,"key":"EntropicBrew"},{"floor":16,"key":"SpeedPotion"}],"is_trial":false,"path_per_floor":["M","M","?","M","M","R","M","R","T","R","E","?","R","M","R","B",null,"M","$","?","M","M","R","E"],"character_chosen":"THE_SILENT","items_purchased":["Accuracy","Ninja Scroll"],"campfire_rested":1,"item_purchase_floors":[19,19],"current_hp_per_floor":[70,63,63,63,63,63,44,44,44,44,28,28,28,25,46,6,70,59,59,49,49,44,44,0],"gold":157,"neow_bonus":"BOSS_RELIC","is_prod":false,"is_daily":false,"chose_seed":false,"campfire_upgraded":5,"win_rate":0,"timestamp":1542513295,"path_taken":["M","M","?","M","M","R","M","R","T","R","E","?","R","M","R","BOSS","M","$","?","M","M","R","E"],"build_version":"2018-11-15","purchased_purges":1,"victory":false,"max_hp_per_floor":[70,70,70,70,70,70,70,70,70,70,70,70,70,70,70,70,70,70,70,49,49,49,49,49],"card_choices":[{"not_picked":["Acrobatics","Flying Knee"],"picked":"Slice","floor":1},{"not_picked":["Poisoned Stab","Caltrops"],"picked":"Grand Finale","floor":2},{"not_picked":["Outmaneuver","Poisoned Stab"],"picked":"Reflex","floor":4},{"not_picked":["Leg Sweep","Deflect"],"picked":"Quick Slash","floor":5},{"not_picked":["Deflect","Bane"],"picked":"Cloak And Dagger","floor":7},{"not_picked":["Skewer","Deflect"],"picked":"Prepared","floor":11},{"not_picked":["Flechettes","Prepared"],"picked":"Accuracy","floor":14},{"not_picked":["Adrenaline","Burst"],"picked":"Unload","floor":16},{"not_picked":["Leg Sweep","Setup"],"picked":"Quick Slash","floor":18},{"not_picked":["Slice","Dagger Spray"],"picked":"Acrobatics","floor":21},{"not_picked":["Setup","Underhanded Strike"],"picked":"Sucker Punch+1","floor":22}],"player_experience":282678,"relics_obtained":[{"floor":9,"key":"Bottled Flame"},{"floor":11,"key":"Happy Flower"}],"event_choices":[{"damage_healed":0,"gold_gain":175,"player_choice":"AGREE","damage_taken":0,"max_hp_gain":0,"max_hp_loss":0,"event_name":"Liars Game","floor":3,"gold_loss":0,"cards_obtained":["Doubt"]},{"damage_healed":0,"gold_gain":0,"player_choice":"Trade","damage_taken":0,"relics_obtained":["SsserpentHead"],"max_hp_gain":0,"max_hp_loss":0,"event_name":"FaceTrader","floor":12,"gold_loss":0},{"damage_healed":0,"gold_gain":0,"player_choice":"Became a vampire","damage_taken":0,"max_hp_gain":0,"max_hp_loss":21,"event_name":"Vampires","floor":20,"gold_loss":0,"cards_obtained":["Bite","Bite","Bite","Bite","Bite"]}],"is_beta":false,"boss_relics":[{"not_picked":["Tiny House","Eternal Feather"],"picked":"WristBlade"}],"items_purged_floors":[19],"is_endless":false,"potions_floor_spawned":[2,4,16],"killed_by":"Book of Stabbing","ascension_level":3}