{"gold_per_floor":[109,34,51,51,51,51,67,79,79,110,110,110,110,121,121,121],"floor_reached":16,"playtime":525,"items_purged":["Strike_R"],"score":165,"play_id":"ffa694cf-e49f-4906-a984-981f8ed619df","local_time":"20190209144529","is_ascension_mode":true,"campfire_choices":[{"data":"Bash","floor":6,"key":"SMITH"},{"data":"1","floor":11,"key":"LIFT"},{"data":"2","floor":15,"key":"LIFT"}],"neow_cost":"NONE","seed_source_timestamp":11773990009574,"circlet_count":0,"master_deck":["AscendersBane","Strike_R","Strike_R","Strike_R","Strike_R","Defend_R","Defend_R","Defend_R","Bash+1","Clothesline+1","Shrug It Off"],"relics":["Burning Blood","Art of War","FossilizedHelix","Girya","Frozen Egg 2"],"potions_floor_usage":[16,16],"damage_taken":[{"damage":6,"enemies":"Cultist","floor":1,"turns":4},{"damage":10,"enemies":"Small Slimes","floor":3,"turns":5},{"damage":3,"enemies":"Jaw Worm","floor":7,"turns":4},{"damage":22,"enemies":"Large Slime","floor":8,"turns":7},{"damage":25,"enemies":"Lagavulin","floor":10,"turns":7},{"damage":1,"enemies":"Red Slaver","floor":14,"turns":3},{"damage":14,"enemies":"The Guardian","floor":16,"turns":11}],"seed_played":"2339821327161150735","potions_obtained":[{"floor":7,"key":"SteroidPotion"},{"floor":8,"key":"Dexterity Potion"}],"is_trial":false,"path_per_floor":["M","$","M","?","?","R","M","M","T","E","R","T","?","M","R","B"],"character_chosen":"IRONCLAD","items_purchased":[],"campfire_rested":0,"item_purchase_floors":[],"current_hp_per_floor":[72,72,68,61,66,66,69,53,53,34,34,34,34,39,39,25],"gold":121,"neow_bonus":"RANDOM_COMMON_RELIC","is_prod":false,"is_daily":false,"chose_seed":false,"campfire_upgraded":1,"win_rate":0,"timestamp":1549691129,"path_taken":["M","$","M","?","?","R","M","M","T","E","R","?","?","M","R","BOSS"],"build_version":"2019-01-23","purchased_purges":1,"victory":false,"max_hp_per_floor":[80,80,80,80,85,85,85,85,85,85,85,85,85,85,85,85],"card_choices":[{"not_picked":["Twin Strike","Wild Strike","Iron Wave"],"picked":"SKIP","floor":1},{"not_picked":["True Grit","Rupture","Bloodletting"],"picked":"SKIP","floor":3},{"not_picked":["Hemokinesis","Armaments"],"picked":"Clothesline","floor":7},{"not_picked":["Heavy Blade","Rupture"],"picked":"Shrug It Off","floor":8},{"not_picked":["Armaments","Rupture","Dual Wield"],"picked":"SKIP","floor":10},{"not_picked":["Body Slam","Havoc","Infernal Blade"],"picked":"SKIP","floor":14}],"player_experience":190175,"relics_obtained":[{"floor":9,"key":"FossilizedHelix"},{"floor":10,"key":"Girya"},{"floor":12,"key":"Frozen Egg 2"}],"event_choices":[{"cards_removed":["Defend_R"],"damage_healed":0,"gold_gain":0,"player_choice":"Card Removal","damage_taken":7,"max_hp_gain":0,"max_hp_loss":0,"event_name":"Golden Wing","floor":4,"gold_loss":0},{"damage_healed":0,"gold_gain":0,"player_choice":"Donut","damage_taken":0,"max_hp_gain":5,"max_hp_loss":0,"event_name":"Big Fish","floor":5,"gold_loss":0},{"damage_healed":0,"gold_gain":0,"player_choice":"Upgraded","damage_taken":0,"max_hp_gain":0,"max_hp_loss":0,"event_name":"Upgrade Shrine","floor":13,"gold_loss":0,"cards_upgraded":["Clothesline"]}],"is_beta":false,"boss_relics":[],"items_purged_floors":[2],"is_endless":false,"potions_floor_spawned":[7,8,10],"killed_by":"The Guardian","ascension_level":13}