{"gold_per_floor":[114,127,127,143,143,173,98,98,123,134,154,54,73,102,102,198,198,138,63,75,75,75,75,108,108,108,108,108,125,180,222,234,351,363,385,407,419],"floor_reached":37,"playtime":1018,"items_purged":["Defend_B","Strike_B"],"score":436,"play_id":"b4ce5720-59df-4fee-b2cb-70336c3d6a1a","local_time":"20181124173336","is_ascension_mode":true,"campfire_choices":[{"data":"Metamorphosis","floor":8,"key":"SMITH"},{"floor":15,"key":"REST"},{"data":"Beam Cell","floor":23,"key":"SMITH"},{"floor":25,"key":"REST"},{"floor":27,"key":"REST"},{"floor":32,"key":"REST"}],"neow_cost":"TEN_PERCENT_HP_LOSS","seed_source_timestamp":949083892330990,"circlet_count":0,"master_deck":["Defend_B","Zap","Dualcast","Metamorphosis+1","Dramatic Entrance+1","Beam Cell+1","Gash","Gash+1","Self Repair","Echo Form","Skim+1","Fusion+1","Steam+1"],"relics":["Cracked Core","Happy Flower","Ancient Tea Set","Whetstone","Busted Crown","PreservedInsect","Ornamental Fan","MawBank","Singing Bowl","Astrolabe"],"potions_floor_usage":[10,13,16,16,31,31,33,37],"damage_taken":[{"damage":1,"enemies":"Cultist","floor":1,"turns":3},{"damage":0,"enemies":"2 Louse","floor":2,"turns":2},{"damage":0,"enemies":"Small Slimes","floor":4,"turns":2},{"damage":3,"enemies":"Lagavulin","floor":6,"turns":5},{"damage":4,"enemies":"Red Slaver","floor":10,"turns":4},{"damage":17,"enemies":"Exordium Thugs","floor":11,"turns":2},{"damage":6,"enemies":"Exordium Wildlife","floor":13,"turns":3},{"damage":21,"enemies":"3 Sentries","floor":14,"turns":6},{"damage":44,"enemies":"The Guardian","floor":16,"turns":9},{"damage":35,"enemies":"2 Thieves","floor":18,"turns":4},{"damage":5,"enemies":"Chosen","floor":20,"turns":3},{"damage":36,"enemies":"Book of Stabbing","floor":24,"turns":4},{"damage":46,"enemies":"3 Cultists","floor":29,"turns":5},{"damage":9,"enemies":"Gremlin Leader","floor":31,"turns":3},{"damage":29,"enemies":"Automaton","floor":33,"turns":6},{"damage":15,"enemies":"3 Darklings","floor":35,"turns":4},{"damage":35,"enemies":"Orb Walker","floor":36,"turns":4},{"damage":48,"enemies":"2 Orb Walkers","floor":37,"turns":3}],"seed_played":"1269411912889905097","potions_obtained":[{"floor":2,"key":"Block Potion"},{"floor":4,"key":"PowerPotion"},{"floor":11,"key":"Regen Potion"},{"floor":13,"key":"Poison Potion"},{"floor":24,"key":"Dexterity Potion"},{"floor":29,"key":"SteroidPotion"},{"floor":31,"key":"SteroidPotion"},{"floor":36,"key":"Weak Potion"}],"is_trial":false,"path_per_floor":["M","M","?","M","?","E","$","R","T","M","M","$","M","E","R","B",null,"M","?","M","$","?","R","E","R","T","R","$","M","T","E","R","B",null,"M","M","?"],"character_chosen":"DEFECT","items_purchased":[],"campfire_rested":4,"item_purchase_floors":[],"current_hp_per_floor":[67,67,60,60,60,57,57,57,57,53,36,36,39,25,45,1,68,47,47,49,49,49,49,13,33,33,53,53,14,14,14,35,15,72,66,40,0],"gold":419,"neow_bonus":"RANDOM_COLORLESS_2","is_prod":false,"is_daily":false,"chose_seed":false,"campfire_upgraded":2,"win_rate":0,"timestamp":1543098816,"path_taken":["M","?","?","M","?","E","$","R","T","M","M","$","?","E","R","BOSS","M","?","M","$","?","R","E","R","T","R","$","M","?","E","R","BOSS","M","M","?"],"build_version":"2018-11-15","purchased_purges":2,"victory":false,"max_hp_per_floor":[68,68,68,68,68,68,68,68,68,68,68,68,68,68,68,68,68,68,68,68,68,68,68,68,68,68,68,68,68,68,70,70,72,72,74,76,76],"card_choices":[{"not_picked":["Darkness","Doom and Gloom"],"picked":"Beam Cell","floor":1},{"not_picked":["Fusion","Turbo","Skim"],"picked":"SKIP","floor":2},{"not_picked":["BootSequence","Leap"],"picked":"Gash","floor":4},{"not_picked":["Consume","Stack","Ball Lightning"],"picked":"SKIP","floor":6},{"not_picked":["Coolheaded","Rip and Tear"],"picked":"Gash","floor":10},{"not_picked":["Defragment","Aggregate","Redo"],"picked":"SKIP","floor":11},{"not_picked":["Redo","Chaos"],"picked":"Self Repair","floor":13},{"not_picked":["Barrage","Scrape"],"picked":"Echo Form","floor":14},{"not_picked":[],"picked":"Lockon","floor":18},{"not_picked":["Cold Snap"],"picked":"SKIP","floor":20},{"not_picked":["Leap"],"picked":"SKIP","floor":24},{"not_picked":["FTL"],"picked":"SKIP","floor":29},{"not_picked":["Ball Lightning"],"picked":"Singing Bowl","floor":31},{"not_picked":["Electrodynamics"],"picked":"Singing Bowl","floor":33},{"not_picked":["Beam Cell"],"picked":"Singing Bowl","floor":35},{"not_picked":["Double Energy"],"picked":"Singing Bowl","floor":36}],"player_experience":573627,"relics_obtained":[{"floor":6,"key":"Happy Flower"},{"floor":9,"key":"Ancient Tea Set"},{"floor":14,"key":"Whetstone"},{"floor":24,"key":"PreservedInsect"},{"floor":26,"key":"Ornamental Fan"},{"floor":30,"key":"MawBank"},{"floor":31,"key":"Singing Bowl"}],"event_choices":[{"cards_removed":["Strike_B"],"damage_healed":0,"gold_gain":0,"player_choice":"Card Removal","damage_taken":7,"max_hp_gain":0,"max_hp_loss":0,"event_name":"Golden Wing","floor":3,"gold_loss":0},{"cards_removed":["Strike_B"],"damage_healed":0,"gold_gain":0,"player_choice":"Offered Basic","damage_taken":0,"max_hp_gain":0,"max_hp_loss":0,"event_name":"Bonfire Elementals","floor":5,"gold_loss":0},{"cards_removed":["Lockon"],"damage_healed":0,"gold_gain":0,"player_choice":"Gave Gold","damage_taken":0,"max_hp_gain":0,"max_hp_loss":0,"event_name":"Beggar","floor":19,"gold_loss":75},{"damage_healed":0,"gold_gain":0,"player_choice":"Ignored","damage_taken":0,"max_hp_gain":0,"max_hp_loss":0,"event_name":"Vampires","floor":22,"gold_loss":0},{"damage_healed":0,"gold_gain":0,"player_choice":"Fight","damage_taken":0,"max_hp_gain":0,"max_hp_loss":0,"event_name":"Mysterious Sphere","floor":37,"gold_loss":0}],"is_beta":true,"boss_relics":[{"not_picked":["Ectoplasm","FrozenCore"],"picked":"Busted Crown"},{"not_picked":["Runic Dome","Cursed Key"],"picked":"Astrolabe"}],"items_purged_floors":[7,12],"is_endless":false,"potions_floor_spawned":[2,4,11,13,24,29,31,36],"killed_by":"2 Orb Walkers","ascension_level":1}