{"gold_per_floor":[115,133,133,133,18,18,51,67,91,109,127,145,145],"floor_reached":13,"playtime":454,"items_purged":[],"score":140,"play_id":"11f73e06-ba5e-4ad8-b7e9-8ce19856cb39","local_time":"20190209015757","is_ascension_mode":true,"campfire_choices":[{"data":"Catalyst","floor":6,"key":"SMITH"}],"neow_cost":"NONE","seed_source_timestamp":1733812742708300,"circlet_count":0,"master_deck":["Defend_G","Defend_G","Defend_G","Defend_G","Defend_G","Strike_G","Strike_G","Strike_G+1","Survivor","Neutralize+1","Catalyst+1","Deadly Poison","Catalyst","Backflip","Dash"],"relics":["Ring of the Snake","NeowsBlessing","Anchor","Whetstone"],"potions_floor_usage":[12,13,13],"damage_taken":[{"damage":0,"enemies":"Jaw Worm","floor":1,"turns":1},{"damage":0,"enemies":"2 Louse","floor":2,"turns":1},{"damage":0,"enemies":"Gremlin Nob","floor":7,"turns":1},{"damage":1,"enemies":"Cultist","floor":8,"turns":3},{"damage":22,"enemies":"Lots of Slimes","floor":10,"turns":6},{"damage":23,"enemies":"Exordium Thugs","floor":11,"turns":8},{"damage":13,"enemies":"Exordium Wildlife","floor":12,"turns":7},{"damage":4,"enemies":"Lagavulin","floor":13,"turns":4}],"seed_played":"5321597385051376705","potions_obtained":[{"floor":1,"key":"EssenceOfSteel"},{"floor":7,"key":"Weak Potion"},{"floor":10,"key":"Dexterity Potion"},{"floor":11,"key":"SkillPotion"}],"is_trial":false,"path_per_floor":["M","M","?","?","$","R","E","M","T","M","M","M","E"],"character_chosen":"THE_SILENT","items_purchased":["Catalyst","Deadly Poison"],"campfire_rested":0,"item_purchase_floors":[5,5],"current_hp_per_floor":[70,70,63,63,63,63,63,62,62,40,17,4,0],"gold":145,"neow_bonus":"THREE_ENEMY_KILL","is_prod":false,"is_daily":false,"chose_seed":false,"campfire_upgraded":1,"win_rate":0,"timestamp":1549673877,"path_taken":["M","M","?","?","$","R","E","M","T","?","M","M","E"],"build_version":"2019-01-23","purchased_purges":0,"victory":false,"max_hp_per_floor":[70,70,70,70,70,70,70,70,70,70,70,70,70],"card_choices":[{"not_picked":["Distraction","Blade Dance","Bane"],"picked":"SKIP","floor":1},{"not_picked":["Underhanded Strike","Cloak And Dagger","Prepared"],"picked":"SKIP","floor":2},{"not_picked":["Terror","Masterful Stab"],"picked":"Catalyst","floor":7},{"not_picked":["Finisher","Bane"],"picked":"Backflip","floor":8},{"not_picked":["Backstab","Dodge and Roll","Sucker Punch"],"picked":"SKIP","floor":10},{"not_picked":["Slice","Sucker Punch"],"picked":"Dash","floor":11},{"not_picked":["Predator","Cloak And Dagger","Quick Slash"],"picked":"SKIP","floor":12}],"player_experience":862736,"relics_obtained":[{"floor":7,"key":"Anchor"},{"floor":9,"key":"Whetstone"}],"event_choices":[{"cards_removed":["Strike_G"],"damage_healed":0,"gold_gain":0,"player_choice":"Card Removal","damage_taken":7,"max_hp_gain":0,"max_hp_loss":0,"event_name":"Golden Wing","floor":3,"gold_loss":0},{"cards_removed":["Strike_G"],"damage_healed":0,"gold_gain":0,"player_choice":"Purged","damage_taken":0,"max_hp_gain":0,"max_hp_loss":0,"event_name":"Purifier","floor":4,"gold_loss":0}],"is_beta":false,"boss_relics":[],"items_purged_floors":[],"is_endless":false,"potions_floor_spawned":[1,7,10,11],"killed_by":"Lagavulin","ascension_level":5}