{"gold_per_floor":[112,131,131,81,6,6,23,23,23,23,23,52,66,82,82,182,182,151,151,76,95,114,114,114],"floor_reached":24,"playtime":1508,"items_purged":["Strike_G"],"score":299,"play_id":"c646532c-45a3-45d3-89a6-e2637fe5d011","local_time":"20190206190521","is_ascension_mode":true,"campfire_choices":[{"data":"Neutralize","floor":6,"key":"SMITH"},{"data":"Sucker Punch","floor":8,"key":"SMITH"},{"data":"Backflip","floor":10,"key":"SMITH"},{"floor":15,"key":"REST"},{"floor":23,"key":"REST"}],"neow_cost":"PERCENT_DAMAGE","seed_source_timestamp":1049441113142208,"circlet_count":0,"master_deck":["Defend_G","Defend_G","Defend_G","Strike_G","Survivor","Neutralize+1","Backflip+1","Underhanded Strike","Sucker Punch+1","PiercingWail","Envenom","Prepared","Infinite Blades+1"],"relics":["Ring of the Snake","Mango","Mercury Hourglass","Omamori","Empty Cage"],"potions_floor_usage":[22],"damage_taken":[{"damage":0,"enemies":"Jaw Worm","floor":1,"turns":4},{"damage":3,"enemies":"Small Slimes","floor":2,"turns":6},{"damage":2,"enemies":"Cultist","floor":7,"turns":5},{"damage":18,"enemies":"Gremlin Nob","floor":12,"turns":5},{"damage":0,"enemies":"2 Fungi Beasts","floor":13,"turns":3},{"damage":0,"enemies":"3 Louse","floor":14,"turns":3},{"damage":40,"enemies":"Slime Boss","floor":16,"turns":15},{"damage":18,"enemies":"2 Thieves","floor":18,"turns":5},{"damage":27,"enemies":"Colosseum Slavers","floor":19,"turns":7},{"damage":16,"enemies":"Spheric Guardian","floor":21,"turns":5},{"damage":7,"enemies":"3 Cultists","floor":22,"turns":6},{"damage":40,"enemies":"Slavers","floor":24,"turns":3}],"seed_played":"8753076932693964555","potions_obtained":[{"floor":7,"key":"EssenceOfSteel"},{"floor":21,"key":"SpeedPotion"}],"is_trial":false,"path_per_floor":["M","M","?","?","$","R","M","R","T","R","?","E","M","M","R","B",null,"M","?","?","M","M","R","E"],"character_chosen":"THE_SILENT","items_purchased":[],"campfire_rested":2,"item_purchase_floors":[],"current_hp_per_floor":[59,56,56,56,56,56,54,54,54,54,59,41,41,41,67,27,74,56,29,29,13,6,32,0],"gold":114,"neow_bonus":"ONE_RARE_RELIC","is_prod":false,"is_daily":false,"chose_seed":false,"campfire_upgraded":3,"win_rate":0,"timestamp":1549476321,"path_taken":["M","M","?","?","$","R","M","R","T","R","?","E","?","M","R","BOSS","M","?","?","M","M","R","E"],"build_version":"2019-01-23","purchased_purges":1,"victory":false,"max_hp_per_floor":[84,84,84,84,84,84,84,84,84,84,89,89,89,89,89,89,89,89,89,89,89,89,89,89],"card_choices":[{"not_picked":["Cloak And Dagger","Underhanded Strike"],"picked":"Backflip","floor":1},{"not_picked":["Endless Agony","Bane","Dodge and Roll"],"picked":"SKIP","floor":2},{"not_picked":["Dodge and Roll","Blade Dance"],"picked":"Sucker Punch","floor":7},{"not_picked":["Phantasmal Killer","Setup","Poisoned Stab"],"picked":"SKIP","floor":12},{"not_picked":["Bane","Outmaneuver"],"picked":"PiercingWail","floor":13},{"not_picked":["Concentrate","Bane","Deflect"],"picked":"SKIP","floor":14},{"not_picked":["Burst","Glass Knife"],"picked":"Envenom","floor":16},{"not_picked":["Poisoned Stab","Slice"],"picked":"Prepared","floor":18},{"not_picked":["Tactician","Cloak And Dagger"],"picked":"Infinite Blades+1","floor":21},{"not_picked":["Expertise+1","Bane","Flying Knee"],"picked":"SKIP","floor":22}],"player_experience":257224,"relics_obtained":[{"floor":9,"key":"Mercury Hourglass"},{"floor":12,"key":"Omamori"}],"event_choices":[{"damage_healed":0,"gold_gain":0,"cards_transformed":["Strike_G"],"player_choice":"Change","damage_taken":0,"max_hp_gain":0,"max_hp_loss":0,"event_name":"Living Wall","floor":3,"gold_loss":0,"cards_obtained":["Underhanded Strike"]},{"cards_removed":["Defend_G"],"damage_healed":0,"gold_gain":0,"player_choice":"Card Removal","damage_taken":0,"max_hp_gain":0,"max_hp_loss":0,"event_name":"The Cleric","floor":4,"gold_loss":50},{"damage_healed":0,"gold_gain":0,"player_choice":"Donut","damage_taken":0,"max_hp_gain":5,"max_hp_loss":0,"event_name":"Big Fish","floor":11,"gold_loss":0},{"damage_healed":0,"gold_gain":0,"player_choice":"Fight","damage_taken":0,"max_hp_gain":0,"max_hp_loss":0,"event_name":"Colosseum","floor":19,"gold_loss":0},{"damage_healed":0,"gold_gain":0,"player_choice":"Fled From Nobs","damage_taken":0,"max_hp_gain":0,"max_hp_loss":0,"event_name":"Colosseum","floor":19,"gold_loss":0},{"cards_removed":["Strike_G"],"damage_healed":0,"gold_gain":0,"player_choice":"Gave Gold","damage_taken":0,"max_hp_gain":0,"max_hp_loss":0,"event_name":"Beggar","floor":20,"gold_loss":75}],"is_beta":false,"boss_relics":[{"not_picked":["Fusion Hammer","Snecko Eye"],"picked":"Empty Cage"}],"items_purged_floors":[5],"is_endless":false,"potions_floor_spawned":[7,21],"killed_by":"Slavers","ascension_level":8}