{"gold_per_floor":[111,121,134,134,134,134,150,176,176,201,215,215,226,239,239,342,342,356,356,375,375,375,404,420,420,466,497,497],"floor_reached":28,"playtime":1625,"items_purged":[],"score":270,"play_id":"48a7a51a-71ab-4e5b-a32c-b78cdb38ba58","local_time":"20190211151639","is_ascension_mode":false,"campfire_choices":[{"data":"Neutralize","floor":6,"key":"SMITH"},{"data":"Footwork","floor":12,"key":"SMITH"},{"data":"Dash","floor":15,"key":"SMITH"}],"neow_cost":"NONE","seed_source_timestamp":13466579990830,"circlet_count":0,"master_deck":["Defend_G+1","Defend_G","Defend_G","Defend_G","Defend_G","Strike_G+1","Strike_G","Survivor","Neutralize+1","Dash+1","Blade Dance","Footwork+1","Slice","Bullet Time","Deflect","Choke+1","Dodge and Roll","Wraith Form v2","Underhanded Strike+1","Die Die Die+1","Doppelganger+1","Leg Sweep+1","Writhe","Dodge and Roll","Backflip+1","Wraith Form v2"],"relics":["Ring of the Snake","Bronze Scales","Paper Crane","Molten Egg 2","Astrolabe","Nilry\u0027s Codex","Smiling Mask","Lantern","Blood Vial","Meat on the Bone"],"potions_floor_usage":[8,16,18,18,20],"damage_taken":[{"damage":0,"enemies":"2 Louse","floor":1,"turns":3},{"damage":0,"enemies":"Jaw Worm","floor":2,"turns":3},{"damage":0,"enemies":"Cultist","floor":3,"turns":4},{"damage":0,"enemies":"3 Louse","floor":7,"turns":3},{"damage":13,"enemies":"Lagavulin","floor":8,"turns":7},{"damage":8,"enemies":"3 Sentries","floor":10,"turns":8},{"damage":7,"enemies":"Large Slime","floor":11,"turns":6},{"damage":1,"enemies":"Gremlin Gang","floor":13,"turns":6},{"damage":0,"enemies":"2 Fungi Beasts","floor":14,"turns":2},{"damage":6,"enemies":"The Guardian","floor":16,"turns":14},{"damage":0,"enemies":"Spheric Guardian","floor":18,"turns":3},{"damage":0,"enemies":"3 Byrds","floor":20,"turns":2},{"damage":16,"enemies":"Slavers","floor":23,"turns":7},{"damage":0,"enemies":"Snecko","floor":24,"turns":9},{"damage":26,"enemies":"Book of Stabbing","floor":27,"turns":10},{"damage":0,"enemies":"Snake Plant","floor":28,"turns":1}],"seed_played":"-4958232327152045958","potions_obtained":[{"floor":1,"key":"LiquidBronze"},{"floor":2,"key":"EssenceOfSteel"},{"floor":3,"key":"Energy Potion"},{"floor":13,"key":"Block Potion"},{"floor":18,"key":"Fruit Juice"}],"is_trial":false,"path_per_floor":["M","M","M","?","?","R","M","E","T","E","M","R","M","M","R","B",null,"M","?","M","?","?","E","M","?","T","E","M"],"character_chosen":"THE_SILENT","items_purchased":[],"campfire_rested":0,"item_purchase_floors":[],"current_hp_per_floor":[70,70,70,56,56,56,56,43,43,35,28,28,27,27,27,21,70,75,75,75,59,59,43,43,43,43,19,21],"gold":497,"neow_bonus":"RANDOM_COMMON_RELIC","is_prod":false,"is_daily":false,"chose_seed":false,"campfire_upgraded":3,"win_rate":0,"timestamp":1549894599,"path_taken":["M","M","M","?","?","R","M","E","T","E","?","R","M","M","R","BOSS","M","?","?","?","?","E","M","?","T","E","M"],"build_version":"2019-01-23","purchased_purges":0,"victory":false,"max_hp_per_floor":[70,70,70,70,70,70,70,70,70,70,70,70,70,70,70,70,70,75,75,75,75,75,75,75,75,75,75,75],"card_choices":[{"not_picked":["Caltrops","Slice"],"picked":"Dash","floor":1},{"not_picked":["Reflex","Backflip"],"picked":"Blade Dance","floor":2},{"not_picked":["Sucker Punch","Bane"],"picked":"Footwork","floor":3},{"not_picked":["Acrobatics","Sucker Punch"],"picked":"Slice","floor":7},{"not_picked":["Acrobatics","Unload","Blade Dance"],"picked":"SKIP","floor":8},{"not_picked":["Prepared","Slice"],"picked":"Bullet Time","floor":10},{"not_picked":["Sucker Punch+1","Endless Agony+1"],"picked":"Deflect","floor":11},{"not_picked":["Quick Slash+1","PiercingWail"],"picked":"Choke+1","floor":13},{"not_picked":["Blade Dance","Sucker Punch+1"],"picked":"Dodge and Roll","floor":14},{"not_picked":["Night Terror","Envenom"],"picked":"Wraith Form v2","floor":16},{"not_picked":["Sucker Punch+1","PiercingWail"],"picked":"Leg Sweep+1","floor":18},{"not_picked":["Blur","Sucker Punch+1","Flying Knee+1"],"picked":"SKIP","floor":20},{"not_picked":["Acrobatics","Deflect"],"picked":"Dodge and Roll","floor":23},{"not_picked":["Deadly Poison","Cloak And Dagger+1"],"picked":"Backflip+1","floor":24},{"not_picked":["Riddle With Holes+1","Outmaneuver","Blur+1"],"picked":"SKIP","floor":27}],"player_experience":125530,"relics_obtained":[{"floor":9,"key":"Paper Crane"},{"floor":10,"key":"Molten Egg 2"},{"floor":21,"key":"Nilry\u0027s Codex"},{"floor":23,"key":"Lantern"},{"floor":26,"key":"Blood Vial"},{"floor":27,"key":"Meat on the Bone"}],"event_choices":[{"damage_healed":0,"gold_gain":0,"player_choice":"Entered Light","damage_taken":14,"max_hp_gain":0,"max_hp_loss":0,"event_name":"Shining Light","floor":4,"gold_loss":0,"cards_upgraded":["Strike_G","Defend_G"]},{"damage_healed":0,"gold_gain":0,"player_choice":"Ignored","damage_taken":0,"max_hp_gain":0,"max_hp_loss":0,"event_name":"Liars Game","floor":5,"gold_loss":0},{"damage_healed":0,"gold_gain":0,"player_choice":"Ignored","damage_taken":0,"max_hp_gain":0,"max_hp_loss":0,"event_name":"NoteForYourself","floor":19,"gold_loss":0},{"damage_healed":0,"gold_gain":0,"player_choice":"Obtained Book","damage_taken":16,"max_hp_gain":0,"max_hp_loss":0,"event_name":"Cursed Tome","floor":21,"gold_loss":0},{"damage_healed":0,"gold_gain":0,"player_choice":"Opened","damage_taken":0,"relics_obtained":["Smiling Mask"],"max_hp_gain":0,"max_hp_loss":0,"event_name":"The Mausoleum","floor":22,"gold_loss":0,"cards_obtained":["Writhe"]},{"damage_healed":0,"gold_gain":0,"player_choice":"Copied","damage_taken":0,"max_hp_gain":0,"max_hp_loss":0,"event_name":"Duplicator","floor":25,"gold_loss":0,"cards_obtained":["Wraith Form v2"]}],"is_beta":false,"boss_relics":[{"not_picked":["Runic Dome","Tiny House"],"picked":"Astrolabe"}],"items_purged_floors":[],"is_endless":false,"potions_floor_spawned":[1,2,3,7,13,18],"killed_by":"Snake Plant","ascension_level":0}