{"gold_per_floor":[111,111,111,36,52,64,64,64,64,83,83,83,98,114,114,211,211,221,221,166,66,76,103,103,103,103,118,150,150,150,166,166,166],"floor_reached":33,"playtime":2258,"items_purged":["Defend_R","Strike_R"],"score":289,"play_id":"1526b575-1e72-4b78-8d64-57cbc76cda08","local_time":"20190124164321","is_ascension_mode":true,"campfire_choices":[{"data":"Shrug It Off","floor":15,"key":"SMITH"},{"floor":25,"key":"REST"},{"floor":29,"key":"REST"},{"floor":32,"key":"REST"}],"neow_cost":"TEN_PERCENT_HP_LOSS","seed_source_timestamp":10548072502191,"circlet_count":0,"master_deck":["Strike_R","Strike_R+1","Defend_R","Defend_R+1","Bash+1","Reaper","Power Through","Shrug It Off+1","Dropkick","Combust"],"relics":["Burning Blood","Darkstone Periapt","Self Forming Clay","Busted Crown","Tiny Chest","Juzu Bracelet","Anchor","Prayer Wheel","Potion Belt"],"potions_floor_usage":[23,23],"damage_taken":[{"damage":2,"enemies":"2 Louse","floor":1,"turns":3},{"damage":0,"enemies":"Small Slimes","floor":5,"turns":4},{"damage":1,"enemies":"Cultist","floor":6,"turns":4},{"damage":8,"enemies":"3 Louse","floor":10,"turns":4},{"damage":4,"enemies":"Blue Slaver","floor":13,"turns":5},{"damage":3,"enemies":"2 Fungi Beasts","floor":14,"turns":3},{"damage":60,"enemies":"Slime Boss","floor":16,"turns":14},{"damage":21,"enemies":"Spheric Guardian","floor":18,"turns":6},{"damage":9,"enemies":"3 Byrds","floor":22,"turns":4},{"damage":26,"enemies":"Book of Stabbing","floor":23,"turns":6},{"damage":12,"enemies":"Cultist and Chosen","floor":27,"turns":6},{"damage":58,"enemies":"Gremlin Leader","floor":28,"turns":7},{"damage":9,"enemies":"Shelled Parasite and Fungi","floor":31,"turns":6},{"damage":15,"enemies":"Collector","floor":33,"turns":4}],"seed_played":"-3454958202978784736","potions_obtained":[{"floor":10,"key":"AttackPotion"},{"floor":16,"key":"Strength Potion"},{"floor":18,"key":"Explosive Potion"}],"is_trial":false,"path_per_floor":["M","?","?","$","M","M","?","$","T","M","?","T","M","M","R","B",null,"M","$","?","$","M","E","?","R","T","M","E","R","T","M","R","B"],"character_chosen":"IRONCLAD","items_purchased":[],"campfire_rested":3,"item_purchase_floors":[],"current_hp_per_floor":[72,72,65,65,71,72,72,72,72,70,56,56,64,72,72,27,72,57,57,57,57,58,38,38,59,59,59,13,34,34,37,58,55],"gold":166,"neow_bonus":"TRANSFORM_TWO_CARDS","is_prod":false,"is_daily":false,"chose_seed":false,"campfire_upgraded":1,"win_rate":0,"timestamp":1548315801,"path_taken":["M","?","?","$","M","M","?","$","T","?","?","?","M","M","R","BOSS","M","$","?","$","M","E","?","R","T","M","E","R","?","M","R","BOSS"],"build_version":"2019-01-23","purchased_purges":2,"victory":false,"max_hp_per_floor":[72,72,72,72,72,72,72,72,72,72,72,72,72,72,72,72,72,72,72,72,72,72,72,72,72,72,72,72,72,72,72,72,72],"card_choices":[{"not_picked":["Heavy Blade","Evolve","Clash"],"picked":"SKIP","floor":1},{"not_picked":["Rage","Sever Soul"],"picked":"Shrug It Off","floor":5},{"not_picked":["Wild Strike","Iron Wave"],"picked":"Dropkick","floor":6},{"not_picked":["Sword Boomerang","Perfected Strike","Rage"],"picked":"SKIP","floor":10},{"not_picked":["True Grit","Perfected Strike"],"picked":"Combust","floor":13},{"not_picked":["Cleave","Armaments","Havoc"],"picked":"SKIP","floor":14},{"not_picked":["Clash"],"picked":"SKIP","floor":18},{"not_picked":["Thunderclap"],"picked":"SKIP","floor":22},{"not_picked":["Clash"],"picked":"SKIP","floor":23},{"not_picked":["Metallicize"],"picked":"SKIP","floor":27},{"not_picked":["Sentinel"],"picked":"SKIP","floor":28},{"not_picked":["Anger"],"picked":"SKIP","floor":31},{"not_picked":["Anger"],"picked":"SKIP","floor":31}],"player_experience":85683,"relics_obtained":[{"floor":9,"key":"Darkstone Periapt"},{"floor":12,"key":"Self Forming Clay"},{"floor":23,"key":"Juzu Bracelet"},{"floor":26,"key":"Anchor"},{"floor":28,"key":"Prayer Wheel"},{"floor":30,"key":"Potion Belt"}],"event_choices":[{"damage_healed":0,"gold_gain":0,"player_choice":"Ignored","damage_taken":0,"max_hp_gain":0,"max_hp_loss":0,"event_name":"Liars Game","floor":2,"gold_loss":0},{"cards_removed":["Strike_R"],"damage_healed":0,"gold_gain":0,"player_choice":"Card Removal","damage_taken":7,"max_hp_gain":0,"max_hp_loss":0,"event_name":"Golden Wing","floor":3,"gold_loss":0},{"damage_healed":0,"gold_gain":0,"player_choice":"Upgraded","damage_taken":0,"max_hp_gain":0,"max_hp_loss":0,"event_name":"Upgrade Shrine","floor":7,"gold_loss":0,"cards_upgraded":["Bash"]},{"damage_healed":0,"gold_gain":0,"player_choice":"Entered Light","damage_taken":14,"max_hp_gain":0,"max_hp_loss":0,"event_name":"Shining Light","floor":11,"gold_loss":0,"cards_upgraded":["Defend_R","Strike_R"]},{"damage_healed":0,"gold_gain":0,"player_choice":"Obtained Relic","damage_taken":0,"relics_obtained":["Tiny Chest"],"max_hp_gain":0,"max_hp_loss":0,"event_name":"Addict","floor":20,"gold_loss":85},{"damage_healed":0,"gold_gain":0,"player_choice":"Ignored","damage_taken":0,"max_hp_gain":0,"max_hp_loss":0,"event_name":"Ghosts","floor":24,"gold_loss":0}],"is_beta":false,"boss_relics":[{"not_picked":["Orrery","Philosopher\u0027s Stone"],"picked":"Busted Crown"}],"items_purged_floors":[4,21],"is_endless":false,"potions_floor_spawned":[10,16,18,22],"killed_by":"Collector","ascension_level":1}