{"gold_per_floor":[116,116,135,155,155,155,194,213,213,138,153,153,103,121,121,121],"floor_reached":16,"playtime":1145,"items_purged":["Strike_B"],"score":117,"play_id":"1236cdea-4c4b-4dfd-b246-144029a91d22","local_time":"20190209134736","is_ascension_mode":true,"campfire_choices":[{"floor":6,"key":"REST"},{"floor":12,"key":"REST"},{"floor":15,"key":"REST"}],"neow_cost":"NONE","seed_source_timestamp":490873845479373,"circlet_count":0,"master_deck":["Strike_B","Defend_B","Defend_B","Defend_B","Defend_B","Zap","Dualcast","Meteor Strike","Leap","Turbo","Melter","Steam"],"relics":["Cracked Core","Golden Idol","Ornamental Fan"],"potions_floor_usage":[7,16],"damage_taken":[{"damage":5,"enemies":"2 Louse","floor":1,"turns":3},{"damage":4,"enemies":"Small Slimes","floor":3,"turns":3},{"damage":0,"enemies":"Jaw Worm","floor":4,"turns":3},{"damage":22,"enemies":"Lagavulin","floor":7,"turns":6},{"damage":11,"enemies":"Looter","floor":8,"turns":3},{"damage":4,"enemies":"Exordium Wildlife","floor":11,"turns":4},{"damage":0,"enemies":"2 Fungi Beasts","floor":14,"turns":3},{"damage":82,"enemies":"Hexaghost","floor":16,"turns":14}],"seed_played":"2785539785028868062","potions_obtained":[{"floor":1,"key":"AttackPotion"},{"floor":11,"key":"GamblersBrew"}],"is_trial":false,"path_per_floor":["M","?","M","M","?","R","E","M","T","$","M","R","?","M","R","B"],"character_chosen":"DEFECT","items_purchased":[],"campfire_rested":3,"item_purchase_floors":[],"current_hp_per_floor":[70,70,66,66,48,70,48,37,37,37,33,55,55,55,75,0],"gold":121,"neow_bonus":"ONE_RANDOM_RARE_CARD","is_prod":false,"is_daily":false,"chose_seed":false,"campfire_upgraded":0,"win_rate":0,"timestamp":1549716456,"path_taken":["M","?","M","M","?","R","E","M","T","$","M","R","?","M","R","BOSS"],"build_version":"2019-01-23","purchased_purges":1,"victory":false,"max_hp_per_floor":[75,75,75,75,75,75,75,75,75,75,75,75,75,75,75,75],"card_choices":[{"not_picked":["Chaos","Conserve Battery"],"picked":"Leap","floor":1},{"not_picked":["Blizzard","Stack","Loop"],"picked":"SKIP","floor":3},{"not_picked":["Melter","Leap"],"picked":"Turbo","floor":4},{"not_picked":["Sweeping Beam","Go for the Eyes","Hello World"],"picked":"SKIP","floor":7},{"not_picked":["Reprogram","Compile Driver"],"picked":"Melter","floor":8},{"not_picked":["Streamline","Conserve Battery"],"picked":"Steam","floor":11},{"not_picked":["Storm","Hologram","Electrodynamics"],"picked":"SKIP","floor":14}],"player_experience":313007,"relics_obtained":[{"floor":7,"key":"Ornamental Fan"}],"event_choices":[{"cards_removed":["Strike_B"],"damage_healed":0,"gold_gain":0,"player_choice":"Forget","damage_taken":0,"max_hp_gain":0,"max_hp_loss":0,"event_name":"Living Wall","floor":2,"gold_loss":0},{"damage_healed":0,"gold_gain":0,"player_choice":"Take Damage","damage_taken":18,"relics_obtained":["Golden Idol"],"max_hp_gain":0,"max_hp_loss":0,"event_name":"Golden Idol","floor":5,"gold_loss":0},{"cards_removed":["Strike_B"],"damage_healed":0,"gold_gain":0,"player_choice":"Card Removal","damage_taken":0,"max_hp_gain":0,"max_hp_loss":0,"event_name":"The Cleric","floor":13,"gold_loss":50}],"is_beta":false,"boss_relics":[],"items_purged_floors":[10],"is_endless":false,"potions_floor_spawned":[1,11],"killed_by":"Hexaghost","ascension_level":3}