{"gold_per_floor":[112,37,47,122,122,156,174,174,174,174,205,205,237,237,237,237],"floor_reached":16,"playtime":370,"items_purged":["Strike_R"],"score":176,"play_id":"37d2dcad-6b9d-49fa-b5bf-fc61c991b0a2","local_time":"20190105235738","is_ascension_mode":true,"campfire_choices":[{"data":"Spot Weakness","floor":8,"key":"SMITH"},{"data":"1","floor":12,"key":"LIFT"},{"floor":15,"key":"REST"}],"neow_cost":"NONE","seed_source_timestamp":338293968198500,"circlet_count":0,"master_deck":["Strike_R","Strike_R","Strike_R","Defend_R","Defend_R+1","Defend_R","Bash","Spot Weakness+1","Intimidate","Offering+1","Flame Barrier"],"relics":["Burning Blood","NeowsBlessing","Gambling Chip","Girya","Oddly Smooth Stone","Letter Opener"],"potions_floor_usage":[11,11,16],"damage_taken":[{"damage":0,"enemies":"Small Slimes","floor":1,"turns":1},{"damage":0,"enemies":"2 Louse","floor":3,"turns":1},{"damage":0,"enemies":"Gremlin Nob","floor":6,"turns":1},{"damage":0,"enemies":"Cultist","floor":7,"turns":4},{"damage":32,"enemies":"Lagavulin","floor":11,"turns":6},{"damage":18,"enemies":"3 Sentries","floor":13,"turns":6},{"damage":47,"enemies":"Slime Boss","floor":16,"turns":8}],"seed_played":"-9207799409640401595","potions_obtained":[{"floor":1,"key":"Explosive Potion"},{"floor":7,"key":"Fire Potion"},{"floor":11,"key":"FearPotion"},{"floor":13,"key":"EssenceOfSteel"}],"is_trial":false,"path_per_floor":["M","$","M","?","?","E","M","R","T","?","E","R","E","?","R","B"],"character_chosen":"IRONCLAD","items_purchased":[],"campfire_rested":1,"item_purchase_floors":[],"current_hp_per_floor":[80,80,80,69,69,75,80,80,80,73,47,47,35,19,43,0],"gold":237,"neow_bonus":"THREE_ENEMY_KILL","is_prod":false,"is_daily":false,"chose_seed":false,"campfire_upgraded":1,"win_rate":0,"timestamp":1546729058,"path_taken":["M","$","M","?","?","E","?","R","T","?","E","R","E","?","R","BOSS"],"build_version":"2019-01-03v4","purchased_purges":1,"victory":false,"max_hp_per_floor":[80,80,80,80,80,80,80,80,80,80,80,80,80,80,80,80],"card_choices":[{"not_picked":["Combust","Thunderclap","Havoc"],"picked":"SKIP","floor":1},{"not_picked":["Armaments","Clothesline"],"picked":"Spot Weakness","floor":3},{"not_picked":["Flex","Pommel Strike"],"picked":"Intimidate","floor":6},{"not_picked":["Havoc","Feel No Pain","Wild Strike"],"picked":"SKIP","floor":7},{"not_picked":["Pommel Strike","Hemokinesis"],"picked":"Offering","floor":11},{"not_picked":["Iron Wave","Shrug It Off"],"picked":"Flame Barrier","floor":13}],"player_experience":835814,"relics_obtained":[{"floor":6,"key":"Gambling Chip"},{"floor":9,"key":"Girya"},{"floor":11,"key":"Oddly Smooth Stone"},{"floor":13,"key":"Letter Opener"}],"event_choices":[{"damage_healed":0,"gold_gain":75,"player_choice":"Gather Gold","damage_taken":11,"max_hp_gain":0,"max_hp_loss":0,"event_name":"World of Goop","floor":4,"gold_loss":0},{"cards_removed":["Defend_R"],"damage_healed":0,"gold_gain":0,"player_choice":"Card Removal","damage_taken":0,"max_hp_gain":0,"max_hp_loss":0,"event_name":"Wheel of Change","floor":5,"gold_loss":0},{"cards_removed":["Strike_R"],"damage_healed":0,"gold_gain":0,"player_choice":"Card Removal","damage_taken":7,"max_hp_gain":0,"max_hp_loss":0,"event_name":"Golden Wing","floor":10,"gold_loss":0},{"damage_healed":0,"gold_gain":0,"player_choice":"Entered Light","damage_taken":16,"max_hp_gain":0,"max_hp_loss":0,"event_name":"Shining Light","floor":14,"gold_loss":0,"cards_upgraded":["Offering","Defend_R"]}],"is_beta":false,"boss_relics":[],"items_purged_floors":[2],"is_endless":false,"potions_floor_spawned":[1,7,11,13],"killed_by":"Slime Boss","ascension_level":5}