{"gold_per_floor":[109,109,119,133,146,171,9,9,9,25,25,25,25,42,42,121,121,138,151,251,251,278,278,278,278,278,294,294,326,326,14,14,92,92,111,211,281,326,326,326,337,337,337,337,349,106,117,136,136,136,136],"floor_reached":52,"playtime":2285,"items_purged":["Strike_B+1","Zap"],"score":1811,"play_id":"c741eda2-1610-4c02-a3a2-b4afbbb9af1f","local_time":"20181124161820","is_ascension_mode":true,"campfire_choices":[{"data":"Darkness","floor":8.0,"key":"SMITH"},{"data":"Dualcast","floor":12.0,"key":"SMITH"},{"data":"Auto Shields","floor":15.0,"key":"SMITH"},{"data":"Multi-Cast","floor":23.0,"key":"SMITH"},{"floor":25.0,"key":"REST"},{"floor":28.0,"key":"REST"},{"data":"Reinforced Body","floor":30.0,"key":"SMITH"},{"floor":32.0,"key":"REST"},{"floor":40.0,"key":"REST"},{"floor":42,"key":"REST"},{"floor":44,"key":"REST"},{"floor":49,"key":"REST"}],"neow_cost":"NONE","seed_source_timestamp":942625363803656,"circlet_count":0,"master_deck":["AscendersBane","Strike_B+1","Defend_B+1","Defend_B+1","Defend_B+1","Defend_B+1","Dualcast+1","Sweeping Beam","Darkness+1","Auto Shields+1","Undo","Genetic Algorithm","Leap","Multi-Cast+1","Self Repair","Reinforced Body+1","Conserve Battery","Capacitor","Consume+1","Capacitor+1","Ball Lightning+1","Cold Snap+1","Panache","Parasite","Leap+1"],"special_seed":0,"relics":["Cracked Core","NeowsBlessing","Dead Branch","PreservedInsect","Pocketwatch","Nuclear Battery","Ice Cream","The Courier","Red Mask","Thread and Needle","WingedGreaves","Toolbox","Fusion Hammer","Incense Burner","Bottled Flame","StoneCalendar","Molten Egg 2"],"potions_floor_usage":[48,48,48,51],"damage_taken":[{"damage":0.0,"enemies":"Small Slimes","floor":1.0,"turns":1.0},{"damage":0.0,"enemies":"Cultist","floor":3.0,"turns":1.0},{"damage":0.0,"enemies":"2 Louse","floor":4.0,"turns":1.0},{"damage":3.0,"enemies":"Looter","floor":5.0,"turns":4.0},{"damage":22.0,"enemies":"3 Sentries","floor":6.0,"turns":9.0},{"damage":2.0,"enemies":"Blue Slaver","floor":10.0,"turns":4.0},{"damage":0.0,"enemies":"Large Slime","floor":14.0,"turns":6.0},{"damage":41.0,"enemies":"Hexaghost","floor":16.0,"turns":12.0},{"damage":5.0,"enemies":"Shell Parasite","floor":18.0,"turns":6.0},{"damage":0.0,"enemies":"Spheric Guardian","floor":19.0,"turns":3.0},{"damage":13.0,"enemies":"Colosseum Slavers","floor":20.0,"turns":3.0},{"damage":4.0,"enemies":"Colosseum Nobs","floor":20.0,"turns":3.0},{"damage":45.0,"enemies":"Masked Bandits","floor":22.0,"turns":4.0},{"damage":10.0,"enemies":"Shelled Parasite and Fungi","floor":27.0,"turns":8.0},{"damage":22.0,"enemies":"Gremlin Leader","floor":29.0,"turns":7.0},{"damage":66.0,"enemies":"Automaton","floor":33.0,"turns":10.0},{"damage":4.0,"enemies":"3 Darklings","floor":35.0,"turns":5.0},{"damage":24.0,"enemies":"Mind Bloom Boss Battle","floor":36.0,"turns":5.0},{"damage":52.0,"enemies":"2 Orb Walkers","floor":38.0,"turns":5.0},{"damage":0,"enemies":"Orb Walker","floor":41,"turns":4},{"damage":0,"enemies":"4 Shapes","floor":45,"turns":5},{"damage":16,"enemies":"Writhing Mass","floor":47,"turns":7},{"damage":18,"enemies":"3 Darklings","floor":48,"turns":6},{"damage":26,"enemies":"Donu and Deca","floor":50,"turns":11},{"damage":0,"enemies":"Time Eater","floor":51,"turns":11}],"seed_played":"5150080665297032309","potions_obtained":[{"floor":3.0,"key":"Poison Potion"},{"floor":10.0,"key":"Block Potion"},{"floor":14.0,"key":"Regen Potion"},{"floor":18.0,"key":"Explosive Potion"},{"floor":20.0,"key":"Ancient Potion"},{"floor":22.0,"key":"SteroidPotion"},{"floor":33.0,"key":"Regen Potion"},{"floor":36.0,"key":"Explosive Potion"},{"floor":38.0,"key":"Regen Potion"},{"floor":45,"key":"EntropicBrew"}],"is_trial":false,"path_per_floor":["M","?","M","M","M","E","$","R","T","M","?","R","?","M","R","B",null,"M","M","?","?","?","R","?","R","T","M","R","E","R","$","R","B",null,"M","?","T","?","?","R","M","R","T","R","M","$","M","M","R","B","B",null],"character_chosen":"DEFECT","items_purchased":["PreservedInsect","Toolbox","Capacitor","Panache"],"campfire_rested":7,"item_purchase_floors":[7,31,31,46],"current_hp_per_floor":[64,64,64,64,61,39,39,39,39,37,60,60,60,60,60,34,62,57,57,54,68,30,30,30,51,51,48,69,54,54,54,71,12,56,71,54,54,9,9,30,37,58,58,71,71,71,62,65,71,52,59],"gold":136,"neow_bonus":"THREE_ENEMY_KILL","is_prod":false,"is_daily":false,"chose_seed":false,"campfire_upgraded":5,"win_rate":0,"timestamp":1543094300,"path_taken":["M","?","M","?","?","E","$","R","T","M","?","R","?","M","R","BOSS","M","M","?","?","?","R","?","R","T","?","R","E","R","$","R","BOSS","M","?","?","?","?","R","M","R","T","R","M","$","?","?","R","BOSS","BOSS"],"build_version":"2018-11-15","purchased_purges":2,"victory":true,"max_hp_per_floor":[71,71,71,71,71,71,71,71,71,71,71,71,71,71,71,71,71,71,71,71,71,71,71,71,71,71,71,71,71,71,71,71,71,71,71,71,71,71,71,71,71,71,71,71,71,71,71,71,71,71,71],"card_choices":[{"not_picked":["Lockon","Coolheaded"],"picked":"Sweeping Beam","floor":1.0},{"not_picked":["Hologram","Redo"],"picked":"Darkness","floor":3.0},{"not_picked":["Self Repair","Coolheaded"],"picked":"Auto Shields","floor":4.0},{"not_picked":["Hologram","Go for the Eyes"],"picked":"Undo","floor":5.0},{"not_picked":["Hologram","Hello World"],"picked":"Genetic Algorithm","floor":6.0},{"not_picked":["Rebound","Beam Cell"],"picked":"Leap","floor":10.0},{"not_picked":["Cold Snap","Turbo","Leap"],"picked":"SKIP","floor":14.0},{"not_picked":["Biased Cognition","Meteor Strike"],"picked":"Multi-Cast","floor":16.0},{"not_picked":["Go for the Eyes","Beam Cell","Coolheaded"],"picked":"SKIP","floor":18.0},{"not_picked":["Leap+1","Compile Driver"],"picked":"Self Repair","floor":19.0},{"not_picked":["Blizzard","Streamline"],"picked":"Reinforced Body","floor":20.0},{"not_picked":["Sweeping Beam","Cold Snap"],"picked":"Conserve Battery","floor":27.0},{"not_picked":["Electrodynamics","Compile Driver","Undo"],"picked":"SKIP","floor":29.0},{"not_picked":["Steam","Turbo"],"picked":"Consume+1","floor":35.0},{"not_picked":["Fusion","Doom and Gloom"],"picked":"Capacitor+1","floor":36.0},{"not_picked":["Ball Lightning+1","Go for the Eyes","Streamline+1"],"picked":"SKIP","floor":41},{"not_picked":["Go for the Eyes","Streamline+1"],"picked":"Ball Lightning+1","floor":41},{"not_picked":["Consume","Scrape+1"],"picked":"Cold Snap+1","floor":45},{"not_picked":["Turbo","Cold Snap+1","Rebound+1"],"picked":"SKIP","floor":47},{"not_picked":["Hologram","Redo+1"],"picked":"Leap+1","floor":48}],"player_experience":568447,"relics_obtained":[{"floor":6.0,"key":"Dead Branch"},{"floor":9.0,"key":"Pocketwatch"},{"floor":20.0,"key":"Ice Cream"},{"floor":20.0,"key":"The Courier"},{"floor":22.0,"key":"Red Mask"},{"floor":26.0,"key":"Thread and Needle"},{"floor":29.0,"key":"WingedGreaves"},{"floor":36.0,"key":"Incense Burner"},{"floor":37.0,"key":"Bottled Flame"},{"floor":38.0,"key":"StoneCalendar"},{"floor":43,"key":"Molten Egg 2"}],"event_choices":[{"cards_removed":["Strike_B"],"damage_healed":0.0,"max_hp_gain":0.0,"max_hp_loss":0.0,"gold_gain":0.0,"event_name":"Purifier","player_choice":"Purged","floor":2.0,"gold_loss":0.0,"damage_taken":0.0},{"damage_healed":23.0,"max_hp_gain":0.0,"max_hp_loss":0.0,"gold_gain":0.0,"event_name":"Big Fish","player_choice":"Banana","floor":11.0,"gold_loss":0.0,"damage_taken":0.0},{"damage_healed":0.0,"max_hp_gain":0.0,"max_hp_loss":0.0,"gold_gain":0.0,"event_name":"Liars Game","player_choice":"Ignored","floor":13.0,"gold_loss":0.0,"damage_taken":0.0},{"damage_healed":0.0,"max_hp_gain":0.0,"max_hp_loss":0.0,"gold_gain":0.0,"event_name":"Colosseum","player_choice":"Fight","floor":20.0,"gold_loss":0.0,"damage_taken":0.0},{"damage_healed":0.0,"max_hp_gain":0.0,"max_hp_loss":0.0,"gold_gain":0.0,"event_name":"Colosseum","player_choice":"Fought Nobs","floor":20.0,"gold_loss":0.0,"damage_taken":0.0},{"damage_healed":14.0,"max_hp_gain":0.0,"max_hp_loss":0.0,"gold_gain":0.0,"event_name":"The Library","player_choice":"Heal","floor":21.0,"gold_loss":0.0,"damage_taken":0.0},{"damage_healed":0.0,"max_hp_gain":0.0,"max_hp_loss":0.0,"gold_gain":0.0,"event_name":"Masked Bandits","player_choice":"Fought Bandits","floor":22.0,"gold_loss":0.0,"damage_taken":0.0},{"damage_healed":0.0,"max_hp_gain":0.0,"max_hp_loss":0.0,"gold_gain":0.0,"event_name":"Back to Basics","player_choice":"Simplicity","floor":24.0,"gold_loss":0.0,"damage_taken":0.0,"cards_upgraded":["Strike_B","Strike_B","Strike_B","Defend_B","Defend_B","Defend_B","Defend_B"]},{"damage_healed":0.0,"max_hp_gain":0.0,"max_hp_loss":0.0,"gold_gain":0.0,"event_name":"MindBloom","player_choice":"Fight","floor":36.0,"gold_loss":0.0,"damage_taken":0.0},{"damage_healed":0.0,"max_hp_gain":0.0,"max_hp_loss":0.0,"gold_gain":0.0,"event_name":"Mysterious Sphere","player_choice":"Fight","floor":38.0,"gold_loss":0.0,"damage_taken":0.0},{"cards_removed":["Strike_B"],"damage_healed":0.0,"max_hp_gain":0.0,"max_hp_loss":0.0,"gold_gain":0.0,"event_name":"Falling","player_choice":"Removed Attack","floor":39.0,"gold_loss":0.0,"damage_taken":0.0}],"is_beta":true,"boss_relics":[{"not_picked":["Philosopher\u0027s Stone","Lizard Tail"],"picked":"Nuclear Battery"},{"not_picked":["Orrery","Empty Cage"],"picked":"Fusion Hammer"}],"items_purged_floors":[31,46],"is_endless":false,"potions_floor_spawned":[3,10,14,18,20,22,33,36,38,45,47],"ascension_level":20}