{"gold_per_floor":[410,70,86,99,119,146,161,192,219,219,75,107,107,146,146,267,267,282,295,320,595,400,130,153,184,260,260],"floor_reached":27,"playtime":2206,"items_purged":["Clumsy","Regret","Defend_B"],"score":420,"play_id":"39999fdc-7202-4618-9055-65aa0b4dd874","local_time":"20190126204620","is_ascension_mode":true,"campfire_choices":[{"floor":10,"key":"REST"},{"floor":15,"key":"REST"}],"neow_cost":"CURSE","seed_source_timestamp":9848531242573,"circlet_count":0,"master_deck":["AscendersBane","Strike_B","Strike_B","Strike_B","Strike_B","Defend_B","Defend_B","Defend_B","Zap","Dualcast","Conserve Battery","Go for the Eyes","Defragment","Compile Driver","Ball Lightning","Glacier","Ball Lightning","Coolheaded","Seek","Defragment","Tempest","Multi-Cast","PanicButton","Decay"],"relics":["Cracked Core","Old Coin","Symbiotic Virus","Mummified Hand","Du-Vu Doll","Happy Flower","Lantern","Centennial Puzzle","Golden Idol","Potion Belt","Cursed Key","Bag of Preparation","Letter Opener","Molten Egg 2"],"potions_floor_usage":[],"damage_taken":[{"damage":10,"enemies":"2 Louse","floor":1,"turns":3},{"damage":0,"enemies":"Cultist","floor":3,"turns":2},{"damage":2,"enemies":"Small Slimes","floor":4,"turns":3},{"damage":3,"enemies":"Red Slaver","floor":5,"turns":3},{"damage":22,"enemies":"Gremlin Nob","floor":6,"turns":4},{"damage":0,"enemies":"Looter","floor":7,"turns":3},{"damage":18,"enemies":"3 Sentries","floor":8,"turns":4},{"damage":23,"enemies":"Lagavulin","floor":12,"turns":5},{"damage":9,"enemies":"Gremlin Nob","floor":14,"turns":3},{"damage":3,"enemies":"Hexaghost","floor":16,"turns":9},{"damage":1,"enemies":"3 Byrds","floor":18,"turns":4},{"damage":0,"enemies":"Shell Parasite","floor":19,"turns":4},{"damage":5,"enemies":"Snecko","floor":20,"turns":4},{"damage":5,"enemies":"3 Cultists","floor":24,"turns":4},{"damage":43,"enemies":"Gremlin Leader","floor":25,"turns":10},{"damage":6,"enemies":"Centurion and Healer","floor":27,"turns":1}],"seed_played":"-1280117819099173071","potions_obtained":[{"floor":1,"key":"AttackPotion"},{"floor":4,"key":"Strength Potion"},{"floor":7,"key":"SkillPotion"},{"floor":18,"key":"Strength Potion"},{"floor":20,"key":"Weak Potion"}],"is_trial":false,"path_per_floor":["M","$","M","M","M","E","M","E","T","R","$","E","?","E","R","B",null,"M","M","M","?","$","$","M","E","T","M"],"character_chosen":"DEFECT","items_purchased":["Symbiotic Virus","Go for the Eyes","Lantern","PanicButton","Bag of Preparation"],"campfire_rested":2,"item_purchase_floors":[2,2,11,22,23],"current_hp_per_floor":[58,58,58,56,53,31,31,13,13,35,35,12,12,3,23,20,57,56,56,51,51,51,51,46,3,3,0],"gold":260,"neow_bonus":"ONE_RARE_RELIC","is_prod":false,"is_daily":false,"chose_seed":false,"campfire_upgraded":0,"win_rate":0,"timestamp":1548557180,"path_taken":["M","$","M","M","M","E","M","E","T","R","$","E","?","E","R","BOSS","M","M","M","?","?","$","M","E","T","M"],"build_version":"2019-01-23","purchased_purges":3,"victory":false,"max_hp_per_floor":[75,75,75,75,75,75,75,75,75,75,75,75,69,69,69,69,69,69,69,69,69,69,69,69,69,69,69],"card_choices":[{"not_picked":["Tempest","Leap"],"picked":"Conserve Battery","floor":1},{"not_picked":["Steam","Barrage"],"picked":"Defragment","floor":3},{"not_picked":["Aggregate","Hello World"],"picked":"Compile Driver","floor":4},{"not_picked":["Chaos","Gash"],"picked":"Ball Lightning","floor":5},{"not_picked":["Capacitor","Conserve Battery"],"picked":"Glacier","floor":6},{"not_picked":["Steam","Leap"],"picked":"Ball Lightning","floor":7},{"not_picked":["Melter","Recycle"],"picked":"Coolheaded","floor":8},{"not_picked":["Turbo","Buffer","Fusion"],"picked":"SKIP","floor":12},{"not_picked":["Leap","Gash","Streamline"],"picked":"SKIP","floor":14},{"not_picked":["Core Surge","Buffer"],"picked":"Seek","floor":16},{"not_picked":["Fusion","Conserve Battery+1"],"picked":"Defragment","floor":18},{"not_picked":["Leap","Stack"],"picked":"Tempest","floor":19},{"not_picked":["Rebound","Barrage"],"picked":"Multi-Cast","floor":20},{"not_picked":["Compile Driver+1","Rebound","Reprogram"],"picked":"SKIP","floor":24},{"not_picked":["Leap","Heatsinks","Lockon"],"picked":"SKIP","floor":25}],"player_experience":215143,"relics_obtained":[{"floor":6,"key":"Mummified Hand"},{"floor":8,"key":"Du-Vu Doll"},{"floor":9,"key":"Happy Flower"},{"floor":12,"key":"Centennial Puzzle"},{"floor":14,"key":"Potion Belt"},{"floor":25,"key":"Letter Opener"},{"floor":26,"key":"Molten Egg 2"}],"event_choices":[{"damage_healed":0,"gold_gain":0,"player_choice":"Lose Max HP","damage_taken":0,"relics_obtained":["Golden Idol"],"max_hp_gain":0,"max_hp_loss":6,"event_name":"Golden Idol","floor":13,"gold_loss":0},{"damage_healed":0,"gold_gain":275,"player_choice":"Desecrate","damage_taken":0,"max_hp_gain":0,"max_hp_loss":0,"event_name":"Golden Shrine","floor":21,"gold_loss":0,"cards_obtained":["Regret"]}],"is_beta":false,"boss_relics":[{"not_picked":["Runic Dome","Fusion Hammer"],"picked":"Cursed Key"}],"items_purged_floors":[2,22,23],"is_endless":false,"potions_floor_spawned":[1,4,7,8,18,20],"killed_by":"Centurion and Healer","ascension_level":10}