{"gold_per_floor":[110,110,210,229,241,241,269,289,289,289,306,324,324,338,338,433,433,449,468,480,60,80,80,98,98],"floor_reached":25,"playtime":1491,"items_purged":["Strike_G"],"score":334,"play_id":"66930c6d-5498-4399-9484-5d5c2b02be21","local_time":"20190108033951","is_ascension_mode":true,"campfire_choices":[{"data":"Neutralize","floor":6,"key":"SMITH"},{"floor":10,"key":"REST"},{"floor":13,"key":"REST"},{"data":"Storm of Steel","floor":15,"key":"SMITH"},{"floor":23,"key":"REST"}],"neow_cost":"NONE","seed_source_timestamp":0,"circlet_count":0,"master_deck":["AscendersBane","Defend_G","Defend_G","Defend_G","Defend_G","Defend_G","Strike_G","Strike_G","Strike_G","Strike_G","Survivor","Neutralize+1","Storm of Steel+1","Backstab","Slice","Blur","After Image","Dagger Throw","PiercingWail","Quick Slash","Underhanded Strike","Bullet Time","Sucker Punch","Infinite Blades","Infinite Blades","Footwork","Blur","Blur+1"],"special_seed":0,"relics":["Ring of the Snake","Sundial","Shuriken","Runic Dome","Calipers"],"potions_floor_usage":[7,16,16,25],"damage_taken":[{"damage":0,"enemies":"2 Louse","floor":1,"turns":4},{"damage":0,"enemies":"Jaw Worm","floor":4,"turns":4},{"damage":0,"enemies":"Cultist","floor":5,"turns":3},{"damage":17,"enemies":"Gremlin Nob","floor":7,"turns":5},{"damage":23,"enemies":"Gremlin Gang","floor":8,"turns":8},{"damage":11,"enemies":"Exordium Thugs","floor":11,"turns":4},{"damage":2,"enemies":"Exordium Wildlife","floor":12,"turns":3},{"damage":0,"enemies":"3 Louse","floor":14,"turns":2},{"damage":12,"enemies":"Hexaghost","floor":16,"turns":13},{"damage":3,"enemies":"Chosen","floor":18,"turns":5},{"damage":0,"enemies":"Spheric Guardian","floor":19,"turns":3},{"damage":32,"enemies":"Snake Plant","floor":20,"turns":6},{"damage":23,"enemies":"Snecko","floor":22,"turns":5},{"damage":19,"enemies":"3 Cultists","floor":24,"turns":6},{"damage":7,"enemies":"Centurion and Healer","floor":25,"turns":4}],"seed_played":"1719974225573563396","potions_obtained":[{"floor":5,"key":"GamblersBrew"},{"floor":8,"key":"Swift Potion"},{"floor":14,"key":"Dexterity Potion"},{"floor":16,"key":"PowerPotion"},{"floor":22,"key":"SteroidPotion"}],"is_trial":false,"path_per_floor":["M","?","?","M","M","R","E","M","T","R","M","M","R","M","R","B",null,"M","M","M","$","M","R","M","M"],"character_chosen":"THE_SILENT","items_purchased":["Footwork","Calipers"],"campfire_rested":3,"item_purchase_floors":[21,21],"current_hp_per_floor":[63,56,56,56,56,56,39,16,16,37,26,24,45,45,45,33,61,58,58,26,26,3,24,5,0],"gold":98,"neow_bonus":"ONE_RANDOM_RARE_CARD","is_prod":false,"is_daily":false,"chose_seed":false,"campfire_upgraded":2,"win_rate":0,"timestamp":1546936791,"path_taken":["M","?","?","M","M","R","E","M","T","R","?","M","R","M","R","BOSS","M","M","?","$","M","R","M","M"],"build_version":"2019-01-03v4","purchased_purges":1,"victory":false,"max_hp_per_floor":[70,70,70,70,70,70,70,70,70,70,70,70,70,70,70,70,70,70,70,70,70,70,70,70,70],"card_choices":[{"not_picked":["Prepared","Concentrate"],"picked":"Backstab","floor":1},{"not_picked":["Quick Slash","Flying Knee"],"picked":"Slice","floor":4},{"not_picked":["Riddle With Holes","Poisoned Stab"],"picked":"Blur","floor":5},{"not_picked":["Storm of Steel","Underhanded Strike"],"picked":"After Image","floor":7},{"not_picked":["Calculated Gamble","Poisoned Stab"],"picked":"Dagger Throw","floor":8},{"not_picked":["All Out Attack","Crippling Poison"],"picked":"PiercingWail","floor":11},{"not_picked":["Distraction","Poisoned Stab"],"picked":"Quick Slash","floor":12},{"not_picked":["Deadly Poison","Flying Knee"],"picked":"Underhanded Strike","floor":14},{"not_picked":["Die Die Die","Unload"],"picked":"Bullet Time","floor":16},{"not_picked":["Dodge and Roll","Catalyst"],"picked":"Sucker Punch","floor":18},{"not_picked":["Distraction","Acrobatics"],"picked":"Infinite Blades","floor":19},{"not_picked":["Slice","Deflect"],"picked":"Infinite Blades","floor":20},{"not_picked":["All Out Attack","Noxious Fumes"],"picked":"Blur","floor":22},{"not_picked":["Concentrate","Deflect"],"picked":"Blur+1","floor":24}],"player_experience":489189,"relics_obtained":[{"floor":7,"key":"Sundial"},{"floor":9,"key":"Shuriken"}],"event_choices":[{"damage_healed":0,"gold_gain":0,"player_choice":"Fled","damage_taken":7,"max_hp_gain":0,"max_hp_loss":0,"event_name":"Scrap Ooze","floor":2,"gold_loss":0},{"damage_healed":0,"gold_gain":100,"player_choice":"Pray","damage_taken":0,"max_hp_gain":0,"max_hp_loss":0,"event_name":"Golden Shrine","floor":3,"gold_loss":0}],"is_beta":false,"boss_relics":[{"not_picked":["Tiny House","Velvet Choker"],"picked":"Runic Dome"}],"items_purged_floors":[21],"is_endless":false,"potions_floor_spawned":[5,8,14,16,22],"killed_by":"Centurion and Healer","ascension_level":12}