{"gold_per_floor":[109,124,49,67,67,67,81,81,106,120,136,136,68,68,68,165,165,185,198,198,198],"floor_reached":21,"playtime":1152,"items_purged":["Strike_R"],"score":222,"play_id":"b50dbf13-74cc-49d7-99aa-c027aa64f65f","local_time":"20190209222214","is_ascension_mode":true,"campfire_choices":[{"data":"Armaments","floor":6,"key":"SMITH"},{"data":"Body Slam","floor":8,"key":"SMITH"},{"data":"Uppercut","floor":12,"key":"SMITH"},{"data":"Pommel Strike","floor":15,"key":"SMITH"}],"neow_cost":"NONE","seed_source_timestamp":1320812002240462,"circlet_count":0,"master_deck":["Strike_R","Strike_R","Strike_R","Strike_R","Defend_R","Defend_R","Defend_R","Defend_R","Bash","Impatience","Pommel Strike+1","Armaments+1","Body Slam+1","Cleave","Uppercut+1","Metallicize","Immolate","Entrench"],"relics":["Burning Blood","Strawberry","Vajra","Philosopher\u0027s Stone"],"potions_floor_usage":[16,18,21],"damage_taken":[{"damage":5,"enemies":"Cultist","floor":1,"turns":4},{"damage":7,"enemies":"Jaw Worm","floor":2,"turns":3},{"damage":3,"enemies":"2 Louse","floor":4,"turns":3},{"damage":7,"enemies":"Looter","floor":7,"turns":4},{"damage":3,"enemies":"Blue Slaver","floor":10,"turns":4},{"damage":21,"enemies":"Exordium Wildlife","floor":11,"turns":6},{"damage":47,"enemies":"Slime Boss","floor":16,"turns":16},{"damage":22,"enemies":"2 Thieves","floor":18,"turns":3},{"damage":21,"enemies":"Spheric Guardian","floor":19,"turns":4},{"damage":24,"enemies":"Snake Plant","floor":21,"turns":1}],"seed_played":"3822837578824683502","potions_obtained":[{"floor":4,"key":"Ancient Potion"},{"floor":10,"key":"FearPotion"},{"floor":16,"key":"Fire Potion"},{"floor":18,"key":"Strength Potion"}],"is_trial":false,"path_per_floor":["M","M","$","M","$","R","M","R","T","M","M","R","$","?","R","B",null,"M","M","?","M"],"character_chosen":"IRONCLAD","items_purchased":["Metallicize"],"campfire_rested":0,"item_purchase_floors":[13],"current_hp_per_floor":[73,72,72,75,75,75,74,74,81,84,69,69,69,62,62,21,71,55,40,23,0],"gold":198,"neow_bonus":"RANDOM_COLORLESS","is_prod":false,"is_daily":false,"chose_seed":false,"campfire_upgraded":4,"win_rate":0,"timestamp":1549747334,"path_taken":["M","?","$","?","$","R","M","R","T","M","M","R","?","?","R","BOSS","M","M","?","M"],"build_version":"2019-01-23","purchased_purges":1,"victory":false,"max_hp_per_floor":[80,80,80,80,80,80,80,80,87,87,87,87,87,87,87,87,87,87,87,92,92],"card_choices":[{"not_picked":["Bloodletting","Corruption"],"picked":"Pommel Strike","floor":1},{"not_picked":["Blood for Blood","Feel No Pain"],"picked":"Armaments","floor":2},{"not_picked":["Twin Strike","Havoc"],"picked":"Body Slam","floor":4},{"not_picked":["Combust","Sentinel"],"picked":"Cleave","floor":7},{"not_picked":["Flex","Pummel","Berserk"],"picked":"SKIP","floor":10},{"not_picked":["Combust","Second Wind"],"picked":"Uppercut","floor":11},{"not_picked":["Exhume","Double Tap"],"picked":"Immolate","floor":16},{"not_picked":["Thunderclap","Warcry","Headbutt"],"picked":"SKIP","floor":18},{"not_picked":["Cleave","Rage"],"picked":"Entrench","floor":19}],"player_experience":346821,"relics_obtained":[{"floor":9,"key":"Strawberry"}],"event_choices":[{"damage_healed":0,"gold_gain":0,"player_choice":"Success","damage_taken":7,"relics_obtained":["Vajra"],"max_hp_gain":0,"max_hp_loss":0,"event_name":"Scrap Ooze","floor":14,"gold_loss":0},{"damage_healed":0,"gold_gain":0,"player_choice":"Shed Blood","damage_taken":22,"max_hp_gain":5,"max_hp_loss":0,"event_name":"Forgotten Altar","floor":20,"gold_loss":0}],"is_beta":false,"boss_relics":[{"not_picked":["Pandora\u0027s Box","Coffee Dripper"],"picked":"Philosopher\u0027s Stone"}],"items_purged_floors":[3],"is_endless":false,"potions_floor_spawned":[4,10,16,18],"killed_by":"Snake Plant","ascension_level":6}