{"gold_per_floor":[117,117,132,5,25,60,60,73,73,84,84,116,134,145,145,145],"floor_reached":16,"playtime":1202,"items_purged":["Strike_R"],"score":194,"play_id":"2e1780cc-4b44-4a7d-9bed-36767dc7f72f","local_time":"20181129163824","is_ascension_mode":true,"campfire_choices":[{"floor":7,"key":"RECALL"},{"floor":11,"key":"REST"},{"floor":15,"key":"REST"}],"neow_cost":"NONE","seed_source_timestamp":494356625358004,"circlet_count":0,"master_deck":["AscendersBane","Strike_R","Strike_R","Defend_R","Defend_R","Defend_R","Defend_R","Bash","Sword Boomerang","Shrug It Off","Dropkick","Twin Strike","Thunderclap","Uppercut","Thunderclap","Headbutt","True Grit+1"],"relics":["Burning Blood","Happy Flower","Toxic Egg 2"],"potions_floor_usage":[6,12,12],"damage_taken":[{"damage":15,"enemies":"2 Louse","floor":1,"turns":2},{"damage":9,"enemies":"Jaw Worm","floor":3,"turns":3},{"damage":3,"enemies":"Small Slimes","floor":5,"turns":4},{"damage":32,"enemies":"3 Sentries","floor":6,"turns":7},{"damage":6,"enemies":"3 Louse","floor":8,"turns":3},{"damage":18,"enemies":"Large Slime","floor":10,"turns":5},{"damage":15,"enemies":"Lagavulin","floor":12,"turns":4},{"damage":22,"enemies":"Lots of Slimes","floor":13,"turns":3},{"damage":13,"enemies":"Looter","floor":14,"turns":4},{"damage":34,"enemies":"Hexaghost","floor":16,"turns":9}],"seed_played":"7075600602219408738","potions_obtained":[{"floor":1,"key":"AttackPotion"},{"floor":6,"key":"Dexterity Potion"},{"floor":8,"key":"Strength Potion"}],"is_trial":false,"path_per_floor":["M","?","M","$","M","E","R","M","T","M","R","E","M","M","R","B"],"character_chosen":"IRONCLAD","items_purchased":["Twin Strike"],"campfire_rested":2,"item_purchase_floors":[4],"current_hp_per_floor":[59,59,56,56,59,33,33,33,33,21,43,34,18,11,33,0],"gold":145,"neow_bonus":"TRANSFORM_CARD","is_prod":false,"is_daily":false,"chose_seed":false,"campfire_upgraded":0,"win_rate":0,"timestamp":1543509504,"path_taken":["M","?","M","$","M","E","R","M","T","M","R","E","M","M","R","BOSS"],"build_version":"2018-11-15","purchased_purges":1,"victory":false,"max_hp_per_floor":[75,75,75,75,75,75,75,75,75,75,75,75,75,75,75,75],"card_choices":[{"not_picked":["Seeing Red","Power Through"],"picked":"Shrug It Off","floor":1},{"not_picked":["Heavy Blade","True Grit","Perfected Strike"],"picked":"SKIP","floor":3},{"not_picked":["Seeing Red","Havoc"],"picked":"Thunderclap","floor":5},{"not_picked":["Warcry","Evolve","Armaments"],"picked":"SKIP","floor":6},{"not_picked":["Clothesline","Warcry","Searing Blow"],"picked":"SKIP","floor":8},{"not_picked":["Reckless Charge","Body Slam"],"picked":"Uppercut","floor":10},{"not_picked":["Rampage","Clothesline"],"picked":"Thunderclap","floor":12},{"not_picked":["Hemokinesis","Flex+1"],"picked":"Headbutt","floor":13},{"not_picked":["Perfected Strike","Havoc+1"],"picked":"True Grit+1","floor":14}],"player_experience":917227,"relics_obtained":[{"floor":6,"key":"Happy Flower"},{"floor":12,"key":"Toxic Egg 2"}],"event_choices":[{"damage_healed":0,"gold_gain":0,"cards_transformed":["Strike_R"],"player_choice":"Change","damage_taken":0,"max_hp_gain":0,"max_hp_loss":0,"event_name":"Living Wall","floor":2,"gold_loss":0,"cards_obtained":["Dropkick"]}],"is_beta":false,"boss_relics":[],"items_purged_floors":[4],"is_endless":false,"potions_floor_spawned":[1,6,8],"killed_by":"Hexaghost","ascension_level":14}