{"gold_per_floor":[111,286,32,87,105,105,105,129,129,145,183,183,223,21,21,21],"floor_reached":16,"playtime":771,"items_purged":[],"score":152,"play_id":"10f22b3e-41aa-489f-8505-ebc92e156485","local_time":"20190206154333","is_ascension_mode":true,"campfire_choices":[{"data":"Neutralize","floor":6,"key":"SMITH"},{"data":"Sucker Punch","floor":12,"key":"SMITH"},{"floor":15,"key":"REST"}],"neow_cost":"NONE","seed_source_timestamp":1570542861492935,"circlet_count":0,"master_deck":["AscendersBane","Defend_G","Defend_G","Defend_G","Defend_G","Defend_G","Strike_G","Strike_G","Strike_G","Strike_G","Strike_G","Survivor","Neutralize+1","Underhanded Strike","Doubt","Sucker Punch+1","Catalyst","Dash","Cloak And Dagger","PiercingWail","Poisoned Stab"],"relics":["Ring of the Snake","NeowsBlessing","Ninja Scroll","Golden Idol","Frozen Egg 2","Odd Mushroom","Gremlin Horn","Vajra"],"potions_floor_usage":[11,11],"damage_taken":[{"damage":0,"enemies":"Jaw Worm","floor":1,"turns":1},{"damage":0,"enemies":"Small Slimes","floor":5,"turns":1},{"damage":0,"enemies":"2 Louse","floor":8,"turns":1},{"damage":9,"enemies":"Exordium Thugs","floor":10,"turns":6},{"damage":5,"enemies":"The Mushroom Lair","floor":11,"turns":4},{"damage":41,"enemies":"Gremlin Nob","floor":13,"turns":6},{"damage":27,"enemies":"Slime Boss","floor":16,"turns":6}],"seed_played":"-7448990194346082329","potions_obtained":[{"floor":8,"key":"SteroidPotion"},{"floor":10,"key":"Explosive Potion"},{"floor":13,"key":"LiquidBronze"}],"is_trial":false,"path_per_floor":["M","?","$","?","M","R","?","M","T","M","?","R","E","$","R","B"],"character_chosen":"THE_SILENT","items_purchased":["Ninja Scroll","Vajra","Poisoned Stab"],"campfire_rested":1,"item_purchase_floors":[3,14,14],"current_hp_per_floor":[63,63,63,63,63,63,63,63,63,54,49,49,8,8,27,0],"gold":21,"neow_bonus":"THREE_ENEMY_KILL","is_prod":false,"is_daily":false,"chose_seed":false,"campfire_upgraded":2,"win_rate":0,"timestamp":1549467813,"path_taken":["M","?","$","?","M","R","?","M","T","M","?","R","E","$","R","BOSS"],"build_version":"2019-01-23","purchased_purges":0,"victory":false,"max_hp_per_floor":[70,70,70,70,70,70,65,65,65,65,65,65,65,65,65,65],"card_choices":[{"not_picked":["Quick Slash","Escape Plan"],"picked":"Underhanded Strike","floor":1},{"not_picked":["Bouncing Flask","Calculated Gamble"],"picked":"Sucker Punch","floor":5},{"not_picked":["Concentrate","Setup"],"picked":"Catalyst","floor":8},{"not_picked":["Concentrate","Acrobatics"],"picked":"Dash","floor":10},{"not_picked":["Blade Dance","Riddle With Holes"],"picked":"Cloak And Dagger","floor":11},{"not_picked":["Slice","Bane"],"picked":"PiercingWail","floor":13}],"player_experience":1318969,"relics_obtained":[{"floor":9,"key":"Frozen Egg 2"},{"floor":11,"key":"Odd Mushroom"},{"floor":13,"key":"Gremlin Horn"}],"event_choices":[{"damage_healed":0,"gold_gain":175,"player_choice":"AGREE","damage_taken":0,"max_hp_gain":0,"max_hp_loss":0,"event_name":"Liars Game","floor":2,"gold_loss":0,"cards_obtained":["Doubt"]},{"damage_healed":0,"gold_gain":55,"player_choice":"Gained Gold","damage_taken":0,"max_hp_gain":0,"max_hp_loss":0,"event_name":"Golden Wing","floor":4,"gold_loss":0},{"damage_healed":0,"gold_gain":0,"player_choice":"Lose Max HP","damage_taken":0,"relics_obtained":["Golden Idol"],"max_hp_gain":0,"max_hp_loss":5,"event_name":"Golden Idol","floor":7,"gold_loss":0},{"damage_healed":0,"gold_gain":0,"player_choice":"Fought Mushrooms","damage_taken":0,"max_hp_gain":0,"max_hp_loss":0,"event_name":"Mushrooms","floor":11,"gold_loss":0}],"is_beta":false,"boss_relics":[],"items_purged_floors":[],"is_endless":false,"potions_floor_spawned":[8,10,13],"killed_by":"Slime Boss","ascension_level":11}