{"gold_per_floor":[113,38,38,38,57,89,89,89,137,204,226,238,278,301,313,422,434,374,374,374],"floor_reached":20,"playtime":1110,"items_purged":["Strike_G"],"score":196,"play_id":"4244d2cb-ecf6-49e9-9b1e-8097e06cda7e","local_time":"20181117231336","is_ascension_mode":true,"campfire_choices":[{"floor":8,"key":"REST"},{"floor":12,"key":"REST"},{"floor":15,"key":"REST"}],"neow_cost":"PERCENT_DAMAGE","seed_source_timestamp":248054570569098,"circlet_count":0,"master_deck":["Defend_G","Defend_G","Defend_G","Defend_G","Defend_G","Strike_G","Strike_G","Survivor","Neutralize","Glass Knife","All Out Attack","Footwork","Terror","Blade Dance","Blade Dance","Blade Dance","Backstab","Dagger Spray","Noxious Fumes","Envenom","Masterful Stab","Tactician"],"relics":["Ring of the Snake","Gambling Chip","MawBank","Dream Catcher","Odd Mushroom","Ectoplasm"],"potions_floor_usage":[10,10],"damage_taken":[{"damage":0,"enemies":"Cultist","floor":1,"turns":4},{"damage":0,"enemies":"2 Louse","floor":5,"turns":2},{"damage":29,"enemies":"Lagavulin","floor":6,"turns":9},{"damage":10,"enemies":"Lagavulin Event","floor":10,"turns":6},{"damage":2,"enemies":"Jaw Worm","floor":11,"turns":3},{"damage":9,"enemies":"The Mushroom Lair","floor":13,"turns":3},{"damage":0,"enemies":"2 Fungi Beasts","floor":14,"turns":2},{"damage":22,"enemies":"Slime Boss","floor":16,"turns":7},{"damage":26,"enemies":"2 Thieves","floor":18,"turns":3}],"seed_played":"5114332019364130556","potions_obtained":[{"floor":1,"key":"Swift Potion"},{"floor":5,"key":"Swift Potion"},{"floor":11,"key":"SkillPotion"},{"floor":16,"key":"FearPotion"}],"is_trial":false,"path_per_floor":["M","$","?","?","M","E","$","R","T","?","M","R","?","M","R","B",null,"M","?","$"],"character_chosen":"THE_SILENT","items_purchased":[],"campfire_rested":3,"item_purchase_floors":[],"current_hp_per_floor":[49,49,42,39,39,10,10,31,31,21,19,40,31,31,52,30,70,44,44,44],"gold":374,"neow_bonus":"THREE_RARE_CARDS","is_prod":false,"is_daily":false,"chose_seed":false,"campfire_upgraded":0,"win_rate":0,"timestamp":1542514416,"path_taken":["M","$","?","?","M","E","?","R","T","?","M","R","?","M","R","BOSS","M","?","$"],"build_version":"2018-11-15","purchased_purges":1,"victory":false,"max_hp_per_floor":[70,70,70,70,70,70,70,70,70,70,70,70,70,70,70,70,70,70,70,70],"card_choices":[{"not_picked":["Night Terror","Die Die Die"],"picked":"Glass Knife","floor":0},{"not_picked":["Flechettes","Crippling Poison"],"picked":"All Out Attack","floor":1},{"not_picked":["Flying Knee","Flechettes"],"picked":"Footwork","floor":5},{"not_picked":["Acrobatics","Finisher"],"picked":"Terror","floor":6},{"not_picked":["Cloak And Dagger","Sucker Punch"],"picked":"Blade Dance","floor":10},{"not_picked":["All Out Attack","Acrobatics"],"picked":"Blade Dance","floor":11},{"not_picked":["Outmaneuver","Endless Agony"],"picked":"Blade Dance","floor":12},{"not_picked":["Backflip","Calculated Gamble"],"picked":"Backstab","floor":13},{"not_picked":["Riddle With Holes","Wraith Form v2"],"picked":"Dagger Spray","floor":14},{"not_picked":["Eviscerate","Underhanded Strike"],"picked":"Noxious Fumes","floor":15},{"not_picked":["Tools of the Trade","After Image"],"picked":"Envenom","floor":16},{"not_picked":["Quick Slash+1","Underhanded Strike+1"],"picked":"Masterful Stab","floor":18}],"player_experience":284171,"relics_obtained":[{"floor":6,"key":"Gambling Chip"},{"floor":9,"key":"MawBank"},{"floor":10,"key":"Dream Catcher"},{"floor":13,"key":"Odd Mushroom"}],"event_choices":[{"cards_removed":["Strike_G"],"damage_healed":0,"gold_gain":0,"player_choice":"Card Removal","damage_taken":7,"max_hp_gain":0,"max_hp_loss":0,"event_name":"Golden Wing","floor":3,"gold_loss":0},{"damage_healed":0,"gold_gain":0,"player_choice":"Fled","damage_taken":3,"max_hp_gain":0,"max_hp_loss":0,"event_name":"Scrap Ooze","floor":4,"gold_loss":0},{"damage_healed":0,"gold_gain":0,"player_choice":"Searched \u00271\u0027 times","damage_taken":0,"max_hp_gain":0,"max_hp_loss":0,"event_name":"Dead Adventurer","floor":10,"gold_loss":0},{"damage_healed":0,"gold_gain":0,"player_choice":"Fought Mushrooms","damage_taken":0,"max_hp_gain":0,"max_hp_loss":0,"event_name":"Mushrooms","floor":13,"gold_loss":0},{"damage_healed":0,"gold_gain":0,"cards_transformed":["Strike_G"],"player_choice":"Transformed","damage_taken":0,"max_hp_gain":0,"max_hp_loss":0,"event_name":"Transmorgrifier","floor":19,"gold_loss":0,"cards_obtained":["Tactician"]}],"is_beta":false,"boss_relics":[{"not_picked":["Orrery","Eternal Feather"],"picked":"Ectoplasm"}],"items_purged_floors":[2],"is_endless":false,"potions_floor_spawned":[1,5,11,16],"ascension_level":3}