{"gold_per_floor":[115,115,45,55,55,55,98,98,98,98,131,154,174,188,188,188],"floor_reached":16,"playtime":1066,"items_purged":[],"score":165,"play_id":"5e4db523-377e-43e3-894e-e1b458d06384","local_time":"20190102002717","is_ascension_mode":true,"campfire_choices":[{"data":"Noxious Fumes","floor":6,"key":"SMITH"},{"floor":15,"key":"REST"}],"neow_cost":"NONE","seed_source_timestamp":1130221464473983,"circlet_count":0,"master_deck":["AscendersBane","Defend_G","Defend_G","Defend_G","Defend_G","Defend_G","Strike_G","Strike_G","Strike_G","Strike_G","Survivor","Neutralize","Crippling Poison","Noxious Fumes+1","Sucker Punch","Dagger Throw","Riddle With Holes","Backflip","Catalyst"],"relics":["WristBlade","Golden Idol","Shovel","Bronze Scales","Sundial"],"potions_floor_usage":[7,13],"damage_taken":[{"damage":7,"enemies":"Jaw Worm","floor":1,"turns":6},{"damage":0,"enemies":"2 Louse","floor":4,"turns":2},{"damage":9,"enemies":"Gremlin Nob","floor":7,"turns":4},{"damage":23,"enemies":"3 Sentries","floor":11,"turns":7},{"damage":2,"enemies":"Cultist","floor":12,"turns":3},{"damage":7,"enemies":"Exordium Wildlife","floor":13,"turns":4},{"damage":9,"enemies":"Blue Slaver","floor":14,"turns":3},{"damage":28,"enemies":"Slime Boss","floor":16,"turns":3}],"seed_played":"5091422287212336397","potions_obtained":[{"floor":1,"key":"FearPotion"},{"floor":7,"key":"SteroidPotion"}],"is_trial":false,"path_per_floor":["M","?","$","M","?","R","E","T","T","?","E","M","M","M","R","B"],"character_chosen":"THE_SILENT","items_purchased":["Noxious Fumes"],"campfire_rested":1,"item_purchase_floors":[3],"current_hp_per_floor":[56,56,56,56,56,56,47,47,47,47,24,22,15,6,25,0],"gold":188,"neow_bonus":"BOSS_RELIC","is_prod":false,"is_daily":false,"chose_seed":false,"campfire_upgraded":1,"win_rate":0,"timestamp":1546388837,"path_taken":["M","?","$","M","?","R","E","?","T","?","E","?","M","M","R","BOSS"],"build_version":"2018-12-20","purchased_purges":0,"victory":false,"max_hp_per_floor":[70,70,70,70,65,65,65,65,65,65,65,65,65,65,65,65],"card_choices":[{"not_picked":["Calculated Gamble","Prepared"],"picked":"Crippling Poison","floor":1},{"not_picked":["Eviscerate","Well Laid Plans"],"picked":"Sucker Punch","floor":4},{"not_picked":["Distraction","PiercingWail"],"picked":"Dagger Throw","floor":7},{"not_picked":["Backstab","Deflect"],"picked":"Riddle With Holes","floor":11},{"not_picked":["Accuracy","Masterful Stab","Bane"],"picked":"SKIP","floor":12},{"not_picked":["Venomology","Bane"],"picked":"Backflip","floor":13},{"not_picked":["PiercingWail","Dagger Spray"],"picked":"Catalyst","floor":14}],"player_experience":1109529,"relics_obtained":[{"floor":7,"key":"Shovel"},{"floor":8,"key":"Bronze Scales"},{"floor":11,"key":"Sundial"}],"event_choices":[{"damage_healed":0,"gold_gain":0,"player_choice":"Leave","damage_taken":0,"max_hp_gain":0,"max_hp_loss":0,"event_name":"The Cleric","floor":2,"gold_loss":0},{"damage_healed":0,"gold_gain":0,"player_choice":"Lose Max HP","damage_taken":0,"relics_obtained":["Golden Idol"],"max_hp_gain":0,"max_hp_loss":5,"event_name":"Golden Idol","floor":5,"gold_loss":0},{"cards_removed":["Strike_G"],"damage_healed":0,"gold_gain":0,"player_choice":"Card Removal","damage_taken":0,"max_hp_gain":0,"max_hp_loss":0,"event_name":"Wheel of Change","floor":10,"gold_loss":0}],"is_beta":false,"boss_relics":[],"items_purged_floors":[],"is_endless":false,"potions_floor_spawned":[1,7],"killed_by":"Slime Boss","ascension_level":10}