{"gold_per_floor":[110,126,301,301,261,289,303,303,383,398,398,398,408,436,436,531,531,543,563,17,17],"floor_reached":21,"playtime":1273,"items_purged":["Strike_B"],"score":189,"play_id":"bae2c27a-2b9f-4ddd-8627-ba792494b147","local_time":"20181022014242","is_ascension_mode":false,"campfire_choices":[{"data":"Sunder","floor":8,"key":"SMITH"},{"floor":12,"key":"REST"},{"data":"Genetic Algorithm","floor":15,"key":"SMITH"}],"neow_cost":"NONE","seed_source_timestamp":200033232509407,"circlet_count":0,"master_deck":["Strike_B","Strike_B","Defend_B","Defend_B","Defend_B","Defend_B","Zap","Dualcast","Sunder+1","Doom and Gloom","Steam Power","Coolheaded","Doom and Gloom","Genetic Algorithm+1","Chaos","Echo Form","Genetic Algorithm+1","Blizzard+1"],"relics":["Cracked Core","Anchor","Smiling Mask","Gremlin Horn","Omamori","Inserter","Membership Card","Dead Branch","Ginger"],"potions_floor_usage":[6,6,16,16,19,21,21],"damage_taken":[{"damage":0,"enemies":"2 Louse","floor":1,"turns":2},{"damage":1,"enemies":"Jaw Worm","floor":2,"turns":3},{"damage":31,"enemies":"Gremlin Nob","floor":6,"turns":4},{"damage":0,"enemies":"Small Slimes","floor":7,"turns":2},{"damage":10,"enemies":"Red Slaver","floor":10,"turns":3},{"damage":0,"enemies":"3 Louse","floor":13,"turns":2},{"damage":12,"enemies":"3 Sentries","floor":14,"turns":4},{"damage":41,"enemies":"Hexaghost","floor":16,"turns":9},{"damage":33,"enemies":"Shell Parasite","floor":18,"turns":8},{"damage":38,"enemies":"Chosen","floor":19,"turns":8},{"damage":4,"enemies":"Snake Plant","floor":21,"turns":3}],"seed_played":"5337613769831162210","potions_obtained":[{"floor":5,"key":"Ancient Potion"},{"floor":5,"key":"FocusPotion"},{"floor":5,"key":"Poison Potion"},{"floor":6,"key":"Dexterity Potion"},{"floor":7,"key":"Strength Potion"},{"floor":14,"key":"Fire Potion"},{"floor":16,"key":"Dexterity Potion"},{"floor":18,"key":"FearPotion"}],"is_trial":false,"path_per_floor":["M","M","?","?","?","E","M","R","T","M","?","R","M","E","R","B",null,"M","M","$"],"character_chosen":"DEFECT","items_purchased":["Membership Card","Dead Branch","Ginger"],"campfire_rested":1,"item_purchase_floors":[20,20,20],"current_hp_per_floor":[75,74,74,74,74,43,43,43,43,33,33,55,55,43,43,2,75,42,4,4,0],"gold":17,"neow_bonus":"REMOVE_CARD","is_prod":false,"is_daily":false,"chose_seed":false,"campfire_upgraded":2,"win_rate":0,"timestamp":1540186962,"path_taken":["M","M","?","?","?","E","M","R","T","M","?","R","M","E","R","BOSS","M","M","$","M"],"build_version":"2018-10-18","purchased_purges":1,"victory":false,"max_hp_per_floor":[75,75,75,75,75,75,75,75,75,75,75,75,75,75,75,75,75,75,75,75,75],"card_choices":[{"not_picked":["Cold Snap","Streamline"],"picked":"Sunder","floor":1},{"not_picked":["Steam","Darkness"],"picked":"Doom and Gloom","floor":2},{"not_picked":["Static Discharge","Steam"],"picked":"Steam Power","floor":6},{"not_picked":["Compile Driver","Streamline"],"picked":"Coolheaded","floor":7},{"not_picked":["Stack","Gash"],"picked":"Doom and Gloom","floor":10},{"not_picked":["Beam Cell","Scrape"],"picked":"Genetic Algorithm","floor":13},{"not_picked":["Rebound","Force Field"],"picked":"Chaos","floor":14},{"not_picked":["Seek","Thunder Strike"],"picked":"Echo Form","floor":16},{"not_picked":["Reprogram","BootSequence"],"picked":"Genetic Algorithm+1","floor":18},{"not_picked":["Steam","Static Discharge"],"picked":"Blizzard+1","floor":19}],"player_experience":158242,"relics_obtained":[{"floor":6,"key":"Smiling Mask"},{"floor":9,"key":"Gremlin Horn"},{"floor":14,"key":"Omamori"}],"event_choices":[{"damage_healed":0,"gold_gain":175,"player_choice":"AGREE","damage_taken":0,"max_hp_gain":0,"max_hp_loss":0,"event_name":"Liars Game","floor":3,"gold_loss":0,"cards_obtained":["Doubt"]},{"damage_healed":0,"gold_gain":0,"player_choice":"Box","damage_taken":0,"relics_obtained":["Anchor"],"max_hp_gain":0,"max_hp_loss":0,"event_name":"Big Fish","floor":4,"gold_loss":0,"cards_obtained":["Regret"]},{"damage_healed":0,"gold_gain":0,"player_choice":"Bought 3 Potions","damage_taken":0,"max_hp_gain":0,"max_hp_loss":0,"event_name":"The Woman in Blue","floor":5,"gold_loss":0},{"cards_removed":["Regret","Doubt"],"damage_healed":0,"gold_gain":0,"player_choice":"Removed Curses","damage_taken":0,"max_hp_gain":0,"max_hp_loss":0,"event_name":"Fountain of Cleansing","floor":11,"gold_loss":0}],"is_beta":false,"boss_relics":[{"not_picked":["Nuclear Battery","Runic Pyramid"],"picked":"Inserter"}],"items_purged_floors":[20],"is_endless":false,"potions_floor_spawned":[6,7,14,16,18],"killed_by":"Snake Plant","ascension_level":0}