{"gold_per_floor":[118,43,43,97,116,143,143,158,238,238,249,85,117,129,141,153],"floor_reached":16,"playtime":3989,"items_purged":["Strike_R"],"score":113,"play_id":"5facde60-d100-4266-8dda-067739dfd377","local_time":"20190103164641","is_ascension_mode":true,"campfire_choices":[{"data":"Body Slam","floor":7,"key":"SMITH"},{"data":"Bash","floor":10,"key":"SMITH"},{"data":"Entrench","floor":15,"key":"SMITH"}],"neow_cost":"NONE","seed_source_timestamp":1121139317963664,"circlet_count":0,"master_deck":["Strike_R","Strike_R","Strike_R","Strike_R","Defend_R","Defend_R","Defend_R","Bash+1","Body Slam+1","Shrug It Off","Body Slam","Entrench+1","Impervious"],"relics":["Burning Blood","Bronze Scales","PreservedInsect","Molten Egg 2","MawBank","Dead Branch"],"potions_floor_usage":[13],"damage_taken":[{"damage":1,"enemies":"Cultist","floor":1,"turns":4},{"damage":5,"enemies":"2 Louse","floor":5,"turns":2},{"damage":24,"enemies":"Gremlin Nob","floor":6,"turns":4},{"damage":11,"enemies":"Jaw Worm","floor":8,"turns":4},{"damage":10,"enemies":"2 Fungi Beasts","floor":11,"turns":3},{"damage":31,"enemies":"Lagavulin","floor":13,"turns":6},{"damage":30,"enemies":"Hexaghost","floor":16,"turns":9}],"seed_played":"8539762427858016415","potions_obtained":[{"floor":5,"key":"Ancient Potion"},{"floor":11,"key":"SteroidPotion"}],"is_trial":false,"path_per_floor":["M","$","?","T","M","E","R","M","T","R","M","$","E","?","R","B"],"character_chosen":"IRONCLAD","items_purchased":["Impervious"],"campfire_rested":0,"item_purchase_floors":[12],"current_hp_per_floor":[80,80,80,80,80,62,62,57,57,57,53,53,28,28,28,0],"gold":153,"neow_bonus":"REMOVE_CARD","is_prod":false,"is_daily":false,"chose_seed":false,"campfire_upgraded":3,"win_rate":0,"timestamp":1546555601,"path_taken":["M","?","?","?","M","E","R","M","T","R","M","$","E","?","R","BOSS"],"build_version":"2018-12-20","purchased_purges":1,"victory":false,"max_hp_per_floor":[80,80,80,80,80,80,80,80,80,80,80,80,80,80,80,80],"card_choices":[{"not_picked":["Disarm","Combust"],"picked":"Body Slam","floor":1},{"not_picked":["Perfected Strike","Disarm"],"picked":"Shrug It Off","floor":5},{"not_picked":["Warcry","Perfected Strike","Havoc"],"picked":"SKIP","floor":6},{"not_picked":["Cleave","Armaments"],"picked":"Body Slam","floor":8},{"not_picked":["Wild Strike+1","Body Slam+1"],"picked":"Entrench","floor":11},{"not_picked":["Clothesline+1","Carnage+1","Iron Wave+1"],"picked":"SKIP","floor":13}],"player_experience":199219,"relics_obtained":[{"floor":4,"key":"Bronze Scales"},{"floor":6,"key":"PreservedInsect"},{"floor":9,"key":"Molten Egg 2"},{"floor":13,"key":"MawBank"}],"event_choices":[{"damage_healed":0,"gold_gain":0,"player_choice":"Leave","damage_taken":0,"max_hp_gain":0,"max_hp_loss":0,"event_name":"The Cleric","floor":3,"gold_loss":0},{"damage_healed":0,"gold_gain":0,"player_choice":"Searched \u00272\u0027 times","damage_taken":0,"relics_obtained":["Dead Branch"],"max_hp_gain":0,"max_hp_loss":0,"event_name":"Dead Adventurer","floor":14,"gold_loss":0}],"is_beta":false,"boss_relics":[],"items_purged_floors":[2],"is_endless":false,"potions_floor_spawned":[5,11],"killed_by":"Hexaghost","ascension_level":1}