{"path_per_floor":["M","M","M","M","M","E","R","T","T","R","M","E","M","M","R","B",null,"M","M","?","?","M","R","M","R","T","E"],"character_chosen":"THE_SILENT","items_purchased":[],"gold_per_floor":[113,127,141,152,162,195,195,220,220,220,238,265,281,293,293,395,395,407,424,349,349,365,365,375,375,675,707],"floor_reached":28,"campfire_rested":0,"playtime":3278,"current_hp_per_floor":[68,65,65,64,64,28,28,28,28,28,28,20,14,16,16,18,70,70,61,61,52,42,42,39,39,39,35],"items_purged":[],"gold":707,"play_id":"ca5c0891-8922-4e1d-8475-a5673e343eb5","is_prod":false,"is_daily":false,"campfire_rituals":0,"campfire_upgraded":5,"is_hardmode":false,"path_taken":["M","M","M","?","M","E","R","?","T","R","M","E","M","M","R","BOSS","M","M","?","?","M","R","M","R","T","E","M"],"build_version":"2018-01-18-PROD4","purchased_purges":0,"victory":false,"master_deck":["Defend_G","Defend_G","Defend_G","Defend_G","Strike_G","Strike_G","Strike_G","Strike_G","Survivor","Neutralize","Venomology","Sucker Punch","Dagger Throw","Prepared","Poisoned Stab","Bane","Heel Hook","Leg Sweep","Bouncing Flask","Footwork","Noxious Fumes","After Image","Eviscerate","Quick Slash","Blur","Dagger Throw"],"max_hp_per_floor":[70,70,70,70,70,70,70,70,70,70,70,70,70,70,70,70,70,70,70,70,75,75,75,75,75,75,75],"relics":["Ring of the Snake","Bird Faced Urn","Whetstone","Torii","Ornamental Fan","Runic Pyramid","Old Coin","Ginger"],"campfire_meditates":0,"card_choices":[{"not_picked":["Outmaneuver","Masterful Stab"],"picked":"Sucker Punch"},{"not_picked":["Deadly Poison","Quick Slash"],"picked":"Dagger Throw"},{"not_picked":["A Thousand Cuts","Footwork"],"picked":"Prepared"},{"not_picked":["Crippling Poison","Blade Dance"],"picked":"Poisoned Stab"},{"not_picked":["Outmaneuver","Acrobatics"],"picked":"Bane"},{"not_picked":["Riddle With Holes","Deadly Poison"],"picked":"Heel Hook"},{"not_picked":["Prepared","PiercingWail"],"picked":"Leg Sweep"},{"not_picked":["Sucker Punch","Flechettes"],"picked":"Bouncing Flask"},{"not_picked":["Dagger Throw","Venomology"],"picked":"Footwork"},{"not_picked":["Deflect","Prepared"],"picked":"Noxious Fumes"},{"not_picked":["Doppelganger","Night Terror"],"picked":"After Image"},{"not_picked":["Slice","Caltrops"],"picked":"Eviscerate"},{"not_picked":["Well Laid Plans","Distraction"],"picked":"Quick Slash"},{"not_picked":["Bouncing Flask","Deadly Poison"],"picked":"Blur"},{"not_picked":["PiercingWail","Blade Dance"],"picked":"Dagger Throw"}],"player_experience":14383,"potions_floor_usage":[3,4,5,5,5,11,12,12,13,14,16,16,18,19,22,24,24,27,27],"damage_taken":[{"damage":2,"enemies":"Blue Slaver","floor":1,"turns":7},{"damage":3,"enemies":"Small Slimes","floor":2,"turns":4},{"damage":0,"enemies":"Cultist","floor":3,"turns":3},{"damage":7,"enemies":"Red Slaver","floor":4,"turns":6},{"damage":0,"enemies":"Exordium Wildlife","floor":5,"turns":3},{"damage":36,"enemies":"Gremlin Nob","floor":6,"turns":5},{"damage":0,"enemies":"2 Fungi Beasts","floor":11,"turns":2},{"damage":8,"enemies":"3 Sentries","floor":12,"turns":6},{"damage":6,"enemies":"Red Slaver","floor":13,"turns":3},{"damage":0,"enemies":"Large Slime","floor":14,"turns":6},{"damage":2,"enemies":"Hexaghost","floor":16,"turns":8},{"damage":0,"enemies":"Spheric Guardian","floor":18,"turns":5},{"damage":9,"enemies":"3 Byrds","floor":19,"turns":6},{"damage":16,"enemies":"Sentry and Sphere","floor":22,"turns":8},{"damage":9,"enemies":"Centurion and Healer","floor":24,"turns":10},{"damage":10,"enemies":"Book of Stabbing","floor":27,"turns":6},{"damage":42,"enemies":"3 Cultists","floor":28,"turns":6}],"event_choices":[{"event_name":"Beggar","player_choice":"Gave Gold","floor":20,"damage_taken":0},{"event_name":"Forgotten Altar","player_choice":"Shed Blood","floor":21,"damage_taken":0}],"boss_relics":[{"not_picked":["Runic Dome","Calling Bell"],"picked":"Runic Pyramid"}],"potions_floor_spawned":[6,11,12,13,14,16,22,24],"seed_played":"-6573741814188126365","killed_by":"3 Cultists","is_trial":false}