{"gold_per_floor":[116,291,291,306,25,25,56,56,80,107,107,119,131,173,185,317,329,326,359,392,404],"floor_reached":21,"playtime":754,"items_purged":["Doubt"],"score":284,"play_id":"93353941-36fc-4711-918a-ce4eb9dcde0b","local_time":"20181205003613","is_ascension_mode":true,"campfire_choices":[{"data":"Magnetism","floor":6,"key":"SMITH"},{"data":"Zap","floor":8,"key":"SMITH"},{"data":"Machine Learning","floor":13,"key":"SMITH"},{"floor":15,"key":"REST"}],"neow_cost":"NONE","seed_source_timestamp":992024109269601,"circlet_count":0,"master_deck":["Strike_B","Strike_B","Strike_B","Defend_B","Defend_B","Defend_B","Defend_B","Zap+1","Dualcast","Glacier","Barrage","Magnetism+1","Hologram","Melter","Machine Learning+1","Creative AI","Heatsinks","Consume","Biased Cognition"],"relics":["Cracked Core","NeowsBlessing","Sundial","Juzu Bracelet","Bronze Scales","MawBank","Golden Idol","The Courier","Inserter"],"potions_floor_usage":[10,21],"damage_taken":[{"damage":0,"enemies":"Small Slimes","floor":1,"turns":1},{"damage":0,"enemies":"2 Louse","floor":4,"turns":1},{"damage":0,"enemies":"Gremlin Nob","floor":7,"turns":1},{"damage":5,"enemies":"3 Sentries","floor":10,"turns":7},{"damage":10,"enemies":"The Guardian","floor":16,"turns":9},{"damage":20,"enemies":"2 Thieves","floor":18,"turns":4},{"damage":3,"enemies":"3 Byrds","floor":19,"turns":3},{"damage":31,"enemies":"Snake Plant","floor":20,"turns":6},{"damage":23,"enemies":"Centurion and Healer","floor":21,"turns":1}],"seed_played":"-2166573462537615996","potions_obtained":[{"floor":4,"key":"Fire Potion"},{"floor":19,"key":"EntropicBrew"}],"is_trial":false,"path_per_floor":["M","?","?","M","$","R","E","R","T","E","?","?","R","?","R","B",null,"M","M","M","M"],"character_chosen":"DEFECT","items_purchased":["Magnetism","Hologram"],"campfire_rested":1,"item_purchase_floors":[5,5],"current_hp_per_floor":[68,68,68,68,68,68,68,68,68,63,60,42,42,42,64,54,70,50,47,16,0],"gold":404,"neow_bonus":"THREE_ENEMY_KILL","is_prod":false,"is_daily":false,"chose_seed":false,"campfire_upgraded":3,"win_rate":0,"timestamp":1543988173,"path_taken":["M","?","?","?","$","R","E","R","T","E","?","?","R","?","R","BOSS","M","M","M","M"],"build_version":"2018-11-15","purchased_purges":1,"victory":false,"max_hp_per_floor":[75,75,75,75,75,75,75,75,75,75,75,75,75,75,75,75,75,75,75,75,75],"card_choices":[{"not_picked":["Steam","Turbo"],"picked":"Glacier","floor":1},{"not_picked":["Heatsinks","Turbo"],"picked":"Barrage","floor":4},{"not_picked":["Lockon","Ball Lightning"],"picked":"Melter","floor":7},{"not_picked":["Rebound","Steam"],"picked":"Machine Learning","floor":10},{"not_picked":["Rainbow","Meteor Strike"],"picked":"Creative AI","floor":16},{"not_picked":["Chaos","Tempest"],"picked":"Heatsinks","floor":18},{"not_picked":["Leap","Streamline+1"],"picked":"Consume","floor":19},{"not_picked":["Gash+1","Ball Lightning"],"picked":"Biased Cognition","floor":20}],"player_experience":356652,"relics_obtained":[{"floor":7,"key":"Sundial"},{"floor":9,"key":"Juzu Bracelet"},{"floor":10,"key":"Bronze Scales"}],"event_choices":[{"damage_healed":0,"gold_gain":175,"player_choice":"AGREE","damage_taken":0,"max_hp_gain":0,"max_hp_loss":0,"event_name":"Liars Game","floor":2,"gold_loss":0,"cards_obtained":["Doubt"]},{"cards_removed":["Strike_B"],"damage_healed":0,"gold_gain":0,"player_choice":"Card Removal","damage_taken":0,"max_hp_gain":0,"max_hp_loss":0,"event_name":"Wheel of Change","floor":3,"gold_loss":0},{"damage_healed":0,"gold_gain":0,"player_choice":"Success","damage_taken":3,"relics_obtained":["MawBank"],"max_hp_gain":0,"max_hp_loss":0,"event_name":"Scrap Ooze","floor":11,"gold_loss":0},{"damage_healed":0,"gold_gain":0,"player_choice":"Take Damage","damage_taken":18,"relics_obtained":["Golden Idol"],"max_hp_gain":0,"max_hp_loss":0,"event_name":"Golden Idol","floor":12,"gold_loss":0},{"damage_healed":0,"gold_gain":30,"player_choice":"Searched \u00272\u0027 times","damage_taken":0,"relics_obtained":["The Courier"],"max_hp_gain":0,"max_hp_loss":0,"event_name":"Dead Adventurer","floor":14,"gold_loss":0}],"is_beta":false,"boss_relics":[{"not_picked":["Eternal Feather","Ectoplasm"],"picked":"Inserter"}],"items_purged_floors":[5],"is_endless":false,"potions_floor_spawned":[4,19],"killed_by":"Centurion and Healer","ascension_level":7}