{"gold_per_floor":[114,114,114,133,133,133,133,166,166,183,358,358,109,138,138,243,243,259,80,93,110,122,149,149,184,184,206,232,2,32,32,32,136,136,147,57,57,90,108,140,140],"floor_reached":41,"playtime":4463,"items_purged":["Doubt"],"score":514,"play_id":"ec2c7227-36a0-4e37-b2c1-be69f1867037","local_time":"20190208183000","is_ascension_mode":false,"campfire_choices":[{"data":"Bash","floor":6,"key":"SMITH"},{"data":"Armaments","floor":12,"key":"SMITH"},{"data":"Magnetism","floor":15,"key":"SMITH"},{"floor":24,"key":"REST"},{"floor":32,"key":"REST"}],"neow_cost":"NONE","seed_source_timestamp":86120347348649,"circlet_count":0,"master_deck":["Strike_R","Strike_R","Strike_R","Strike_R","Defend_R","Defend_R","Defend_R","Bash+1","Headbutt","Shrug It Off","Warcry+1","Rage","Armaments+1","Magnetism+1","Demon Form","Bludgeon","Flame Barrier","Panache","Dropkick","Shrug It Off+1","Combust","Exhume","Armaments+1","Flex+1","Shrug It Off+1","Shame","Double Tap","Sword Boomerang+1","Battle Trance"],"relics":["Burning Blood","NeowsBlessing","Mummified Hand","Ornamental Fan","Potion Belt","Meat on the Bone","Paper Frog","Sozu","Dodecahedron","Lantern","MawBank","Kunai","Ancient Tea Set","Question Card","Black Star","Regal Pillow","Toxic Egg 2"],"potions_floor_usage":[41,41],"damage_taken":[{"damage":0,"enemies":"Jaw Worm","floor":1,"turns":1},{"damage":0,"enemies":"2 Louse","floor":4,"turns":1},{"damage":0,"enemies":"Lagavulin","floor":8,"turns":1},{"damage":4,"enemies":"Small Slimes","floor":10,"turns":3},{"damage":19,"enemies":"Gremlin Nob","floor":14,"turns":5},{"damage":30,"enemies":"The Guardian","floor":16,"turns":9},{"damage":14,"enemies":"Spheric Guardian","floor":18,"turns":4},{"damage":18,"enemies":"2 Thieves","floor":20,"turns":4},{"damage":9,"enemies":"Snecko","floor":21,"turns":5},{"damage":19,"enemies":"Centurion and Healer","floor":22,"turns":7},{"damage":21,"enemies":"Gremlin Leader","floor":23,"turns":5},{"damage":39,"enemies":"Slavers","floor":25,"turns":6},{"damage":24,"enemies":"Shelled Parasite and Fungi","floor":27,"turns":4},{"damage":18,"enemies":"Snake Plant","floor":28,"turns":3},{"damage":27,"enemies":"Book of Stabbing","floor":30,"turns":8},{"damage":16,"enemies":"Champ","floor":33,"turns":9},{"damage":3,"enemies":"3 Darklings","floor":35,"turns":6},{"damage":63,"enemies":"3 Shapes","floor":38,"turns":7},{"damage":28,"enemies":"Jaw Worm Horde","floor":39,"turns":6},{"damage":14,"enemies":"Nemesis","floor":40,"turns":5},{"damage":40,"enemies":"Spire Growth","floor":41,"turns":3}],"seed_played":"1489883088392310206","potions_obtained":[{"floor":4,"key":"SteroidPotion"},{"floor":14,"key":"Swift Potion"},{"floor":16,"key":"Weak Potion"}],"is_trial":false,"path_per_floor":["M","?","?","M","?","R","T","E","T","M","?","R","$","E","R","B",null,"M","$","M","M","M","E","R","E","T","M","M","$","E","?","R","B",null,"M","?","$","M","M","E","M"],"character_chosen":"IRONCLAD","items_purchased":["Magnetism","Panache","Kunai"],"campfire_rested":2,"item_purchase_floors":[13,19,29],"current_hp_per_floor":[80,80,73,79,79,79,79,80,80,80,80,80,80,67,67,55,80,72,72,60,57,56,53,77,56,56,50,50,50,41,41,65,55,80,80,80,80,35,25,29,0],"gold":140,"neow_bonus":"THREE_ENEMY_KILL","is_prod":false,"is_daily":false,"chose_seed":false,"campfire_upgraded":3,"win_rate":0.0,"timestamp":1549647000,"path_taken":["M","?","?","M","?","R","?","E","T","M","?","R","$","E","R","BOSS","M","$","M","M","M","E","R","E","T","M","M","$","E","?","R","BOSS","M","?","$","?","M","E","M"],"build_version":"2019-01-23","purchased_purges":1,"victory":false,"max_hp_per_floor":[80,80,80,80,80,80,80,80,80,80,80,80,80,80,80,80,80,80,80,80,80,80,80,80,80,80,80,80,80,80,80,80,80,80,80,80,80,80,80,80,80],"card_choices":[{"not_picked":["Clothesline","Warcry"],"picked":"Headbutt","floor":1},{"not_picked":["Blood for Blood","Cleave"],"picked":"Shrug It Off","floor":4},{"not_picked":["True Grit","Sever Soul"],"picked":"Rage","floor":8},{"not_picked":["Second Wind","Flex"],"picked":"Armaments","floor":10},{"not_picked":["True Grit","Twin Strike"],"picked":"Demon Form","floor":14},{"not_picked":["Brutality","Feed"],"picked":"Bludgeon","floor":16},{"not_picked":["Clash","Pommel Strike"],"picked":"Flame Barrier","floor":18},{"not_picked":["Flex","Twin Strike"],"picked":"Dropkick","floor":20},{"not_picked":["True Grit+1","Flex"],"picked":"Shrug It Off+1","floor":21},{"not_picked":["Bloodletting","Sever Soul"],"picked":"Combust","floor":22},{"not_picked":["True Grit+1","Havoc","Sword Boomerang"],"picked":"SKIP","floor":23},{"not_picked":["Flex","Clash"],"picked":"Exhume","floor":25},{"not_picked":["Sword Boomerang","Intimidate"],"picked":"Armaments+1","floor":27},{"not_picked":["Wild Strike","Clothesline"],"picked":"Flex+1","floor":28},{"not_picked":["Heavy Blade+1","Thunderclap"],"picked":"Shrug It Off+1","floor":30},{"not_picked":["Juggernaut","Brutality","Offering"],"picked":"Double Tap","floor":33},{"not_picked":["Cleave+1","Hemokinesis+1","Pummel"],"picked":"Sword Boomerang+1","floor":35},{"not_picked":["Clothesline+1","Second Wind+1","Heavy Blade"],"picked":"Battle Trance","floor":38},{"not_picked":["Iron Wave","Havoc+1","Corruption+1","Perfected Strike"],"picked":"SKIP","floor":39},{"not_picked":["Anger","Perfected Strike","Clothesline","Armaments+1"],"picked":"SKIP","floor":40}],"player_experience":73656,"relics_obtained":[{"floor":7,"key":"Ornamental Fan"},{"floor":8,"key":"Potion Belt"},{"floor":9,"key":"Meat on the Bone"},{"floor":14,"key":"Paper Frog"},{"floor":23,"key":"Dodecahedron"},{"floor":25,"key":"Lantern"},{"floor":26,"key":"MawBank"},{"floor":30,"key":"Ancient Tea Set"},{"floor":40,"key":"Regal Pillow"},{"floor":40,"key":"Toxic Egg 2"}],"event_choices":[{"damage_healed":0,"gold_gain":0,"player_choice":"Box","damage_taken":0,"relics_obtained":["Mummified Hand"],"max_hp_gain":0,"max_hp_loss":0,"event_name":"Big Fish","floor":2,"gold_loss":0,"cards_obtained":["Regret"]},{"cards_removed":["Regret"],"damage_healed":0,"gold_gain":0,"player_choice":"Card Removal","damage_taken":7,"max_hp_gain":0,"max_hp_loss":0,"event_name":"Golden Wing","floor":3,"gold_loss":0},{"damage_healed":0,"gold_gain":0,"cards_transformed":["Strike_R"],"player_choice":"Change","damage_taken":0,"max_hp_gain":0,"max_hp_loss":0,"event_name":"Living Wall","floor":5,"gold_loss":0,"cards_obtained":["Warcry"]},{"damage_healed":0,"gold_gain":175,"player_choice":"AGREE","damage_taken":0,"max_hp_gain":0,"max_hp_loss":0,"event_name":"Liars Game","floor":11,"gold_loss":0,"cards_obtained":["Doubt"]},{"damage_healed":0,"gold_gain":0,"player_choice":"Stole Relic","damage_taken":0,"relics_obtained":["Question Card"],"max_hp_gain":0,"max_hp_loss":0,"event_name":"Addict","floor":31,"gold_loss":0,"cards_obtained":["Shame"]},{"cards_removed":["Defend_R"],"damage_healed":0,"gold_gain":0,"player_choice":"Upgrade and Remove","damage_taken":0,"max_hp_gain":0,"max_hp_loss":0,"event_name":"Designer","floor":36,"gold_loss":90,"cards_upgraded":["Warcry"]}],"is_beta":false,"boss_relics":[{"not_picked":["Black Blood","Orrery"],"picked":"Sozu"},{"not_picked":["Velvet Choker","Busted Crown"],"picked":"Black Star"}],"items_purged_floors":[13],"is_endless":false,"potions_floor_spawned":[4,14,16,21,22,28,33,40],"killed_by":"Spire Growth","ascension_level":0}