{"gold_per_floor":[164,184,184,184,184,224,239,272,319,319,319],"floor_reached":11,"playtime":856,"items_purged":[],"score":97,"play_id":"c73e1121-2ea9-4c24-a836-c578e6dd12b7","local_time":"20190202214924","is_ascension_mode":true,"campfire_choices":[{"data":"1","floor":10,"key":"LIFT"}],"neow_cost":"NONE","seed_source_timestamp":631455456201696,"circlet_count":0,"master_deck":["Defend_G","Defend_G","Defend_G","Defend_G+1","Defend_G+1","Strike_G","Strike_G","Strike_G","Strike_G","Strike_G+1","Survivor","Neutralize","Footwork","Terror","Backflip","Injury","Burst","PiercingWail","Catalyst"],"relics":["Tiny House","Singing Bowl","Golden Idol","War Paint","Girya","Bronze Scales"],"potions_floor_usage":[8,8,11],"damage_taken":[{"damage":0,"enemies":"Jaw Worm","floor":1,"turns":5},{"damage":5,"enemies":"Small Slimes","floor":2,"turns":5},{"damage":35,"enemies":"3 Sentries","floor":6,"turns":14},{"damage":0,"enemies":"Cultist","floor":7,"turns":5},{"damage":1,"enemies":"Lagavulin","floor":8,"turns":9},{"damage":27,"enemies":"Gremlin Nob","floor":11,"turns":4}],"seed_played":"-104802961181827402","potions_obtained":[{"floor":0,"key":"SteroidPotion"},{"floor":2,"key":"FearPotion"},{"floor":6,"key":"EssenceOfSteel"},{"floor":7,"key":"Block Potion"}],"is_trial":false,"path_per_floor":["M","M","?","?","?","E","M","E","T","R","E"],"character_chosen":"THE_SILENT","items_purchased":[],"campfire_rested":0,"item_purchase_floors":[],"current_hp_per_floor":[75,70,70,63,63,28,28,27,27,27,0],"gold":319,"neow_bonus":"BOSS_RELIC","is_prod":false,"is_daily":false,"chose_seed":false,"campfire_upgraded":0,"win_rate":0,"timestamp":1549165764,"path_taken":["M","M","?","?","?","E","M","E","T","R","E"],"build_version":"2019-01-23","purchased_purges":0,"victory":false,"max_hp_per_floor":[75,75,75,75,75,75,75,75,75,75,75],"card_choices":[{"not_picked":["Backflip","Deadly Poison"],"picked":"Footwork","floor":0},{"not_picked":["Catalyst","Skewer"],"picked":"Terror","floor":1},{"not_picked":["Underhanded Strike","Slice"],"picked":"Backflip","floor":2},{"not_picked":["Prepared","All Out Attack"],"picked":"Burst","floor":6},{"not_picked":["Masterful Stab","Blade Dance"],"picked":"PiercingWail","floor":7},{"not_picked":["Poisoned Stab","Dagger Spray"],"picked":"Catalyst","floor":8}],"player_experience":331174,"relics_obtained":[{"floor":6,"key":"War Paint"},{"floor":8,"key":"Girya"},{"floor":9,"key":"Bronze Scales"}],"event_choices":[{"damage_healed":0,"gold_gain":0,"player_choice":"Box","damage_taken":0,"relics_obtained":["Singing Bowl"],"max_hp_gain":0,"max_hp_loss":0,"event_name":"Big Fish","floor":3,"gold_loss":0,"cards_obtained":["Regret"]},{"cards_removed":["Regret"],"damage_healed":0,"gold_gain":0,"player_choice":"Card Removal","damage_taken":7,"max_hp_gain":0,"max_hp_loss":0,"event_name":"Golden Wing","floor":4,"gold_loss":0},{"damage_healed":0,"gold_gain":0,"player_choice":"Take Wound","damage_taken":0,"relics_obtained":["Golden Idol"],"max_hp_gain":0,"max_hp_loss":0,"event_name":"Golden Idol","floor":5,"gold_loss":0,"cards_obtained":["Injury"]}],"is_beta":false,"boss_relics":[],"items_purged_floors":[],"is_endless":false,"potions_floor_spawned":[2,6,7],"killed_by":"Gremlin Nob","ascension_level":4}