{"gold_per_floor":[118,118,293,293,304,339,339,357,357,632,661,267,284,284,284,284],"floor_reached":16,"playtime":771,"items_purged":["Strike_B"],"score":193,"play_id":"b947c486-8940-4ee6-aec9-e8f5a3689d61","local_time":"20181128212535","is_ascension_mode":true,"campfire_choices":[{"data":"Redo","floor":7,"key":"SMITH"},{"floor":15,"key":"REST"}],"neow_cost":"NONE","seed_source_timestamp":425616186658565,"circlet_count":0,"master_deck":["Strike_B","Defend_B","Defend_B","Defend_B","Defend_B","Zap","Dualcast","Darkness+1","Doubt","Redo+1","Compile Driver","Compile Driver","Regret","Biased Cognition","Lockon","Conserve Battery","Defragment","Barrage"],"relics":["Cracked Core","NeowsBlessing","Darkstone Periapt","Blue Candle","Kunai","Runic Capacitor"],"potions_floor_usage":[16,16],"damage_taken":[{"damage":0,"enemies":"Jaw Worm","floor":1,"turns":1},{"damage":0,"enemies":"2 Louse","floor":5,"turns":1},{"damage":0,"enemies":"Gremlin Nob","floor":6,"turns":1},{"damage":1,"enemies":"Cultist","floor":8,"turns":3},{"damage":27,"enemies":"3 Sentries","floor":11,"turns":6},{"damage":2,"enemies":"Large Slime","floor":13,"turns":3},{"damage":61,"enemies":"Hexaghost","floor":16,"turns":8}],"seed_played":"-3168128930478941493","potions_obtained":[{"floor":1,"key":"Energy Potion"},{"floor":5,"key":"SneckoOil"}],"is_trial":false,"path_per_floor":["M","?","?","?","M","E","R","M","T","?","E","$","M","?","R","B"],"character_chosen":"DEFECT","items_purchased":["Runic Capacitor","Lockon","Conserve Battery"],"campfire_rested":1,"item_purchase_floors":[12,12,12],"current_hp_per_floor":[68,61,61,61,61,61,61,60,60,66,39,39,37,37,61,0],"gold":284,"neow_bonus":"THREE_ENEMY_KILL","is_prod":false,"is_daily":false,"chose_seed":false,"campfire_upgraded":1,"win_rate":0,"timestamp":1543440335,"path_taken":["M","?","?","?","?","E","R","M","T","?","E","$","?","?","R","BOSS"],"build_version":"2018-11-15","purchased_purges":1,"victory":false,"max_hp_per_floor":[75,75,75,75,75,75,75,75,75,81,81,81,81,81,81,81],"card_choices":[{"not_picked":["Static Discharge","Go for the Eyes"],"picked":"Darkness","floor":1},{"not_picked":["Tempest","Conserve Battery"],"picked":"Redo","floor":5},{"not_picked":["Coolheaded","Tempest"],"picked":"Compile Driver","floor":6},{"not_picked":["Conserve Battery","Stack"],"picked":"Compile Driver","floor":8},{"not_picked":["FTL","Capacitor"],"picked":"Biased Cognition","floor":11},{"not_picked":["Coolheaded","Hologram"],"picked":"Defragment","floor":13}],"player_experience":910998,"relics_obtained":[{"floor":6,"key":"Darkstone Periapt"},{"floor":9,"key":"Blue Candle"},{"floor":11,"key":"Kunai"}],"event_choices":[{"cards_removed":["Strike_B"],"damage_healed":0,"gold_gain":0,"player_choice":"Card Removal","damage_taken":7,"max_hp_gain":0,"max_hp_loss":0,"event_name":"Golden Wing","floor":2,"gold_loss":0},{"damage_healed":0,"gold_gain":175,"player_choice":"AGREE","damage_taken":0,"max_hp_gain":0,"max_hp_loss":0,"event_name":"Liars Game","floor":3,"gold_loss":0,"cards_obtained":["Doubt"]},{"damage_healed":0,"gold_gain":0,"player_choice":"Upgraded","damage_taken":0,"max_hp_gain":0,"max_hp_loss":0,"event_name":"Upgrade Shrine","floor":4,"gold_loss":0,"cards_upgraded":["Darkness"]},{"damage_healed":0,"gold_gain":275,"player_choice":"Desecrate","damage_taken":0,"max_hp_gain":0,"max_hp_loss":0,"event_name":"Golden Shrine","floor":10,"gold_loss":0,"cards_obtained":["Regret"]},{"damage_healed":0,"gold_gain":0,"cards_transformed":["Strike_B"],"player_choice":"Transformed","damage_taken":0,"max_hp_gain":0,"max_hp_loss":0,"event_name":"Transmorgrifier","floor":14,"gold_loss":0,"cards_obtained":["Barrage"]}],"is_beta":false,"boss_relics":[],"items_purged_floors":[12],"is_endless":false,"potions_floor_spawned":[1,5],"killed_by":"Hexaghost","ascension_level":9}