{"gold_per_floor":[109,109,109,39,52,78,78,91,91,107,107,124,158,176,176,176],"floor_reached":16,"playtime":694,"items_purged":[],"score":171,"play_id":"5890afb5-5488-429e-a60a-7a0447fe7184","local_time":"20181201185516","is_ascension_mode":true,"campfire_choices":[{"data":"Infernal Blade","floor":7,"key":"SMITH"},{"floor":15,"key":"REST"}],"neow_cost":"PERCENT_DAMAGE","seed_source_timestamp":712421047884167,"circlet_count":0,"master_deck":["Strike_R+1","Strike_R+1","Strike_R","Strike_R","Defend_R","Defend_R","Defend_R","Defend_R","Bash","Exhume","True Grit","Twin Strike","Inflame+1","Infernal Blade+1","True Grit","Warcry","Body Slam","Pummel","Heavy Blade","Havoc"],"relics":["Burning Blood","Dodecahedron","Bottled Flame","The Courier","Whetstone"],"potions_floor_usage":[6,14,16,16],"damage_taken":[{"damage":6,"enemies":"Cultist","floor":1,"turns":4},{"damage":5,"enemies":"2 Louse","floor":5,"turns":3},{"damage":25,"enemies":"3 Sentries","floor":6,"turns":7},{"damage":12,"enemies":"Jaw Worm","floor":8,"turns":3},{"damage":19,"enemies":"Exordium Thugs","floor":10,"turns":6},{"damage":9,"enemies":"Blue Slaver","floor":12,"turns":4},{"damage":0,"enemies":"Gremlin Nob","floor":13,"turns":2},{"damage":7,"enemies":"Exordium Wildlife","floor":14,"turns":4},{"damage":67,"enemies":"Slime Boss","floor":16,"turns":5}],"seed_played":"-5705851925243673615","potions_obtained":[{"floor":5,"key":"SpeedPotion"},{"floor":6,"key":"Energy Potion"},{"floor":10,"key":"FearPotion"},{"floor":13,"key":"BloodPotion"}],"is_trial":false,"path_per_floor":["M","T","?","$","M","E","R","M","T","M","?","M","E","M","R","B"],"character_chosen":"IRONCLAD","items_purchased":["Inflame"],"campfire_rested":1,"item_purchase_floors":[4],"current_hp_per_floor":[56,56,56,56,57,38,38,32,32,19,19,16,22,21,45,0],"gold":176,"neow_bonus":"THREE_RARE_CARDS","is_prod":false,"is_daily":false,"chose_seed":false,"campfire_upgraded":1,"win_rate":0,"timestamp":1543708516,"path_taken":["M","?","?","$","?","E","R","M","T","M","?","?","E","M","R","BOSS"],"build_version":"2018-11-15","purchased_purges":0,"victory":false,"max_hp_per_floor":[80,80,80,80,80,80,80,80,80,80,80,80,80,80,80,80],"card_choices":[{"not_picked":["Reaper","Berserk"],"picked":"Exhume","floor":0},{"not_picked":["Pommel Strike","Flex"],"picked":"True Grit","floor":1},{"not_picked":["Sever Soul","Perfected Strike"],"picked":"Infernal Blade","floor":5},{"not_picked":["Cleave","Evolve"],"picked":"True Grit","floor":6},{"not_picked":["Rampage","Sever Soul"],"picked":"Warcry","floor":8},{"not_picked":["Wild Strike","Thunderclap"],"picked":"Body Slam","floor":10},{"not_picked":["Warcry","Twin Strike"],"picked":"Pummel","floor":12},{"not_picked":["True Grit","Fiend Fire"],"picked":"Heavy Blade","floor":13},{"not_picked":["Body Slam","Wild Strike"],"picked":"Havoc","floor":14}],"player_experience":330268,"relics_obtained":[{"floor":2,"key":"Dodecahedron"},{"floor":6,"key":"Bottled Flame"},{"floor":9,"key":"The Courier"},{"floor":13,"key":"Whetstone"}],"event_choices":[{"damage_healed":0,"gold_gain":0,"cards_transformed":["Strike_R"],"player_choice":"Transformed","damage_taken":0,"max_hp_gain":0,"max_hp_loss":0,"event_name":"Transmorgrifier","floor":3,"gold_loss":0,"cards_obtained":["Twin Strike"]},{"damage_healed":0,"gold_gain":0,"player_choice":"Upgraded","damage_taken":0,"max_hp_gain":0,"max_hp_loss":0,"event_name":"Upgrade Shrine","floor":11,"gold_loss":0,"cards_upgraded":["Inflame"]}],"is_beta":false,"boss_relics":[],"items_purged_floors":[],"is_endless":false,"potions_floor_spawned":[5,6,10,13],"killed_by":"Slime Boss","ascension_level":5}