{"gold_per_floor":[118,118,138,138,150,150,162,172,172,182,217,217,217,247,247,346,346,360,156,174,191,206,232,232,257,281,281,295,311,336,346,346,450,450,464,564,413,431,331,331,359,359,385,403,414,90,105,105,105,105],"floor_reached":50,"playtime":2265,"items_purged":["Strike_G","Strike_G","Strike_G"],"score":648,"play_id":"bba3d17c-6ed6-407e-9749-76edd9cb6797","local_time":"20181220033321","is_ascension_mode":true,"campfire_choices":[{"floor":6,"key":"RECALL"},{"data":"1","floor":12,"key":"LIFT"},{"data":"Caltrops","floor":15,"key":"SMITH"},{"data":"Apotheosis","floor":27,"key":"SMITH"},{"data":"2","floor":32,"key":"LIFT"},{"data":"3","floor":40,"key":"LIFT"},{"data":"Well Laid Plans","floor":42,"key":"SMITH"},{"data":"Catalyst","floor":49,"key":"SMITH"}],"neow_cost":"NONE","seed_source_timestamp":551516833842338,"circlet_count":0,"master_deck":["Defend_G","Defend_G","Defend_G","Defend_G","Defend_G","Survivor","Neutralize","Caltrops","Slice","Backflip","Backflip","Dodge and Roll","Caltrops+1","Slice","Die Die Die","Corpse Explosion","Prepared+1","Noxious Fumes","Apotheosis+1","Backstab","Bouncing Flask","Leg Sweep","Cloak And Dagger","Backflip+1","Deadly Poison","Burst","Backflip","Envenom","Quick Slash+1","Well Laid Plans+1","Footwork+1","Cloak And Dagger+1","Acrobatics","Catalyst+1","Noxious Fumes+1","Writhe"],"relics":["Coffee Dripper","Letter Opener","Girya","Bottled Tornado","Lizard Tail","Pear","Blood Vial","Omamori","Ornamental Fan","Cursed Key","Happy Flower","ClockworkSouvenir"],"potions_floor_usage":[16,20,23,28,33],"damage_taken":[{"damage":2,"enemies":"2 Louse","floor":1,"turns":2},{"damage":0,"enemies":"Small Slimes","floor":3,"turns":4},{"damage":0,"enemies":"Cultist","floor":5,"turns":4},{"damage":0,"enemies":"Exordium Thugs","floor":7,"turns":4},{"damage":0,"enemies":"Large Slime","floor":8,"turns":7},{"damage":1,"enemies":"2 Fungi Beasts","floor":10,"turns":3},{"damage":9,"enemies":"3 Sentries","floor":11,"turns":7},{"damage":13,"enemies":"Gremlin Nob","floor":14,"turns":5},{"damage":25,"enemies":"Slime Boss","floor":16,"turns":10},{"damage":11,"enemies":"Spheric Guardian","floor":18,"turns":4},{"damage":2,"enemies":"Shell Parasite","floor":20,"turns":6},{"damage":11,"enemies":"Cultist and Chosen","floor":21,"turns":5},{"damage":10,"enemies":"3 Cultists","floor":22,"turns":4},{"damage":19,"enemies":"Book of Stabbing","floor":23,"turns":4},{"damage":16,"enemies":"Colosseum Slavers","floor":24,"turns":4},{"damage":1,"enemies":"Gremlin Leader","floor":25,"turns":7},{"damage":9,"enemies":"Snake Plant","floor":28,"turns":3},{"damage":20,"enemies":"Sentry and Sphere","floor":29,"turns":7},{"damage":30,"enemies":"Slavers","floor":30,"turns":4},{"damage":0,"enemies":"3 Cultists","floor":31,"turns":3},{"damage":19,"enemies":"Automaton","floor":33,"turns":8},{"damage":0,"enemies":"Orb Walker","floor":35,"turns":3},{"damage":0,"enemies":"3 Shapes","floor":38,"turns":4},{"damage":42,"enemies":"Reptomancer","floor":41,"turns":6},{"damage":7,"enemies":"Maw","floor":44,"turns":7},{"damage":10,"enemies":"4 Shapes","floor":45,"turns":5},{"damage":12,"enemies":"Writhing Mass","floor":47,"turns":4},{"damage":46,"enemies":"Time Eater","floor":50,"turns":6}],"seed_played":"-1085943997641193494","potions_obtained":[{"floor":8,"key":"Regen Potion"},{"floor":10,"key":"Explosive Potion"},{"floor":14,"key":"SteroidPotion"},{"floor":16,"key":"FearPotion"},{"floor":18,"key":"SkillPotion"},{"floor":25,"key":"Energy Potion"},{"floor":28,"key":"Strength Potion"},{"floor":31,"key":"Explosive Potion"},{"floor":38,"key":"Ancient Potion"},{"floor":44,"key":"Poison Potion"}],"is_trial":false,"path_per_floor":["M","?","M","?","M","R","M","M","T","M","E","R","?","E","R","B",null,"M","$","M","M","M","E","?","E","T","R","M","M","E","M","R","B",null,"M","?","$","M","$","R","E","R","T","M","M","$","M","?","R","B"],"character_chosen":"THE_SILENT","items_purchased":["Noxious Fumes","Apotheosis","Well Laid Plans","ClockworkSouvenir"],"campfire_rested":0,"item_purchase_floors":[19,19,37,46],"current_hp_per_floor":[68,61,61,66,66,66,66,66,66,65,56,56,56,43,43,18,75,64,64,75,64,54,45,29,28,28,28,21,3,21,23,23,6,85,85,85,85,85,85,85,43,43,43,38,30,30,20,41,41,0],"gold":105,"neow_bonus":"BOSS_RELIC","is_prod":false,"is_daily":false,"chose_seed":false,"campfire_upgraded":4,"win_rate":0,"timestamp":1545294801,"path_taken":["M","?","M","?","M","R","M","M","T","M","E","R","?","E","R","BOSS","M","$","?","M","M","E","?","E","T","R","M","M","E","M","R","BOSS","M","?","?","M","$","R","E","R","T","M","M","$","M","?","R","BOSS"],"build_version":"2018-12-13","purchased_purges":3,"victory":false,"max_hp_per_floor":[70,70,70,75,75,75,75,75,75,75,75,75,75,75,75,75,75,75,75,75,75,75,85,85,85,85,85,85,85,85,85,85,85,85,85,85,85,85,85,85,85,85,85,85,85,85,85,85,85,85],"card_choices":[{"not_picked":["Deadly Poison","Bane"],"picked":"Caltrops","floor":1},{"not_picked":["Underhanded Strike","Flying Knee"],"picked":"Slice","floor":3},{"not_picked":["Expertise","A Thousand Cuts"],"picked":"Backflip","floor":5},{"not_picked":["Distraction","Dagger Spray"],"picked":"Backflip","floor":7},{"not_picked":["Deflect","Backflip"],"picked":"Dodge and Roll","floor":8},{"not_picked":["Heel Hook","Prepared"],"picked":"Caltrops","floor":10},{"not_picked":["Storm of Steel","Bane"],"picked":"Slice","floor":11},{"not_picked":["Dagger Spray","Expertise"],"picked":"Die Die Die","floor":14},{"not_picked":["Venomology","Bullet Time"],"picked":"Corpse Explosion","floor":16},{"not_picked":["Bane","Outmaneuver"],"picked":"Prepared+1","floor":18},{"not_picked":["Predator+1","Flechettes"],"picked":"Backstab","floor":20},{"not_picked":["All Out Attack","Dagger Spray","Concentrate"],"picked":"SKIP","floor":21},{"not_picked":["Deflect","Dash"],"picked":"Bouncing Flask","floor":22},{"not_picked":["Tactician","Accuracy"],"picked":"Leg Sweep","floor":23},{"not_picked":["Phantasmal Killer","Flying Knee"],"picked":"Cloak And Dagger","floor":25},{"not_picked":["Noxious Fumes","Sucker Punch"],"picked":"Backflip+1","floor":28},{"not_picked":["Sucker Punch","Tactician"],"picked":"Deadly Poison","floor":29},{"not_picked":["Dagger Throw","Bane+1"],"picked":"Burst","floor":30},{"not_picked":["Sucker Punch","Tactician"],"picked":"Backflip","floor":31},{"not_picked":["Bullet Time","Die Die Die"],"picked":"Envenom","floor":33},{"not_picked":["Dagger Throw","Sucker Punch+1"],"picked":"Quick Slash+1","floor":35},{"not_picked":["Dagger Spray","Sucker Punch"],"picked":"Footwork+1","floor":38},{"not_picked":["Infinite Blades+1","Venomology"],"picked":"Cloak And Dagger+1","floor":41},{"not_picked":["Flying Knee+1","Dagger Throw"],"picked":"Acrobatics","floor":44},{"not_picked":["Phantasmal Killer","Tactician"],"picked":"Catalyst","floor":45},{"not_picked":["Dagger Throw+1","Choke"],"picked":"Noxious Fumes+1","floor":47}],"player_experience":410851,"relics_obtained":[{"floor":9,"key":"Letter Opener"},{"floor":11,"key":"Girya"},{"floor":14,"key":"Bottled Tornado"},{"floor":23,"key":"Pear"},{"floor":25,"key":"Blood Vial"},{"floor":26,"key":"Omamori"},{"floor":30,"key":"Ornamental Fan"},{"floor":41,"key":"Happy Flower"}],"event_choices":[{"cards_removed":["Strike_G"],"damage_healed":0,"gold_gain":0,"player_choice":"Card Removal","damage_taken":7,"max_hp_gain":0,"max_hp_loss":0,"event_name":"Golden Wing","floor":2,"gold_loss":0},{"damage_healed":0,"gold_gain":0,"player_choice":"Donut","damage_taken":0,"max_hp_gain":5,"max_hp_loss":0,"event_name":"Big Fish","floor":4,"gold_loss":0},{"cards_removed":["Strike_G"],"damage_healed":0,"gold_gain":0,"player_choice":"Offered Basic","damage_taken":0,"max_hp_gain":0,"max_hp_loss":0,"event_name":"Bonfire Elementals","floor":13,"gold_loss":0},{"damage_healed":0,"gold_gain":0,"player_choice":"Fight","damage_taken":0,"max_hp_gain":0,"max_hp_loss":0,"event_name":"Colosseum","floor":24,"gold_loss":0},{"damage_healed":0,"gold_gain":0,"player_choice":"Fled From Nobs","damage_taken":0,"max_hp_gain":0,"max_hp_loss":0,"event_name":"Colosseum","floor":24,"gold_loss":0},{"damage_healed":0,"gold_gain":100,"player_choice":"Pray","damage_taken":0,"max_hp_gain":0,"max_hp_loss":0,"event_name":"Golden Shrine","floor":36,"gold_loss":0},{"damage_healed":21,"gold_gain":0,"player_choice":"Writhe","damage_taken":0,"max_hp_gain":0,"max_hp_loss":0,"event_name":"Winding Halls","floor":48,"gold_loss":0,"cards_obtained":["Writhe"]}],"is_beta":false,"boss_relics":[{"not_picked":["Black Star","Empty Cage"],"picked":"Lizard Tail"},{"not_picked":["Astrolabe","WristBlade"],"picked":"Cursed Key"}],"items_purged_floors":[37,39,46],"is_endless":false,"potions_floor_spawned":[8,10,14,16,18,24,25,28,31,38,44,47],"killed_by":"Time Eater","ascension_level":1}