{"gold_per_floor":[116,116,136,151,164,164,198,198,198,229,28,28,28,44,44,140,140,152,152,165,179,32,59,59,87,87,117,137,148,148,47,47,146,146,164,175,20,33,47,47,81,81,81,81,99,0,0,15,15,15],"floor_reached":51,"playtime":1163,"items_purged":["Defend_R"],"score":1096,"play_id":"337b2d24-58f1-4f8b-96d4-3ea23656ef16","local_time":"20181215181349","is_ascension_mode":true,"campfire_choices":[{"data":"1","floor":6,"key":"LIFT"},{"floor":12,"key":"REST"},{"data":"2","floor":15,"key":"LIFT"},{"floor":24,"key":"REST"},{"data":"3","floor":30,"key":"LIFT"},{"data":"Double Tap","floor":32,"key":"SMITH"},{"data":"Perfected Strike","floor":40,"key":"SMITH"},{"data":"Limit Break","floor":44,"key":"SMITH"},{"data":"Perfected Strike","floor":49,"key":"SMITH"}],"neow_cost":"CURSE","seed_source_timestamp":28003189672495,"circlet_count":0,"master_deck":["Strike_R","Strike_R","Strike_R","Strike_R","Strike_R","Defend_R","Defend_R","Defend_R","Bash","Perfected Strike+1","Iron Wave","Perfected Strike+1","Shrug It Off","Twin Strike","Twin Strike","Double Tap+1","Twin Strike+1","Offering","Wild Strike+1","Perfected Strike+1","Shrug It Off+1","Rage","Limit Break+1","True Grit+1"],"relics":["Burning Blood","Girya","Spirit Poop","Dream Catcher","Torii","Mercury Hourglass","Singing Bowl","Lantern","Cursed Key","Potion Belt","Oddly Smooth Stone","Champion Belt","Bronze Scales","Busted Crown","Boot","Red Mask"],"potions_floor_usage":[10,23,23,25,25,33,33,39,41,41,50,50,50],"damage_taken":[{"damage":12,"enemies":"Jaw Worm","floor":1,"turns":4},{"damage":6,"enemies":"Cultist","floor":3,"turns":3},{"damage":9,"enemies":"2 Louse","floor":4,"turns":3},{"damage":31,"enemies":"Large Slime","floor":5,"turns":5},{"damage":30,"enemies":"3 Sentries","floor":7,"turns":6},{"damage":0,"enemies":"Gremlin Nob","floor":10,"turns":2},{"damage":9,"enemies":"Red Slaver","floor":14,"turns":2},{"damage":52,"enemies":"The Guardian","floor":16,"turns":10},{"damage":24,"enemies":"Shell Parasite","floor":18,"turns":3},{"damage":12,"enemies":"2 Thieves","floor":20,"turns":3},{"damage":9,"enemies":"Shelled Parasite and Fungi","floor":21,"turns":3},{"damage":29,"enemies":"Slavers","floor":23,"turns":4},{"damage":4,"enemies":"Book of Stabbing","floor":25,"turns":3},{"damage":19,"enemies":"Gremlin Leader","floor":27,"turns":5},{"damage":6,"enemies":"Snake Plant","floor":28,"turns":2},{"damage":6,"enemies":"Centurion and Healer","floor":29,"turns":3},{"damage":52,"enemies":"Champ","floor":33,"turns":7},{"damage":10,"enemies":"Orb Walker","floor":35,"turns":2},{"damage":6,"enemies":"3 Darklings","floor":36,"turns":2},{"damage":7,"enemies":"Writhing Mass","floor":38,"turns":2},{"damage":13,"enemies":"Spire Growth","floor":39,"turns":3},{"damage":34,"enemies":"Giant Head","floor":41,"turns":6},{"damage":34,"enemies":"Jaw Worm Horde","floor":45,"turns":3},{"damage":10,"enemies":"Writhing Mass","floor":48,"turns":4},{"damage":61,"enemies":"Awakened One","floor":50,"turns":7}],"seed_played":"5147127105091614550","potions_obtained":[{"floor":4,"key":"Weak Potion"},{"floor":7,"key":"SneckoOil"},{"floor":14,"key":"Regen Potion"},{"floor":18,"key":"GamblersBrew"},{"floor":23,"key":"Poison Potion"},{"floor":25,"key":"Ancient Potion"},{"floor":28,"key":"Block Potion"},{"floor":33,"key":"BloodPotion"},{"floor":36,"key":"LiquidBronze"},{"floor":41,"key":"SteroidPotion"},{"floor":48,"key":"Ancient Potion"}],"is_trial":false,"path_per_floor":["M","?","M","M","M","R","E","?","T","E","$","R","?","M","R","B",null,"M","?","M","M","$","E","R","E","T","E","M","M","R","$","R","B",null,"M","M","$","M","M","R","E","?","T","R","M","?","?","M","R","B",null],"character_chosen":"IRONCLAD","items_purchased":["Lantern","Twin Strike","Potion Belt","SkillPotion","Swift Potion","Rage"],"campfire_rested":2,"item_purchase_floors":[11,11,22,31,31,37],"current_hp_per_floor":[66,66,66,63,38,38,14,2,2,10,10,34,61,60,60,14,67,51,51,45,44,44,35,62,66,66,55,55,55,55,55,55,11,75,71,73,73,74,69,69,51,51,51,51,23,23,85,83,83,28],"gold":15,"neow_bonus":"ONE_RARE_RELIC","is_prod":false,"is_daily":false,"chose_seed":false,"campfire_upgraded":4,"win_rate":0,"timestamp":1544915629,"path_taken":["M","?","?","M","M","R","E","?","T","E","$","R","?","M","R","BOSS","M","?","M","?","$","E","R","E","T","E","M","M","R","$","R","BOSS","M","M","$","M","M","R","E","?","T","R","M","?","?","M","R","BOSS"],"build_version":"2018-12-13","purchased_purges":1,"victory":true,"max_hp_per_floor":[80,80,80,80,80,80,80,80,80,82,82,82,82,84,84,84,84,86,86,86,88,88,90,90,92,92,94,94,94,94,94,94,96,96,96,98,98,100,102,102,102,97,97,97,97,97,85,87,87,87],"card_choices":[{"not_picked":["Warcry","Burning Pact","Headbutt"],"picked":"SKIP","floor":1},{"not_picked":["Entrench","Warcry"],"picked":"Perfected Strike","floor":3},{"not_picked":["Heavy Blade","Sword Boomerang"],"picked":"Iron Wave","floor":4},{"not_picked":["Headbutt","Burning Pact"],"picked":"Perfected Strike","floor":5},{"not_picked":["Uppercut","Anger"],"picked":"Shrug It Off","floor":7},{"not_picked":["Dropkick","Body Slam","Dual Wield"],"picked":"Singing Bowl","floor":10},{"not_picked":["Corruption","Rupture"],"picked":"Twin Strike","floor":12},{"not_picked":["Sentinel","Shockwave","Battle Trance"],"picked":"Singing Bowl","floor":14},{"not_picked":["Feed","Bludgeon"],"picked":"Double Tap","floor":16},{"not_picked":["Sword Boomerang","Fire Breathing+1","Iron Wave"],"picked":"Singing Bowl","floor":18},{"not_picked":["Carnage","Wild Strike+1"],"picked":"Twin Strike+1","floor":20},{"not_picked":["Havoc","Clash","Combust"],"picked":"Singing Bowl","floor":21},{"not_picked":["Burning Pact","Sever Soul","Combust"],"picked":"Singing Bowl","floor":23},{"not_picked":["True Grit","Headbutt"],"picked":"Offering","floor":24},{"not_picked":["Anger+1","Havoc","Shrug It Off+1"],"picked":"Singing Bowl","floor":25},{"not_picked":["Rampage+1","Armaments","Anger"],"picked":"Singing Bowl","floor":27},{"not_picked":["Pommel Strike","Shrug It Off"],"picked":"Wild Strike+1","floor":28},{"not_picked":["Dual Wield","Sword Boomerang+1"],"picked":"Perfected Strike+1","floor":29},{"not_picked":["Dark Embrace","Berserk","Reaper"],"picked":"Singing Bowl","floor":33},{"not_picked":[],"picked":"Shrug It Off+1","floor":35},{"not_picked":["Rupture"],"picked":"Singing Bowl","floor":36},{"not_picked":["Heavy Blade+1"],"picked":"Singing Bowl","floor":38},{"not_picked":["Combust"],"picked":"Singing Bowl","floor":39},{"not_picked":[],"picked":"Limit Break","floor":41},{"not_picked":[],"picked":"True Grit+1","floor":45},{"not_picked":["Anger+1"],"picked":"Singing Bowl","floor":48}],"player_experience":586953,"relics_obtained":[{"floor":7,"key":"Dream Catcher"},{"floor":9,"key":"Mercury Hourglass"},{"floor":10,"key":"Singing Bowl"},{"floor":23,"key":"Oddly Smooth Stone"},{"floor":25,"key":"Champion Belt"},{"floor":27,"key":"Bronze Scales"},{"floor":41,"key":"Boot"}],"event_choices":[{"cards_removed":["Shame"],"damage_healed":0,"gold_gain":0,"player_choice":"Offered Curse","damage_taken":0,"relics_obtained":["Spirit Poop"],"max_hp_gain":0,"max_hp_loss":0,"event_name":"Bonfire Elementals","floor":2,"gold_loss":0},{"damage_healed":0,"gold_gain":0,"player_choice":"Success","damage_taken":12,"relics_obtained":["Torii"],"max_hp_gain":0,"max_hp_loss":0,"event_name":"Scrap Ooze","floor":8,"gold_loss":0},{"damage_healed":27,"gold_gain":0,"player_choice":"Banana","damage_taken":0,"max_hp_gain":0,"max_hp_loss":0,"event_name":"Big Fish","floor":13,"gold_loss":0},{"damage_healed":0,"gold_gain":0,"player_choice":"Bought 0 Potions","damage_taken":0,"max_hp_gain":0,"max_hp_loss":0,"event_name":"The Woman in Blue","floor":19,"gold_loss":0},{"damage_healed":0,"gold_gain":0,"player_choice":"Max HP","damage_taken":0,"max_hp_gain":0,"max_hp_loss":5,"event_name":"Winding Halls","floor":42,"gold_loss":0},{"damage_healed":0,"gold_gain":0,"player_choice":"Paid","damage_taken":0,"relics_obtained":["Red Mask"],"max_hp_gain":0,"max_hp_loss":0,"event_name":"Tomb of Lord Red Mask","floor":46,"gold_loss":99},{"damage_healed":85,"gold_gain":0,"player_choice":"Heal","damage_taken":0,"max_hp_gain":0,"max_hp_loss":12,"event_name":"The Moai Head","floor":47,"gold_loss":0}],"is_beta":true,"boss_relics":[{"not_picked":["Runic Pyramid","Runic Dome"],"picked":"Cursed Key"},{"not_picked":["Black Star","Fusion Hammer"],"picked":"Busted Crown"}],"items_purged_floors":[37],"is_endless":false,"potions_floor_spawned":[4,7,14,18,23,25,28,33,36,41,48],"ascension_level":9}