{"gold_per_floor":[114,114,127,202,202,202,236,236,286,286,298,315,330,67,67,143,143,156,171,171,96,96],"floor_reached":22,"playtime":440,"items_purged":["Decay"],"score":340,"play_id":"9d519820-b22c-412f-9dc6-c901552fad95","local_time":"20190209180941","is_ascension_mode":true,"campfire_choices":[{"data":"Immolate","floor":6,"key":"SMITH"},{"data":"Disarm","floor":8,"key":"SMITH"},{"data":"Spot Weakness","floor":15,"key":"SMITH"}],"neow_cost":"TEN_PERCENT_HP_LOSS","seed_source_timestamp":1769180290367622,"circlet_count":0,"master_deck":["AscendersBane","Strike_R","Strike_R","Strike_R","Strike_R","Strike_R","Defend_R","Defend_R","Defend_R","Defend_R","Bash","Immolate+1","Cleave","Disarm+1","Spot Weakness+1","Sword Boomerang","Intimidate","Whirlwind","Reaper","Sword Boomerang","Battle Trance+1"],"relics":["Burning Blood","Mercury Hourglass","Potion Belt","Bag of Marbles","Question Card","Pantograph","White Beast Statue"],"potions_floor_usage":[18,18,19,22,22],"damage_taken":[{"damage":12,"enemies":"Jaw Worm","floor":1,"turns":3},{"damage":0,"enemies":"Small Slimes","floor":3,"turns":2},{"damage":24,"enemies":"Gremlin Nob","floor":7,"turns":4},{"damage":9,"enemies":"2 Louse","floor":11,"turns":2},{"damage":9,"enemies":"Red Slaver","floor":12,"turns":2},{"damage":1,"enemies":"Looter","floor":13,"turns":2},{"damage":40,"enemies":"The Guardian","floor":16,"turns":11},{"damage":33,"enemies":"Shell Parasite","floor":18,"turns":5},{"damage":21,"enemies":"Spheric Guardian","floor":19,"turns":4},{"damage":38,"enemies":"Centurion and Healer","floor":22,"turns":5}],"seed_played":"121342838174973039","potions_obtained":[{"floor":3,"key":"Dexterity Potion"},{"floor":12,"key":"Weak Potion"},{"floor":13,"key":"EssenceOfSteel"},{"floor":18,"key":"BloodPotion"},{"floor":19,"key":"Block Potion"}],"is_trial":false,"path_per_floor":["M","?","M","?","?","R","E","R","T","T","M","M","M","$","R","B",null,"M","M","?","$","M"],"character_chosen":"IRONCLAD","items_purchased":["Pantograph"],"campfire_rested":0,"item_purchase_floors":[14],"current_hp_per_floor":[62,51,57,46,51,51,33,33,33,33,30,27,32,32,32,23,61,34,19,19,19,0],"gold":96,"neow_bonus":"THREE_RARE_CARDS","is_prod":false,"is_daily":false,"chose_seed":false,"campfire_upgraded":3,"win_rate":0,"timestamp":1549753781,"path_taken":["M","?","M","?","?","R","E","R","T","?","M","?","M","$","R","BOSS","M","M","?","$","M"],"build_version":"2019-02-06","purchased_purges":1,"victory":false,"max_hp_per_floor":[68,68,68,68,73,73,73,73,73,73,73,73,73,73,73,73,73,73,73,73,73,73],"card_choices":[{"not_picked":["Dark Embrace","Double Tap"],"picked":"Immolate","floor":0},{"not_picked":["Wild Strike","Seeing Red"],"picked":"Cleave","floor":1},{"not_picked":["Havoc","Heavy Blade"],"picked":"Disarm","floor":3},{"not_picked":["Power Through","Hemokinesis"],"picked":"Spot Weakness","floor":7},{"not_picked":["Armaments","Cleave","Flex"],"picked":"Sword Boomerang","floor":11},{"not_picked":["Shrug It Off","Body Slam","Wild Strike"],"picked":"Intimidate","floor":12},{"not_picked":["Rupture","Flex","Sword Boomerang"],"picked":"Whirlwind","floor":13},{"not_picked":["Barricade","Brutality","Dark Embrace"],"picked":"Reaper","floor":16},{"not_picked":["Cleave","Havoc+1","True Grit"],"picked":"Sword Boomerang","floor":18},{"not_picked":["Infernal Blade","Blood for Blood","Armaments"],"picked":"Battle Trance+1","floor":19}],"player_experience":658104,"relics_obtained":[{"floor":7,"key":"Potion Belt"},{"floor":9,"key":"Bag of Marbles"},{"floor":10,"key":"Question Card"}],"event_choices":[{"damage_healed":0,"gold_gain":0,"player_choice":"Success","damage_taken":11,"relics_obtained":["Mercury Hourglass"],"max_hp_gain":0,"max_hp_loss":0,"event_name":"Scrap Ooze","floor":2,"gold_loss":0},{"damage_healed":0,"gold_gain":75,"player_choice":"Gather Gold","damage_taken":11,"max_hp_gain":0,"max_hp_loss":0,"event_name":"World of Goop","floor":4,"gold_loss":0},{"damage_healed":0,"gold_gain":0,"player_choice":"Donut","damage_taken":0,"max_hp_gain":5,"max_hp_loss":0,"event_name":"Big Fish","floor":5,"gold_loss":0},{"damage_healed":0,"gold_gain":0,"player_choice":"Smashed Altar","damage_taken":0,"max_hp_gain":0,"max_hp_loss":0,"event_name":"Forgotten Altar","floor":20,"gold_loss":0,"cards_obtained":["Decay"]}],"is_beta":true,"boss_relics":[{"not_picked":["Runic Pyramid","Pandora\u0027s Box"],"picked":"White Beast Statue"}],"items_purged_floors":[21],"is_endless":false,"potions_floor_spawned":[3,12,13,18,19],"killed_by":"Centurion and Healer","ascension_level":17}