{"gold_per_floor":[119,135,135,146,166,166,196,206,255,271,48,48,83,142,142,246,246,261,48,0,15,15,15,30,129,155,155,155,155,155],"floor_reached":30,"playtime":2570,"items_purged":["Strike_G"],"score":357,"play_id":"dce70faf-db32-44a7-8cb2-1ad7ee87b5ca","local_time":"20181205225852","is_ascension_mode":true,"campfire_choices":[{"data":"Neutralize","floor":6,"key":"SMITH"},{"floor":15,"key":"REST"},{"floor":23,"key":"REST"}],"neow_cost":"NONE","seed_source_timestamp":429844062003620,"circlet_count":0,"master_deck":["AscendersBane","Defend_G+1","Defend_G+1","Defend_G","Defend_G","Defend_G+1","Strike_G","Survivor","Neutralize+1","Riddle With Holes","Poisoned Stab","Blur","Sucker Punch","Underhanded Strike","Dash","Backflip","Bouncing Flask","Dagger Spray","Caltrops","Well Laid Plans","Poisoned Stab","Backflip","Burst","Caltrops","Leg Sweep+1","Heel Hook","Sucker Punch+1","Leg Sweep","Infinite Blades","Tactician"],"relics":["Ring of the Snake","NeowsBlessing","Turnip","Question Card","Centennial Puzzle","Lizard Tail","PreservedInsect","War Paint"],"potions_floor_usage":[7,13,14,16,27,27],"damage_taken":[{"damage":0,"enemies":"Small Slimes","floor":1,"turns":1},{"damage":0,"enemies":"Jaw Worm","floor":2,"turns":1},{"damage":0,"enemies":"2 Louse","floor":4,"turns":1},{"damage":2,"enemies":"2 Fungi Beasts","floor":5,"turns":5},{"damage":42,"enemies":"Lagavulin","floor":7,"turns":6},{"damage":2,"enemies":"Large Slime","floor":8,"turns":6},{"damage":0,"enemies":"Blue Slaver","floor":10,"turns":4},{"damage":2,"enemies":"Gremlin Nob","floor":13,"turns":5},{"damage":1,"enemies":"3 Sentries","floor":14,"turns":9},{"damage":26,"enemies":"Hexaghost","floor":16,"turns":9},{"damage":8,"enemies":"Shell Parasite","floor":18,"turns":7},{"damage":10,"enemies":"2 Thieves","floor":20,"turns":5},{"damage":70,"enemies":"Centurion and Healer","floor":21,"turns":16},{"damage":9,"enemies":"Snake Plant","floor":24,"turns":6},{"damage":33,"enemies":"Colosseum Slavers","floor":27,"turns":7},{"damage":20,"enemies":"Slavers","floor":30,"turns":3}],"seed_played":"-5956468027579226499","potions_obtained":[{"floor":1,"key":"FearPotion"},{"floor":8,"key":"Regen Potion"},{"floor":13,"key":"EssenceOfSteel"},{"floor":14,"key":"Poison Potion"},{"floor":21,"key":"SkillPotion"},{"floor":24,"key":"Regen Potion"}],"is_trial":false,"path_per_floor":["M","M","?","M","M","R","E","M","T","M","$","?","E","?","R","B",null,"M","$","M","M","?","R","M","?","T","?","?","T","E"],"character_chosen":"THE_SILENT","items_purchased":["Backflip","Bouncing Flask","Dagger Spray","Caltrops","Caltrops","Leg Sweep"],"campfire_rested":2,"item_purchase_floors":[11,11,11,11,19,19],"current_hp_per_floor":[63,63,49,49,47,47,5,3,3,3,3,3,16,15,36,10,55,47,47,37,3,26,47,38,38,38,20,20,20,0],"gold":155,"neow_bonus":"THREE_ENEMY_KILL","is_prod":false,"is_daily":false,"chose_seed":false,"campfire_upgraded":1,"win_rate":0,"timestamp":1544050732,"path_taken":["M","M","?","M","M","R","E","M","T","M","$","?","E","?","R","BOSS","M","$","M","M","?","R","M","?","T","?","?","?","E"],"build_version":"2018-11-15","purchased_purges":1,"victory":false,"max_hp_per_floor":[70,70,70,70,70,70,70,70,70,70,70,70,70,70,70,70,70,70,70,70,70,70,70,70,70,70,70,70,70,70],"card_choices":[{"not_picked":["Caltrops","Prepared"],"picked":"Riddle With Holes","floor":1},{"not_picked":["PiercingWail","Backflip"],"picked":"Poisoned Stab","floor":2},{"not_picked":["Dagger Throw","Masterful Stab"],"picked":"Blur","floor":4},{"not_picked":["Riddle With Holes","Deadly Poison"],"picked":"Sucker Punch","floor":5},{"not_picked":["Phantasmal Killer","Outmaneuver"],"picked":"Underhanded Strike","floor":7},{"not_picked":["Infinite Blades","Underhanded Strike"],"picked":"Dash","floor":8},{"not_picked":["Eviscerate","Choke","Calculated Gamble"],"picked":"SKIP","floor":10},{"not_picked":["Bane","PiercingWail"],"picked":"Poisoned Stab","floor":13},{"not_picked":["Cloak And Dagger","Bouncing Flask","Bane"],"picked":"Backflip","floor":14},{"not_picked":["Die Die Die","Bullet Time","Wraith Form v2"],"picked":"Burst","floor":16},{"not_picked":["Escape Plan","Slice","Acrobatics","Underhanded Strike"],"picked":"SKIP","floor":18},{"not_picked":["Escape Plan+1","Underhanded Strike+1","Deflect"],"picked":"Heel Hook","floor":20},{"not_picked":["Dodge and Roll","Flechettes","Finisher"],"picked":"Sucker Punch+1","floor":21},{"not_picked":["Backstab","Expertise","Sucker Punch+1"],"picked":"Leg Sweep","floor":24}],"player_experience":969173,"relics_obtained":[{"floor":7,"key":"Turnip"},{"floor":13,"key":"Question Card"},{"floor":14,"key":"Centennial Puzzle"},{"floor":26,"key":"PreservedInsect"},{"floor":29,"key":"War Paint"}],"event_choices":[{"damage_healed":0,"gold_gain":0,"player_choice":"Entered Light","damage_taken":14,"max_hp_gain":0,"max_hp_loss":0,"event_name":"Shining Light","floor":3,"gold_loss":0,"cards_upgraded":["Defend_G","Defend_G"]},{"damage_healed":0,"gold_gain":0,"cards_transformed":["Strike_G"],"player_choice":"Change","damage_taken":0,"max_hp_gain":0,"max_hp_loss":0,"event_name":"Living Wall","floor":12,"gold_loss":0,"cards_obtained":["Well Laid Plans"]},{"damage_healed":0,"gold_gain":0,"player_choice":"Searched \u00271\u0027 times","damage_taken":0,"max_hp_gain":0,"max_hp_loss":0,"event_name":"Dead Adventurer","floor":14,"gold_loss":0},{"damage_healed":23,"gold_gain":0,"player_choice":"Heal","damage_taken":0,"max_hp_gain":0,"max_hp_loss":0,"event_name":"The Library","floor":22,"gold_loss":0},{"damage_healed":0,"gold_gain":99,"player_choice":"Stole From Cult","damage_taken":0,"max_hp_gain":0,"max_hp_loss":0,"event_name":"Nest","floor":25,"gold_loss":0},{"damage_healed":0,"gold_gain":0,"player_choice":"Fight","damage_taken":0,"max_hp_gain":0,"max_hp_loss":0,"event_name":"Colosseum","floor":27,"gold_loss":0},{"damage_healed":0,"gold_gain":0,"player_choice":"Fled From Nobs","damage_taken":0,"max_hp_gain":0,"max_hp_loss":0,"event_name":"Colosseum","floor":27,"gold_loss":0},{"damage_healed":0,"gold_gain":0,"cards_transformed":["Strike_G","Strike_G"],"player_choice":"Became Test Subject","damage_taken":0,"max_hp_gain":0,"max_hp_loss":0,"event_name":"Drug Dealer","floor":28,"gold_loss":0,"cards_obtained":["Infinite Blades","Tactician"]}],"is_beta":false,"boss_relics":[{"not_picked":["Sozu","Coffee Dripper"],"picked":"Lizard Tail"}],"items_purged_floors":[19],"is_endless":false,"potions_floor_spawned":[1,8,13,14,21,24,27],"killed_by":"Slavers","ascension_level":10}