{"gold_per_floor":[110,110,110,61,61,61,61,82,82,7,45,65,81,122,122,122],"floor_reached":16,"playtime":738,"items_purged":["Strike_G"],"score":140,"play_id":"a990fc1f-6541-47d5-9f9b-9e889a077fe9","local_time":"20190210231518","is_ascension_mode":true,"campfire_choices":[{"data":"Sucker Punch","floor":6,"key":"SMITH"},{"data":"Distraction","floor":15,"key":"SMITH"}],"neow_cost":"NONE","seed_source_timestamp":1280781786842106,"circlet_count":0,"master_deck":["Defend_G","Defend_G","Defend_G","Defend_G","Defend_G","Strike_G","Strike_G","Strike_G","Survivor","Neutralize","Sucker Punch+1","Distraction+1","Quick Slash","Flying Knee","Predator"],"relics":["Ring of the Snake","NeowsBlessing","Golden Idol","Anchor","Gremlin Horn","Matryoshka","Gambling Chip","Ancient Tea Set"],"potions_floor_usage":[14,14,14],"damage_taken":[{"damage":0,"enemies":"2 Louse","floor":1,"turns":1},{"damage":0,"enemies":"Jaw Worm","floor":8,"turns":1},{"damage":0,"enemies":"Lagavulin","floor":11,"turns":1},{"damage":0,"enemies":"Small Slimes","floor":12,"turns":6},{"damage":0,"enemies":"3 Louse","floor":13,"turns":3},{"damage":6,"enemies":"Gremlin Nob","floor":14,"turns":5},{"damage":35,"enemies":"Hexaghost","floor":16,"turns":15}],"seed_played":"-3840012235458210139","potions_obtained":[{"floor":1,"key":"Dexterity Potion"},{"floor":11,"key":"GhostInAJar"},{"floor":13,"key":"AttackPotion"}],"is_trial":false,"path_per_floor":["M","?","?","$","?","R","T","M","T","$","E","M","M","E","R","B"],"character_chosen":"THE_SILENT","items_purchased":["Sucker Punch"],"campfire_rested":0,"item_purchase_floors":[4],"current_hp_per_floor":[70,65,65,65,40,40,40,40,40,40,40,40,40,34,34,0],"gold":122,"neow_bonus":"THREE_ENEMY_KILL","is_prod":false,"is_daily":false,"chose_seed":false,"campfire_upgraded":2,"win_rate":0,"timestamp":1549858518,"path_taken":["M","?","?","$","?","R","?","M","T","?","E","?","M","E","R","BOSS"],"build_version":"2019-01-23","purchased_purges":1,"victory":false,"max_hp_per_floor":[70,65,65,65,65,65,65,65,65,65,65,65,65,65,65,65],"card_choices":[{"not_picked":["Cloak And Dagger","Underhanded Strike","Acrobatics"],"picked":"SKIP","floor":1},{"not_picked":["Setup","Dagger Spray"],"picked":"Distraction","floor":8},{"not_picked":["Masterful Stab","Dodge and Roll","Deflect"],"picked":"SKIP","floor":11},{"not_picked":["Choke","Underhanded Strike"],"picked":"Quick Slash","floor":12},{"not_picked":["Outmaneuver","Deadly Poison"],"picked":"Flying Knee","floor":13},{"not_picked":["Dagger Spray","Dodge and Roll"],"picked":"Predator","floor":14}],"player_experience":101756,"relics_obtained":[{"floor":7,"key":"Gremlin Horn"},{"floor":9,"key":"Matryoshka"},{"floor":11,"key":"Gambling Chip"},{"floor":14,"key":"Ancient Tea Set"}],"event_choices":[{"damage_healed":0,"gold_gain":0,"player_choice":"Lose Max HP","damage_taken":0,"relics_obtained":["Golden Idol"],"max_hp_gain":0,"max_hp_loss":5,"event_name":"Golden Idol","floor":2,"gold_loss":0},{"cards_removed":["Strike_G"],"damage_healed":0,"gold_gain":0,"player_choice":"Forget","damage_taken":0,"max_hp_gain":0,"max_hp_loss":0,"event_name":"Living Wall","floor":3,"gold_loss":0},{"damage_healed":0,"gold_gain":0,"player_choice":"Success","damage_taken":25,"relics_obtained":["Anchor"],"max_hp_gain":0,"max_hp_loss":0,"event_name":"Scrap Ooze","floor":5,"gold_loss":0}],"is_beta":false,"boss_relics":[],"items_purged_floors":[10],"is_endless":false,"potions_floor_spawned":[1,11,13],"killed_by":"Hexaghost","ascension_level":1}