{"gold_per_floor":[118,43,55,55,7,7,37,37,62,62,73,83,101,132,132,231,231,250,210,222,239,164,190,190,203,203,217,227,227,51,63,63,159,159,175,83,100,111,111,111,138,138,138,168,168],"floor_reached":45,"playtime":3326,"items_purged":["Defend_B"],"score":530,"play_id":"3d3e5932-d904-4a30-9a97-38176863d13a","local_time":"20190206160904","is_ascension_mode":false,"campfire_choices":[{"floor":6.0,"key":"RECALL"},{"data":"Redo","floor":8.0,"key":"SMITH"},{"data":"Zap","floor":10.0,"key":"SMITH"},{"floor":15.0,"key":"REST"},{"floor":29,"key":"REST"},{"floor":32,"key":"REST"},{"floor":40,"key":"REST"}],"neow_cost":"NONE","seed_source_timestamp":0,"circlet_count":0,"master_deck":["Strike_B","Strike_B","Strike_B","Defend_B","Defend_B+1","Zap+1","Dualcast","Glacier","Redo+1","Rebound","Coolheaded","Genetic Algorithm","Reinforced Body","Hello World","Blizzard","FTL","Melter+1","Reboot","Loop+1","Chill","Multi-Cast","Conserve Battery","Defragment+1","Chrysalis","Core Surge","Turbo","Doom and Gloom","Redo+1","Doom and Gloom+1","Multi-Cast","Melter+1"],"special_seed":0,"relics":["Cracked Core","NeowsBlessing","Boot","Dream Catcher","Inserter","Bronze Scales","Symbiotic Virus","Lizard Tail","Bag of Preparation","PreservedInsect","Ice Cream"],"potions_floor_usage":[23,23,25,33,44,44],"damage_taken":[{"damage":0.0,"enemies":"2 Louse","floor":1.0,"turns":1.0},{"damage":0.0,"enemies":"Cultist","floor":3.0,"turns":1.0},{"damage":0.0,"enemies":"Gremlin Nob","floor":7.0,"turns":1.0},{"damage":9.0,"enemies":"Small Slimes","floor":11.0,"turns":3.0},{"damage":0.0,"enemies":"Red Slaver","floor":12.0,"turns":3.0},{"damage":0.0,"enemies":"Looter","floor":13.0,"turns":3.0},{"damage":17.0,"enemies":"Lagavulin","floor":14.0,"turns":9.0},{"damage":33.0,"enemies":"The Guardian","floor":16.0,"turns":13.0},{"damage":0,"enemies":"Spheric Guardian","floor":18,"turns":3},{"damage":13,"enemies":"Shell Parasite","floor":20,"turns":5},{"damage":19,"enemies":"Snake Plant","floor":21,"turns":7},{"damage":25,"enemies":"Slavers","floor":23,"turns":6},{"damage":4,"enemies":"Sentry and Sphere","floor":25,"turns":2},{"damage":1,"enemies":"Snecko","floor":27,"turns":4},{"damage":6,"enemies":"Cultist and Chosen","floor":28,"turns":4},{"damage":10,"enemies":"3 Cultists","floor":31,"turns":6},{"damage":6,"enemies":"Collector","floor":33,"turns":8},{"damage":24,"enemies":"Orb Walker","floor":35,"turns":3},{"damage":15,"enemies":"3 Darklings","floor":37,"turns":7},{"damage":19,"enemies":"4 Shapes","floor":38,"turns":8},{"damage":43,"enemies":"Nemesis","floor":41,"turns":9},{"damage":45,"enemies":"Giant Head","floor":44,"turns":8},{"damage":29,"enemies":"Transient","floor":45,"turns":4}],"seed_played":"-3336514077175397651","potions_obtained":[{"floor":1.0,"key":"Dexterity Potion"},{"floor":12.0,"key":"SpeedPotion"},{"floor":13.0,"key":"Fire Potion"},{"floor":16.0,"key":"SneckoOil"},{"floor":20,"key":"Fire Potion"},{"floor":21,"key":"Dexterity Potion"},{"floor":23,"key":"Fire Potion"},{"floor":24,"key":"FairyPotion"},{"floor":24,"key":"FocusPotion"},{"floor":25,"key":"GamblersBrew"},{"floor":35,"key":"SteroidPotion"}],"is_trial":false,"path_per_floor":["M","$","M","?","$","R","E","R","T","R","M","M","M","E","R","B",null,"M","?","M","M","?","E","?","M","T","M","M","R","$","M","R","B",null,"M","$","M","M","?","R","E","?","T","E","M"],"character_chosen":"DEFECT","items_purchased":["Coolheaded","Chrysalis","Turbo","Doom and Gloom"],"campfire_rested":4,"item_purchase_floors":[5,30,36,36],"current_hp_per_floor":[75,75,75,75,75,75,75,75,75,75,66,66,66,49,71,38,75,75,75,62,43,43,18,18,14,14,13,7,29,29,19,41,35,75,51,51,36,17,17,39,7,7,7,18,0],"gold":168,"neow_bonus":"THREE_ENEMY_KILL","is_prod":false,"is_daily":false,"chose_seed":false,"campfire_upgraded":2,"win_rate":0,"timestamp":1549476544,"path_taken":["M","$","M","?","$","R","E","R","T","R","M","?","M","E","R","BOSS","M","?","?","M","?","E","?","M","T","?","M","R","$","M","R","BOSS","M","$","M","M","?","R","E","?","T","E","M"],"build_version":"2019-01-23","purchased_purges":1,"victory":false,"max_hp_per_floor":[75,75,75,75,75,75,75,75,75,75,75,75,75,75,75,75,75,75,75,75,75,75,75,75,75,75,75,75,75,75,75,75,75,75,75,75,75,75,75,75,75,75,75,75,75],"card_choices":[{"not_picked":["Darkness","Beam Cell"],"picked":"Glacier","floor":1.0},{"not_picked":["Rebound","Stack"],"picked":"Redo","floor":3.0},{"not_picked":["Scrape","Self Repair"],"picked":"Genetic Algorithm","floor":7.0},{"not_picked":["Stack","Compile Driver"],"picked":"Reinforced Body","floor":11.0},{"not_picked":["Compile Driver","Conserve Battery"],"picked":"Hello World","floor":12.0},{"not_picked":["Amplify","Streamline"],"picked":"Blizzard","floor":13.0},{"not_picked":["Hello World","Reinforced Body"],"picked":"FTL","floor":14.0},{"not_picked":["Streamline","Turbo"],"picked":"Melter","floor":15.0},{"not_picked":["Biased Cognition","Meteor Strike"],"picked":"Reboot","floor":16.0},{"not_picked":["Aggregate","Beam Cell"],"picked":"Loop+1","floor":18},{"not_picked":["Hello World","Capacitor","Rebound+1"],"picked":"SKIP","floor":20},{"not_picked":["Coolheaded","Cold Snap+1"],"picked":"Chill","floor":21},{"not_picked":["Gash","Go for the Eyes","Genetic Algorithm"],"picked":"SKIP","floor":23},{"not_picked":["Ball Lightning","Storm"],"picked":"Multi-Cast","floor":25},{"not_picked":["Leap","Sweeping Beam"],"picked":"Conserve Battery","floor":27},{"not_picked":["Go for the Eyes","Sweeping Beam","Meteor Strike"],"picked":"SKIP","floor":28},{"not_picked":["Rebound","Leap"],"picked":"Defragment+1","floor":29},{"not_picked":["Steam+1","Ball Lightning","Beam Cell"],"picked":"SKIP","floor":31},{"not_picked":["Amplify","Thunder Strike"],"picked":"Core Surge","floor":33},{"not_picked":["Leap","Go for the Eyes+1","Steam+1"],"picked":"SKIP","floor":35},{"not_picked":["Static Discharge","Ball Lightning+1"],"picked":"Redo+1","floor":37},{"not_picked":["Sweeping Beam","Cold Snap","Rebound+1"],"picked":"SKIP","floor":38},{"not_picked":["Stack","Chill"],"picked":"Doom and Gloom+1","floor":41},{"not_picked":["Rip and Tear+1","Rebound"],"picked":"Melter+1","floor":44}],"player_experience":360678,"relics_obtained":[{"floor":7.0,"key":"Boot"},{"floor":14.0,"key":"Dream Catcher"},{"floor":23,"key":"Bronze Scales"},{"floor":26,"key":"Symbiotic Virus"},{"floor":41,"key":"Bag of Preparation"},{"floor":43,"key":"PreservedInsect"},{"floor":44,"key":"Ice Cream"}],"event_choices":[{"damage_healed":0.0,"max_hp_gain":0.0,"max_hp_loss":0.0,"gold_gain":0.0,"cards_transformed":["Strike_B"],"event_name":"Transmorgrifier","player_choice":"Transformed","floor":4.0,"gold_loss":0.0,"damage_taken":0.0,"cards_obtained":["Rebound"]},{"damage_healed":0,"gold_gain":0,"player_choice":"Upgraded Two","damage_taken":0,"max_hp_gain":0,"max_hp_loss":0,"event_name":"Designer","floor":19,"gold_loss":40,"cards_upgraded":["Defend_B","Melter"]},{"cards_removed":["Defend_B"],"damage_healed":0,"gold_gain":0,"player_choice":"Gave Gold","damage_taken":0,"max_hp_gain":0,"max_hp_loss":0,"event_name":"Beggar","floor":22,"gold_loss":75},{"damage_healed":0,"gold_gain":0,"player_choice":"Got Potions","damage_taken":0,"max_hp_gain":0,"max_hp_loss":0,"event_name":"Lab","floor":24,"gold_loss":0},{"damage_healed":0,"gold_gain":0,"player_choice":"Ignored","damage_taken":0,"max_hp_gain":0,"max_hp_loss":0,"event_name":"Tomb of Lord Red Mask","floor":39,"gold_loss":0},{"damage_healed":0,"gold_gain":0,"player_choice":"Copied","damage_taken":0,"max_hp_gain":0,"max_hp_loss":0,"event_name":"Duplicator","floor":42,"gold_loss":0,"cards_obtained":["Multi-Cast"]}],"is_beta":false,"boss_relics":[{"not_picked":["Philosopher\u0027s Stone","White Beast Statue"],"picked":"Inserter"},{"not_picked":["Empty Cage","Orrery"],"picked":"Lizard Tail"}],"items_purged_floors":[2],"is_endless":false,"potions_floor_spawned":[1,12,13,16,20,21,23,25,31,35,37],"killed_by":"Transient","ascension_level":0}