{"gold_per_floor":[117,133,308,321,340,371,371,401,425,44,44,69,69,79,79,79],"floor_reached":16,"playtime":1191,"items_purged":["Doubt"],"score":110,"play_id":"ca9318a5-5b77-4eda-8adb-df4c36eb0861","local_time":"20180811144402","is_ascension_mode":false,"campfire_choices":[{"data":"Dual Wield","floor":7,"key":"SMITH"},{"data":"Armaments","floor":11,"key":"SMITH"},{"floor":13,"key":"REST"},{"data":"Bloodletting","floor":15,"key":"SMITH"}],"neow_cost":"CURSE","seed_source_timestamp":1817379761499558,"circlet_count":0,"master_deck":["Strike_R","Strike_R","Strike_R","Strike_R","Strike_R","Defend_R","Defend_R","Defend_R","Defend_R","Bash","Dual Wield+1","Bloodletting+1","Cleave","Iron Wave","Doubt","Body Slam","Body Slam","Spot Weakness","Iron Wave","Exhume","Armaments+1","Feel No Pain","Dual Wield+1","Heavy Blade","Thunderclap","Entrench"],"relics":["Burning Blood","Prayer Wheel","Regal Pillow","Omamori","Strawberry","DollysMirror","Red Skull"],"potions_floor_usage":[6,6,16,16],"damage_taken":[{"damage":2,"enemies":"Small Slimes","floor":1,"turns":4},{"damage":17,"enemies":"Jaw Worm","floor":2,"turns":5},{"damage":1,"enemies":"2 Louse","floor":4,"turns":2},{"damage":26,"enemies":"Red Slaver","floor":5,"turns":6},{"damage":27,"enemies":"Gremlin Nob","floor":6,"turns":6},{"damage":22,"enemies":"3 Sentries","floor":12,"turns":8},{"damage":17,"enemies":"3 Louse","floor":14,"turns":4},{"damage":55,"enemies":"The Guardian","floor":16,"turns":10}],"seed_played":"-3896242637212206072","potions_obtained":[{"floor":4,"key":"EssenceOfSteel"},{"floor":5,"key":"Weak Potion"},{"floor":12,"key":"Block Potion"},{"floor":14,"key":"SkillPotion"}],"is_trial":false,"path_per_floor":["M","M","?","M","M","E","R","?","T","$","R","E","R","M","R"],"character_chosen":"IRONCLAD","items_purchased":["Armaments","Feel No Pain","DollysMirror"],"campfire_rested":1,"item_purchase_floors":[10,10,10],"current_hp_per_floor":[80,69,69,74,54,33,33,33,40,40,40,24,65,54,54,0],"gold":79,"neow_bonus":"ONE_RARE_RELIC","is_prod":false,"is_daily":false,"chose_seed":false,"campfire_upgraded":3,"win_rate":0,"timestamp":1534013042,"path_taken":["M","M","?","M","?","E","R","?","T","$","R","E","R","M","R","BOSS"],"build_version":"2018-08-09","purchased_purges":1,"victory":false,"max_hp_per_floor":[80,80,80,80,80,80,80,80,87,87,87,87,87,87,87,87],"card_choices":[{"not_picked":["Iron Wave","Pommel Strike"],"picked":"Dual Wield","floor":1},{"not_picked":["Intimidate","Flex"],"picked":"Bloodletting","floor":1},{"not_picked":["Evolve","Clothesline"],"picked":"Cleave","floor":2},{"not_picked":["Sword Boomerang","Clothesline"],"picked":"Iron Wave","floor":2},{"not_picked":["Havoc","Wild Strike"],"picked":"Body Slam","floor":4},{"not_picked":["Clash","Havoc"],"picked":"Body Slam","floor":4},{"not_picked":["Cleave","Pommel Strike"],"picked":"Spot Weakness","floor":5},{"not_picked":["Cleave","Bloodletting"],"picked":"Iron Wave","floor":5},{"not_picked":["Sentinel","Havoc"],"picked":"Exhume","floor":6},{"not_picked":["Armaments","Spot Weakness"],"picked":"Heavy Blade","floor":12},{"not_picked":["Wild Strike","Hemokinesis"],"picked":"Thunderclap","floor":14},{"not_picked":["Clash","Clothesline"],"picked":"Entrench","floor":14}],"player_experience":127101,"relics_obtained":[{"floor":6,"key":"Regal Pillow"},{"floor":9,"key":"Strawberry"},{"floor":12,"key":"Red Skull"}],"event_choices":[{"event_name":"Liars Game","player_choice":"agreed","floor":3,"damage_taken":0},{"event_name":"Dead Adventurer","player_choice":"Searched \u00273\u0027 times","floor":8,"damage_taken":0}],"is_beta":false,"boss_relics":[],"items_purged_floors":[10],"is_endless":false,"potions_floor_spawned":[4,5,12,14],"killed_by":"The Guardian","ascension_level":0}