{"gold_per_floor":[114,126,142,142,217,217,243,243,243,243],"floor_reached":10,"playtime":403,"items_purged":[],"score":99,"play_id":"d30c4159-3156-4574-9558-59301e6305be","local_time":"20181225020122","is_ascension_mode":true,"campfire_choices":[{"data":"Dark Embrace","floor":6,"key":"SMITH"}],"neow_cost":"NONE","seed_source_timestamp":115765531518771,"circlet_count":0,"master_deck":["AscendersBane","Strike_R","Strike_R","Strike_R","Strike_R","Defend_R","Defend_R","Defend_R","Defend_R","Bash","Dark Embrace+1","Second Wind","Flame Barrier","Sever Soul","Brutality"],"relics":["Burning Blood","Magic Flower","Toxic Egg 2"],"potions_floor_usage":[10],"damage_taken":[{"damage":14,"enemies":"2 Louse","floor":1,"turns":4},{"damage":13,"enemies":"Jaw Worm","floor":2,"turns":6},{"damage":13,"enemies":"Cultist","floor":3,"turns":6},{"damage":30,"enemies":"3 Sentries","floor":7,"turns":10},{"damage":45,"enemies":"Lagavulin","floor":10,"turns":6}],"seed_played":"-6880742835335686970","potions_obtained":[{"floor":7,"key":"SteroidPotion"}],"is_trial":false,"path_per_floor":["M","M","M","?","?","R","E","?","T","E"],"character_chosen":"IRONCLAD","items_purchased":[],"campfire_rested":0,"item_purchase_floors":[],"current_hp_per_floor":[64,57,50,50,39,39,15,41,41,0],"gold":243,"neow_bonus":"TRANSFORM_CARD","is_prod":false,"is_daily":false,"chose_seed":false,"campfire_upgraded":1,"win_rate":0,"timestamp":1545721282,"path_taken":["M","M","M","?","?","R","E","?","T","E"],"build_version":"2018-12-20","purchased_purges":0,"victory":false,"max_hp_per_floor":[80,80,80,80,80,80,80,80,80,80],"card_choices":[{"not_picked":["Thunderclap","Twin Strike"],"picked":"Second Wind","floor":1},{"not_picked":["Pummel","Ghostly Armor"],"picked":"Flame Barrier","floor":2},{"not_picked":["Dropkick","Combust"],"picked":"Sever Soul","floor":3},{"not_picked":["Dual Wield","Body Slam"],"picked":"Brutality","floor":7}],"player_experience":430590,"relics_obtained":[{"floor":7,"key":"Magic Flower"},{"floor":9,"key":"Toxic Egg 2"}],"event_choices":[{"damage_healed":0,"gold_gain":0,"player_choice":"Ignored","damage_taken":0,"max_hp_gain":0,"max_hp_loss":0,"event_name":"Golden Idol","floor":4,"gold_loss":0},{"damage_healed":0,"gold_gain":75,"player_choice":"Gather Gold","damage_taken":11,"max_hp_gain":0,"max_hp_loss":0,"event_name":"World of Goop","floor":5,"gold_loss":0},{"damage_healed":26,"gold_gain":0,"player_choice":"Banana","damage_taken":0,"max_hp_gain":0,"max_hp_loss":0,"event_name":"Big Fish","floor":8,"gold_loss":0}],"is_beta":false,"boss_relics":[],"items_purged_floors":[],"is_endless":false,"potions_floor_spawned":[7],"killed_by":"Lagavulin","ascension_level":10}