{"gold_per_floor":[117,190,203,219,229,229,229,263,263,298,318,318,343,354,354,354],"floor_reached":16,"playtime":1962,"items_purged":[],"score":122,"play_id":"25c0b7f4-5613-4bf6-9fab-325852c2e264","local_time":"20190204234618","is_ascension_mode":false,"campfire_choices":[{"data":"Coolheaded","floor":6,"key":"SMITH"},{"floor":12,"key":"REST"},{"floor":15,"key":"REST"}],"neow_cost":"NONE","seed_source_timestamp":533678644783600,"circlet_count":0,"master_deck":["Strike_B","Strike_B","Strike_B","Strike_B","Defend_B","Defend_B","Defend_B","Defend_B","Zap","Dualcast","Sweeping Beam","Hologram","Go for the Eyes","Coolheaded+1","Go for the Eyes","Fission","Barrage","Aggregate","Ball Lightning"],"relics":["Cracked Core","Pantograph","Blood Vial","Dodecahedron","Bottled Flame","Du-Vu Doll"],"potions_floor_usage":[8,16],"damage_taken":[{"damage":0,"enemies":"Cultist","floor":1,"turns":3},{"damage":5,"enemies":"Small Slimes","floor":3,"turns":3},{"damage":1,"enemies":"Jaw Worm","floor":4,"turns":3},{"damage":9,"enemies":"Blue Slaver","floor":5,"turns":4},{"damage":34,"enemies":"3 Sentries","floor":8,"turns":7},{"damage":34,"enemies":"Gremlin Nob","floor":10,"turns":6},{"damage":0,"enemies":"Large Slime","floor":11,"turns":4},{"damage":15,"enemies":"Lagavulin","floor":13,"turns":9},{"damage":14,"enemies":"3 Louse","floor":14,"turns":3},{"damage":63,"enemies":"The Guardian","floor":16,"turns":14}],"seed_played":"4005951379391756866","potions_obtained":[{"floor":4,"key":"Fruit Juice"},{"floor":5,"key":"EssenceOfSteel"},{"floor":8,"key":"EssenceOfSteel"},{"floor":13,"key":"Poison Potion"}],"is_trial":false,"path_per_floor":["M","T","M","M","M","R","?","E","T","E","M","R","E","M","R","B"],"character_chosen":"DEFECT","items_purchased":[],"campfire_rested":2,"item_purchase_floors":[],"current_hp_per_floor":[82,82,77,76,67,67,67,38,38,6,8,34,21,9,35,0],"gold":354,"neow_bonus":"TEN_PERCENT_HP_BONUS","is_prod":false,"is_daily":false,"chose_seed":false,"campfire_upgraded":1,"win_rate":0.0,"timestamp":1549320378,"path_taken":["M","?","M","M","M","R","?","E","T","E","M","R","E","?","R","BOSS"],"build_version":"2019-01-23","purchased_purges":0,"victory":false,"max_hp_per_floor":[82,82,82,82,82,82,82,87,87,87,87,87,87,87,87,87],"card_choices":[{"not_picked":["Cold Snap","Capacitor"],"picked":"Sweeping Beam","floor":1},{"not_picked":["Storm","Sweeping Beam"],"picked":"Hologram","floor":3},{"not_picked":["Blizzard","Beam Cell"],"picked":"Go for the Eyes","floor":4},{"not_picked":["Cold Snap","Leap"],"picked":"Coolheaded","floor":5},{"not_picked":["Reinforced Body","Leap"],"picked":"Go for the Eyes","floor":8},{"not_picked":["Blizzard","Beam Cell"],"picked":"Fission","floor":10},{"not_picked":["Gash","Coolheaded"],"picked":"Barrage","floor":11},{"not_picked":["Hologram","Gash"],"picked":"Aggregate","floor":13},{"not_picked":["Aggregate","Sweeping Beam"],"picked":"Ball Lightning","floor":14}],"player_experience":28438,"relics_obtained":[{"floor":2,"key":"Pantograph"},{"floor":8,"key":"Blood Vial"},{"floor":9,"key":"Dodecahedron"},{"floor":10,"key":"Bottled Flame"},{"floor":13,"key":"Du-Vu Doll"}],"event_choices":[{"damage_healed":0,"gold_gain":0,"player_choice":"Bought 0 Potions","damage_taken":0,"max_hp_gain":0,"max_hp_loss":0,"event_name":"The Woman in Blue","floor":7,"gold_loss":0}],"is_beta":false,"boss_relics":[],"items_purged_floors":[],"is_endless":false,"potions_floor_spawned":[4,5,8,13],"killed_by":"The Guardian","ascension_level":0}