{"gold_per_floor":[119,119,119,7,0,0,41,41,95,126,126,26,26,51,51,172,172,191,191,211,211,115,149,149,184,196,228,240,266,278,324,336,348],"floor_reached":33,"playtime":1097,"items_purged":["Defend_R","Strike_R"],"score":592,"play_id":"51536a66-944b-433c-a79c-dbd46271c935","local_time":"20190207223024","is_ascension_mode":true,"campfire_choices":[{"data":"Hemokinesis","floor":6,"key":"SMITH"},{"data":"Headbutt","floor":8,"key":"SMITH"},{"data":"Whirlwind","floor":11,"key":"SMITH"},{"floor":13,"key":"DIG"},{"floor":15,"key":"DIG"},{"floor":24,"key":"REST"},{"floor":32,"key":"REST"}],"neow_cost":"NONE","seed_source_timestamp":192049038760340,"circlet_count":0,"master_deck":["AscendersBane","Strike_R","Strike_R","Strike_R","Strike_R","Defend_R","Defend_R","Defend_R","Bash+1","Shrug It Off","Hemokinesis+1","Headbutt+1","Whirlwind+1","Shrug It Off","Iron Wave","J.A.X.","Sword Boomerang","Metallicize","Disarm","Heavy Blade+1","Battle Trance+1"],"relics":["Burning Blood","NeowsBlessing","Golden Idol","Red Skull","Bronze Scales","Shovel","Kunai","Torii","Sozu","Nilry\u0027s Codex","Pen Nib","MawBank","Du-Vu Doll","Blue Candle"],"potions_floor_usage":[23],"damage_taken":[{"damage":0,"enemies":"2 Louse","floor":1,"turns":1},{"damage":0,"enemies":"Lagavulin","floor":7,"turns":1},{"damage":0,"enemies":"3 Sentries","floor":10,"turns":2},{"damage":2,"enemies":"Small Slimes","floor":14,"turns":3},{"damage":40,"enemies":"Slime Boss","floor":16,"turns":6},{"damage":9,"enemies":"Shell Parasite","floor":18,"turns":3},{"damage":1,"enemies":"Spheric Guardian","floor":20,"turns":3},{"damage":28,"enemies":"Slavers","floor":23,"turns":5},{"damage":13,"enemies":"Book of Stabbing","floor":25,"turns":5},{"damage":13,"enemies":"Shelled Parasite and Fungi","floor":27,"turns":2},{"damage":12,"enemies":"Centurion and Healer","floor":29,"turns":3},{"damage":25,"enemies":"Gremlin Leader","floor":31,"turns":3},{"damage":55,"enemies":"Automaton","floor":33,"turns":6}],"seed_played":"-6920991170076287272","potions_obtained":[{"floor":10,"key":"BloodPotion"}],"is_trial":false,"path_per_floor":["M","?","?","$","?","R","E","R","T","E","R","$","R","M","R","B",null,"M","?","M","?","$","E","R","E","T","M","?","M","$","E","R","B"],"character_chosen":"IRONCLAD","items_purchased":["Hemokinesis","Sword Boomerang","Metallicize"],"campfire_rested":2,"item_purchase_floors":[4,22,22],"current_hp_per_floor":[78,58,58,58,58,58,64,64,64,70,70,70,70,74,74,40,70,67,51,56,56,56,42,66,59,59,52,52,46,46,27,51,0],"gold":348,"neow_bonus":"THREE_ENEMY_KILL","is_prod":false,"is_daily":false,"chose_seed":false,"campfire_upgraded":3,"win_rate":0,"timestamp":1549600224,"path_taken":["M","?","?","$","?","R","E","R","T","E","R","$","R","M","R","BOSS","M","?","M","?","$","E","R","E","T","M","?","M","?","E","R","BOSS"],"build_version":"2019-01-23","purchased_purges":2,"victory":false,"max_hp_per_floor":[80,80,80,80,80,80,80,80,80,80,80,80,80,80,80,80,80,80,80,80,80,80,80,80,80,80,80,80,80,80,80,80,80],"card_choices":[{"not_picked":["Armaments","Body Slam"],"picked":"Shrug It Off","floor":1},{"not_picked":["Clash","Seeing Red"],"picked":"Headbutt","floor":7},{"not_picked":["Infernal Blade","Shrug It Off"],"picked":"Whirlwind","floor":10},{"not_picked":["Clash","Dark Embrace"],"picked":"Shrug It Off","floor":14},{"not_picked":["Headbutt","Warcry"],"picked":"Iron Wave","floor":18},{"not_picked":["Cleave","Intimidate","Wild Strike"],"picked":"SKIP","floor":20},{"not_picked":["Wild Strike+1","Infernal Blade"],"picked":"Disarm","floor":23},{"not_picked":["Ghostly Armor","Wild Strike"],"picked":"Heavy Blade+1","floor":25},{"not_picked":["Sentinel","Whirlwind"],"picked":"Battle Trance+1","floor":27},{"not_picked":["Anger","Body Slam","Carnage"],"picked":"SKIP","floor":29},{"not_picked":["Inflame","Clothesline","Carnage"],"picked":"SKIP","floor":31}],"player_experience":244743,"relics_obtained":[{"floor":7,"key":"Red Skull"},{"floor":9,"key":"Bronze Scales"},{"floor":10,"key":"Shovel"},{"floor":13,"key":"Kunai"},{"floor":15,"key":"Torii"},{"floor":19,"key":"Nilry\u0027s Codex"},{"floor":23,"key":"Pen Nib"},{"floor":25,"key":"MawBank"},{"floor":26,"key":"Du-Vu Doll"},{"floor":31,"key":"Blue Candle"}],"event_choices":[{"damage_healed":0,"gold_gain":0,"player_choice":"Take Damage","damage_taken":20,"relics_obtained":["Golden Idol"],"max_hp_gain":0,"max_hp_loss":0,"event_name":"Golden Idol","floor":2,"gold_loss":0},{"damage_healed":0,"gold_gain":0,"player_choice":"Grow","damage_taken":0,"max_hp_gain":0,"max_hp_loss":0,"event_name":"Living Wall","floor":3,"gold_loss":0,"cards_upgraded":["Bash"]},{"damage_healed":0,"gold_gain":0,"player_choice":"Left Gold","damage_taken":0,"max_hp_gain":0,"max_hp_loss":0,"event_name":"World of Goop","floor":5,"gold_loss":7},{"damage_healed":0,"gold_gain":0,"player_choice":"Obtained Book","damage_taken":16,"max_hp_gain":0,"max_hp_loss":0,"event_name":"Cursed Tome","floor":19,"gold_loss":0},{"damage_healed":0,"gold_gain":0,"player_choice":"Obtain J.A.X.","damage_taken":0,"max_hp_gain":0,"max_hp_loss":0,"event_name":"Drug Dealer","floor":21,"gold_loss":0,"cards_obtained":["J.A.X."]},{"damage_healed":0,"gold_gain":0,"player_choice":"Ignored","damage_taken":0,"max_hp_gain":0,"max_hp_loss":0,"event_name":"Ghosts","floor":28,"gold_loss":0}],"is_beta":false,"boss_relics":[{"not_picked":["Coffee Dripper","Fusion Hammer"],"picked":"Sozu"}],"items_purged_floors":[4,12],"is_endless":false,"potions_floor_spawned":[10,20,25,29],"killed_by":"Automaton","ascension_level":11}