{"gold_per_floor":[119,194,209,209,33,64,64,93,93,104,131,39,39,39],"floor_reached":14,"playtime":357,"items_purged":["Strike_G"],"score":164,"play_id":"0ef4e761-0a06-4e77-8192-952423e6e774","local_time":"20190125222127","is_ascension_mode":true,"campfire_choices":[{"data":"Wraith Form v2","floor":7,"key":"SMITH"}],"neow_cost":"NONE","seed_source_timestamp":511295819188500,"circlet_count":0,"master_deck":["Defend_G","Defend_G","Defend_G","Defend_G","Defend_G","Strike_G","Strike_G","Strike_G+1","Strike_G+1","Survivor","Neutralize","Catalyst","Caltrops","Wraith Form v2+1","Well Laid Plans","Poisoned Stab","Night Terror","Noxious Fumes","Deadly Poison","Writhe","Neutralize"],"relics":["Ring of the Snake","NeowsBlessing","Mummified Hand","Whetstone","Ninja Scroll","WingedGreaves"],"potions_floor_usage":[8,8,8,14],"damage_taken":[{"damage":0,"enemies":"Jaw Worm","floor":1,"turns":1},{"damage":0,"enemies":"2 Louse","floor":3,"turns":1},{"damage":0,"enemies":"Lagavulin","floor":6,"turns":1},{"damage":28,"enemies":"Gremlin Nob","floor":8,"turns":7},{"damage":0,"enemies":"Cultist","floor":10,"turns":4},{"damage":21,"enemies":"3 Sentries","floor":11,"turns":8},{"damage":16,"enemies":"Large Slime","floor":14,"turns":3}],"seed_played":"-2333116873113507812","potions_obtained":[{"floor":1,"key":"Block Potion"},{"floor":3,"key":"Strength Potion"},{"floor":4,"key":"Fruit Juice"},{"floor":11,"key":"Swift Potion"}],"is_trial":false,"path_per_floor":["M","?","M","?","$","E","R","E","T","M","E","$","?","M"],"character_chosen":"THE_SILENT","items_purchased":["Catalyst","Caltrops","Noxious Fumes","Deadly Poison"],"campfire_rested":0,"item_purchase_floors":[5,5,12,12],"current_hp_per_floor":[70,59,59,59,59,59,59,36,36,36,15,15,15,0],"gold":39,"neow_bonus":"THREE_ENEMY_KILL","is_prod":false,"is_daily":false,"chose_seed":false,"campfire_upgraded":1,"win_rate":0,"timestamp":1548451287,"path_taken":["M","?","M","?","$","E","R","E","T","?","E","$","?","?"],"build_version":"2019-01-23","purchased_purges":1,"victory":false,"max_hp_per_floor":[70,70,70,70,70,70,70,75,75,75,75,75,75,75],"card_choices":[{"not_picked":["Masterful Stab","Dagger Throw","Dodge and Roll"],"picked":"SKIP","floor":1},{"not_picked":["Acrobatics","Masterful Stab","Leg Sweep"],"picked":"SKIP","floor":3},{"not_picked":["Storm of Steel","Flechettes"],"picked":"Wraith Form v2","floor":6},{"not_picked":["Distraction","Quick Slash"],"picked":"Well Laid Plans","floor":8},{"not_picked":["Crippling Poison","Terror"],"picked":"Poisoned Stab","floor":10},{"not_picked":["PiercingWail","Crippling Poison"],"picked":"Night Terror","floor":11}],"player_experience":851322,"relics_obtained":[{"floor":6,"key":"Mummified Hand"},{"floor":8,"key":"Whetstone"},{"floor":9,"key":"Ninja Scroll"},{"floor":11,"key":"WingedGreaves"}],"event_choices":[{"damage_healed":0,"gold_gain":75,"player_choice":"Gather Gold","damage_taken":11,"max_hp_gain":0,"max_hp_loss":0,"event_name":"World of Goop","floor":2,"gold_loss":0},{"damage_healed":0,"gold_gain":0,"player_choice":"Got Potions","damage_taken":0,"max_hp_gain":0,"max_hp_loss":0,"event_name":"Lab","floor":4,"gold_loss":0},{"damage_healed":0,"gold_gain":0,"player_choice":"2 cards matched","damage_taken":0,"max_hp_gain":0,"max_hp_loss":0,"event_name":"Match and Keep!","floor":13,"gold_loss":0,"cards_obtained":["Writhe","Neutralize"]}],"is_beta":false,"boss_relics":[],"items_purged_floors":[5],"is_endless":false,"potions_floor_spawned":[1,3,11],"killed_by":"Large Slime","ascension_level":5}