{"gold_per_floor":[116,116,132,149,161,161,192,208,208,220,145,145,145,162,162,265,265,249,268,268,268,287,287,300,300,300,300],"floor_reached":27,"playtime":932,"items_purged":["Pain"],"score":271,"play_id":"bc5b9958-c423-47b2-9aab-9a9a28cfb48a","local_time":"20181210002709","is_ascension_mode":true,"campfire_choices":[{"data":"Infernal Blade","floor":6,"key":"SMITH"},{"floor":12,"key":"REST"},{"floor":15,"key":"REST"},{"floor":23,"key":"REST"},{"floor":25,"key":"REST"}],"neow_cost":"NONE","seed_source_timestamp":1840902757418300,"circlet_count":0,"master_deck":["Strike_R","Strike_R","Strike_R","Defend_R","Defend_R","Defend_R","Bash","Infernal Blade+1","Searing Blow","Spot Weakness","Shrug It Off","Entrench","Double Tap","Cleave","Seeing Red+1","Reaper","Infernal Blade+1"],"relics":["Burning Blood","Bag of Preparation","WarpedTongs","Letter Opener","Prayer Wheel","Nloth\u0027s Gift","Potion Belt"],"potions_floor_usage":[7,10,16,19,22,22,27],"damage_taken":[{"damage":11,"enemies":"Jaw Worm","floor":1,"turns":4},{"damage":5,"enemies":"Cultist","floor":3,"turns":3},{"damage":5,"enemies":"2 Louse","floor":4,"turns":3},{"damage":12,"enemies":"Red Slaver","floor":5,"turns":4},{"damage":42,"enemies":"3 Sentries","floor":7,"turns":10},{"damage":20,"enemies":"2 Fungi Beasts","floor":8,"turns":4},{"damage":11,"enemies":"Lots of Slimes","floor":10,"turns":2},{"damage":0,"enemies":"Exordium Wildlife","floor":14,"turns":3},{"damage":47,"enemies":"Hexaghost","floor":16,"turns":11},{"damage":23,"enemies":"2 Thieves","floor":18,"turns":4},{"damage":47,"enemies":"3 Byrds","floor":19,"turns":7},{"damage":8,"enemies":"Cultist and Chosen","floor":22,"turns":6},{"damage":27,"enemies":"3 Cultists","floor":24,"turns":4},{"damage":38,"enemies":"Book of Stabbing","floor":27,"turns":3}],"seed_played":"-579840137482589367","potions_obtained":[{"floor":1,"key":"Strength Potion"},{"floor":7,"key":"Explosive Potion"},{"floor":10,"key":"SpeedPotion"},{"floor":14,"key":"Poison Potion"},{"floor":16,"key":"GamblersBrew"},{"floor":19,"key":"Block Potion"},{"floor":24,"key":"Dexterity Potion"}],"is_trial":false,"path_per_floor":["M","?","M","M","M","R","E","M","T","M","$","R","?","M","R","B",null,"M","M","T","?","M","R","M","R","T","E"],"character_chosen":"IRONCLAD","items_purchased":[],"campfire_rested":4,"item_purchase_floors":[],"current_hp_per_floor":[75,75,76,77,71,71,35,21,21,16,16,40,40,46,70,29,67,50,9,9,9,7,31,10,34,34,0],"gold":300,"neow_bonus":"RANDOM_COMMON_RELIC","is_prod":false,"is_daily":false,"chose_seed":false,"campfire_upgraded":1,"win_rate":0,"timestamp":1544398029,"path_taken":["M","?","M","M","M","R","E","M","T","M","?","R","?","M","R","BOSS","M","M","?","?","M","R","?","R","T","E"],"build_version":"2018-12-06","purchased_purges":1,"victory":false,"max_hp_per_floor":[80,80,80,80,80,80,80,80,80,80,80,80,80,80,80,80,80,80,80,80,80,80,80,80,80,80,80],"card_choices":[{"not_picked":["True Grit","Sword Boomerang","Wild Strike"],"picked":"SKIP","floor":1},{"not_picked":["Headbutt","Perfected Strike","Shrug It Off"],"picked":"SKIP","floor":3},{"not_picked":["Warcry","Flex"],"picked":"Infernal Blade","floor":4},{"not_picked":["Battle Trance","Sentinel"],"picked":"Searing Blow","floor":5},{"not_picked":["Warcry","True Grit"],"picked":"Spot Weakness","floor":7},{"not_picked":["Hemokinesis","Flex"],"picked":"Shrug It Off","floor":8},{"not_picked":["Pommel Strike","Rage","Berserk"],"picked":"SKIP","floor":10},{"not_picked":["Shrug It Off","Perfected Strike"],"picked":"Entrench","floor":14},{"not_picked":["Brutality","Exhume"],"picked":"Double Tap","floor":16},{"not_picked":["Anger","Rupture","Iron Wave"],"picked":"SKIP","floor":18},{"not_picked":["Warcry","Disarm"],"picked":"Cleave","floor":19},{"not_picked":["Thunderclap+1","Shrug It Off"],"picked":"Seeing Red+1","floor":22},{"not_picked":["Headbutt","Thunderclap+1","Twin Strike"],"picked":"SKIP","floor":22},{"not_picked":["Double Tap","Twin Strike"],"picked":"Reaper","floor":24},{"not_picked":["Body Slam","Berserk"],"picked":"Infernal Blade+1","floor":24}],"player_experience":793449,"relics_obtained":[{"floor":7,"key":"Letter Opener"},{"floor":20,"key":"Prayer Wheel"},{"floor":26,"key":"Potion Belt"}],"event_choices":[{"damage_healed":0,"gold_gain":0,"player_choice":"Rummage","damage_taken":0,"relics_obtained":["WarpedTongs"],"max_hp_gain":0,"max_hp_loss":0,"event_name":"Accursed Blacksmith","floor":2,"gold_loss":0,"cards_obtained":["Pain"]},{"cards_removed":["Strike_R"],"damage_healed":0,"gold_gain":0,"player_choice":"Offered Basic","damage_taken":0,"max_hp_gain":0,"max_hp_loss":0,"event_name":"Bonfire Elementals","floor":13,"gold_loss":0},{"damage_healed":0,"gold_gain":0,"player_choice":"Traded Relic","damage_taken":0,"relics_obtained":["Nloth\u0027s Gift"],"max_hp_gain":0,"max_hp_loss":0,"event_name":"N\u0027loth","floor":21,"relics_lost":["Empty Cage"],"gold_loss":0}],"is_beta":false,"boss_relics":[{"not_picked":["Black Star","Runic Cube"],"picked":"Empty Cage"}],"items_purged_floors":[11],"is_endless":false,"potions_floor_spawned":[1,7,10,14,16,19,24],"killed_by":"Book of Stabbing","ascension_level":5}