{"gold_per_floor":[117,42,62,62,73,73,98,173,225,235,205],"floor_reached":11,"playtime":1063,"items_purged":["Strike_B"],"score":84,"play_id":"4f796a66-7702-4603-ab57-edfe0ed1fae0","local_time":"20190209023028","is_ascension_mode":true,"campfire_choices":[{"floor":6,"key":"RECALL"}],"neow_cost":"NONE","seed_source_timestamp":450107355235980,"circlet_count":0,"master_deck":["Strike_B","Strike_B","Strike_B","Defend_B","Defend_B","Defend_B","Defend_B","Zap","Dualcast","Redo","Leap","Ball Lightning","Hologram","Doom and Gloom"],"special_seed":0,"relics":["Cracked Core","Centennial Puzzle","Vajra"],"potions_floor_usage":[11,11],"damage_taken":[{"damage":6.0,"enemies":"Small Slimes","floor":1.0,"turns":3.0},{"damage":8,"enemies":"2 Louse","floor":3,"turns":2},{"damage":0,"enemies":"Cultist","floor":5,"turns":3},{"damage":49,"enemies":"Lagavulin","floor":7,"turns":8},{"damage":0,"enemies":"Blue Slaver","floor":10,"turns":4},{"damage":3,"enemies":"Looter","floor":11,"turns":2}],"seed_played":"-1946929131135133132","potions_obtained":[{"floor":7,"key":"Energy Potion"},{"floor":10,"key":"Weak Potion"}],"is_trial":false,"path_per_floor":["M","$","M","?","M","R","E","?","T","M","M"],"character_chosen":"DEFECT","items_purchased":[],"campfire_rested":0,"item_purchase_floors":[],"current_hp_per_floor":[76,76,68,61,61,61,12,1,1,1,0],"gold":205,"neow_bonus":"TEN_PERCENT_HP_BONUS","is_prod":false,"is_daily":false,"chose_seed":false,"campfire_upgraded":0,"win_rate":0,"timestamp":1549675828,"path_taken":["M","$","M","?","M","R","E","?","T","M","M"],"build_version":"2019-01-23","purchased_purges":1,"victory":false,"max_hp_per_floor":[82,82,82,82,82,82,82,82,82,82,82],"card_choices":[{"not_picked":["Beam Cell","Cold Snap"],"picked":"Redo","floor":1.0},{"not_picked":["Beam Cell","Steam"],"picked":"Leap","floor":3},{"not_picked":["Gash","Go for the Eyes"],"picked":"Ball Lightning","floor":5},{"not_picked":["Rebound","Coolheaded"],"picked":"Hologram","floor":7},{"not_picked":["Turbo","Beam Cell"],"picked":"Doom and Gloom","floor":10}],"player_experience":303408,"relics_obtained":[{"floor":7,"key":"Vajra"}],"event_choices":[{"damage_healed":0,"gold_gain":0,"player_choice":"Success","damage_taken":7,"relics_obtained":["Centennial Puzzle"],"max_hp_gain":0,"max_hp_loss":0,"event_name":"Scrap Ooze","floor":4,"gold_loss":0},{"damage_healed":0,"gold_gain":75,"player_choice":"Gather Gold","damage_taken":11,"max_hp_gain":0,"max_hp_loss":0,"event_name":"World of Goop","floor":8,"gold_loss":0}],"is_beta":false,"boss_relics":[],"items_purged_floors":[2],"is_endless":false,"potions_floor_spawned":[7,10],"killed_by":"Looter","ascension_level":3}