{"gold_per_floor":[113,126,301,301,311,340,340,395,447,461,461,480,504,40,40,138,138,156,156,4,364,378,378,403,403,403,416,431,442,461,461,461,461],"floor_reached":33,"playtime":1007,"items_purged":[],"score":280,"play_id":"06597ab2-a5ab-4309-a684-c6730a3d8aaf","local_time":"20190206060924","is_ascension_mode":true,"campfire_choices":[{"data":"Zap","floor":7,"key":"SMITH"},{"data":"Dualcast","floor":11,"key":"SMITH"},{"data":"White Noise","floor":15,"key":"SMITH"},{"data":"Electrodynamics","floor":23,"key":"SMITH"},{"data":"FTL","floor":25,"key":"SMITH"},{"data":"Auto Shields","floor":32,"key":"SMITH"}],"neow_cost":"NONE","seed_source_timestamp":1466187926813829,"circlet_count":0,"master_deck":["Strike_B","Strike_B+1","Strike_B","Defend_B","Defend_B","Defend_B","Defend_B+1","Zap+1","Dualcast+1","Barrage+1","Ball Lightning","Ball Lightning","Tempest+1","Barrage","FTL+1","White Noise+1","Electrodynamics+1","Capacitor","Barrage+1","Auto Shields+1"],"relics":["Cracked Core","NeowsBlessing","Whetstone","Bag of Marbles","War Paint","Odd Mushroom","Chemical X","Singing Bowl","Coffee Dripper","Blood Vial","Ornamental Fan","Orichalcum","Meat on the Bone"],"potions_floor_usage":[6,6,13,22,24,29,33],"damage_taken":[{"damage":0,"enemies":"Jaw Worm","floor":1,"turns":1},{"damage":0,"enemies":"Small Slimes","floor":2,"turns":1},{"damage":0,"enemies":"2 Louse","floor":5,"turns":1},{"damage":21,"enemies":"3 Sentries","floor":6,"turns":6},{"damage":16,"enemies":"Gremlin Nob","floor":8,"turns":3},{"damage":3,"enemies":"Large Slime","floor":10,"turns":2},{"damage":0,"enemies":"Exordium Thugs","floor":12,"turns":3},{"damage":18,"enemies":"The Mushroom Lair","floor":13,"turns":2},{"damage":9,"enemies":"Hexaghost","floor":16,"turns":7},{"damage":0,"enemies":"Spheric Guardian","floor":18,"turns":2},{"damage":0,"enemies":"Shell Parasite","floor":22,"turns":2},{"damage":18,"enemies":"Gremlin Leader","floor":24,"turns":4},{"damage":0,"enemies":"Snecko","floor":27,"turns":2},{"damage":4,"enemies":"Chosen and Byrds","floor":28,"turns":3},{"damage":14,"enemies":"Centurion and Healer","floor":29,"turns":3},{"damage":4,"enemies":"Cultist and Chosen","floor":30,"turns":3},{"damage":57,"enemies":"Automaton","floor":33,"turns":6}],"seed_played":"6860007141620970627","potions_obtained":[{"floor":1,"key":"Energy Potion"},{"floor":5,"key":"Block Potion"},{"floor":6,"key":"Explosive Potion"},{"floor":12,"key":"Weak Potion"},{"floor":22,"key":"Fruit Juice"},{"floor":24,"key":"LiquidBronze"},{"floor":28,"key":"GamblersBrew"}],"is_trial":false,"path_per_floor":["M","M","?","?","M","E","R","?","T","M","R","M","?","$","R","B",null,"M","?","$","?","M","R","E","R","T","M","M","M","M","T","R","B"],"character_chosen":"DEFECT","items_purchased":["Chemical X","Singing Bowl","Blood Vial"],"campfire_rested":0,"item_purchase_floors":[14,14,20],"current_hp_per_floor":[75,75,75,75,75,54,54,38,38,35,35,35,17,17,17,8,75,77,77,77,42,51,51,37,37,37,39,37,25,25,25,25,0],"gold":461,"neow_bonus":"THREE_ENEMY_KILL","is_prod":false,"is_daily":false,"chose_seed":false,"campfire_upgraded":6,"win_rate":0,"timestamp":1549451364,"path_taken":["M","M","?","?","M","E","R","?","T","M","R","?","?","$","R","BOSS","M","?","$","?","M","R","E","R","T","M","M","M","?","?","R","BOSS"],"build_version":"2019-01-23","purchased_purges":0,"victory":false,"max_hp_per_floor":[75,75,75,75,75,75,75,75,75,75,75,75,75,75,75,75,75,77,77,77,77,84,84,86,86,86,86,86,86,88,88,88,88],"card_choices":[{"not_picked":["Fusion","Heatsinks"],"picked":"Barrage","floor":1},{"not_picked":["Beam Cell","Sweeping Beam"],"picked":"Ball Lightning","floor":2},{"not_picked":["Stack","Steam Power","Coolheaded"],"picked":"SKIP","floor":5},{"not_picked":["Reinforced Body","Hologram"],"picked":"Ball Lightning","floor":6},{"not_picked":["Machine Learning","Ball Lightning"],"picked":"Tempest","floor":8},{"not_picked":["Coolheaded","Compile Driver"],"picked":"Barrage","floor":10},{"not_picked":["Reinforced Body","Gash"],"picked":"FTL","floor":12},{"not_picked":["Ball Lightning","Streamline"],"picked":"White Noise","floor":13},{"not_picked":["Rainbow","Creative AI"],"picked":"Electrodynamics","floor":16},{"not_picked":["Genetic Algorithm","Skim","Go for the Eyes+1"],"picked":"Singing Bowl","floor":18},{"not_picked":["Gash","Stack","Go for the Eyes+1"],"picked":"Singing Bowl","floor":22},{"not_picked":["Gash","Ball Lightning","Blizzard"],"picked":"Singing Bowl","floor":24},{"not_picked":["Leap","Go for the Eyes"],"picked":"Capacitor","floor":27},{"not_picked":["Undo","Multi-Cast"],"picked":"Barrage+1","floor":28},{"not_picked":["Rebound","Steam"],"picked":"Auto Shields","floor":29},{"not_picked":["Steam","Gash","All For One"],"picked":"Singing Bowl","floor":30}],"player_experience":639617,"relics_obtained":[{"floor":6,"key":"Whetstone"},{"floor":8,"key":"Bag of Marbles"},{"floor":9,"key":"War Paint"},{"floor":13,"key":"Odd Mushroom"},{"floor":24,"key":"Ornamental Fan"},{"floor":26,"key":"Orichalcum"},{"floor":31,"key":"Meat on the Bone"}],"event_choices":[{"damage_healed":0,"gold_gain":175,"player_choice":"AGREE","damage_taken":0,"max_hp_gain":0,"max_hp_loss":0,"event_name":"Liars Game","floor":3,"gold_loss":0,"cards_obtained":["Doubt"]},{"cards_removed":["Doubt"],"damage_healed":0,"gold_gain":0,"player_choice":"Forget","damage_taken":0,"max_hp_gain":0,"max_hp_loss":0,"event_name":"Living Wall","floor":4,"gold_loss":0},{"damage_healed":0,"gold_gain":30,"player_choice":"Searched \u00272\u0027 times","damage_taken":0,"max_hp_gain":0,"max_hp_loss":0,"event_name":"Dead Adventurer","floor":8,"gold_loss":0},{"damage_healed":0,"gold_gain":0,"player_choice":"Fought Mushrooms","damage_taken":0,"max_hp_gain":0,"max_hp_loss":0,"event_name":"Mushrooms","floor":13,"gold_loss":0},{"cards_removed":["Strike_B"],"damage_healed":0,"gold_gain":0,"player_choice":"Elegance","damage_taken":0,"max_hp_gain":0,"max_hp_loss":0,"event_name":"Back to Basics","floor":19,"gold_loss":0},{"damage_healed":0,"gold_gain":360,"player_choice":"GOLD GOLD GOLD GOLD ","damage_taken":35,"max_hp_gain":0,"max_hp_loss":0,"event_name":"Knowing Skull","floor":21,"potions_obtained":[],"gold_loss":0,"cards_obtained":[]}],"is_beta":true,"boss_relics":[{"not_picked":["Pandora\u0027s Box","Orrery"],"picked":"Coffee Dripper"}],"items_purged_floors":[],"is_endless":false,"potions_floor_spawned":[1,5,6,12,22,24,28],"killed_by":"Automaton","ascension_level":1}