{"gold_per_floor":[115,17,92,102,102,135,135,147,147,167,8,40,58,69,69,172,172,184,94,105,122,0,0,32,32,109,109,121,121,21,21,21,117,117,129,129,143,162,162],"floor_reached":39,"playtime":4534,"items_purged":["Strike_B","Strike_B"],"score":473,"play_id":"b339740a-6b60-4f10-ae76-4a1a1654886c","local_time":"20190209151933","is_ascension_mode":true,"campfire_choices":[{"floor":7.0,"key":"REST"},{"floor":15.0,"key":"REST"},{"floor":23.0,"key":"REST"},{"floor":27.0,"key":"REST"},{"floor":29.0,"key":"REST"},{"floor":32.0,"key":"RECALL"}],"neow_cost":"NONE","seed_source_timestamp":492075150014426,"circlet_count":0,"master_deck":["Defend_B","Defend_B","Defend_B","Dualcast","Genetic Algorithm","Leap","Ball Lightning","Ball Lightning","Defragment+1","Consume+1","Defragment","Defragment","Coolheaded","Reboot","Static Discharge","Cold Snap+1","Multi-Cast","Auto Shields+1","Glacier"],"special_seed":0,"relics":["Cracked Core","Dodecahedron","Bronze Scales","Inserter","Prayer Wheel","Bottled Flame","Empty Cage"],"potions_floor_usage":[],"damage_taken":[{"damage":6.0,"enemies":"2 Louse","floor":1.0,"turns":3.0},{"damage":0.0,"enemies":"Small Slimes","floor":4.0,"turns":4.0},{"damage":32.0,"enemies":"Gremlin Nob","floor":6.0,"turns":4.0},{"damage":2.0,"enemies":"Jaw Worm","floor":8.0,"turns":4.0},{"damage":12.0,"enemies":"Exordium Thugs","floor":10.0,"turns":3.0},{"damage":22.0,"enemies":"3 Sentries","floor":12.0,"turns":6.0},{"damage":0.0,"enemies":"Looter","floor":13.0,"turns":3.0},{"damage":8.0,"enemies":"Large Slime","floor":14.0,"turns":4.0},{"damage":5.0,"enemies":"Hexaghost","floor":16.0,"turns":9.0},{"damage":17.0,"enemies":"3 Byrds","floor":18.0,"turns":3.0},{"damage":9.0,"enemies":"Spheric Guardian","floor":20.0,"turns":4.0},{"damage":23.0,"enemies":"Centurion and Healer","floor":21.0,"turns":7.0},{"damage":11.0,"enemies":"Book of Stabbing","floor":24.0,"turns":7.0},{"damage":13.0,"enemies":"Snecko","floor":28.0,"turns":5.0},{"damage":21.0,"enemies":"Automaton","floor":33.0,"turns":12.0},{"damage":10.0,"enemies":"3 Shapes","floor":35.0,"turns":4.0},{"damage":28.0,"enemies":"3 Darklings","floor":37.0,"turns":5.0},{"damage":22.0,"enemies":"Spire Growth","floor":38.0,"turns":7.0},{"damage":27,"enemies":"Transient","floor":39,"turns":2}],"seed_played":"1462531323544812037","potions_obtained":[{"floor":1.0,"key":"Swift Potion"},{"floor":4.0,"key":"Regen Potion"},{"floor":6.0,"key":"PowerPotion"},{"floor":10.0,"key":"Weak Potion"},{"floor":18.0,"key":"SteroidPotion"},{"floor":21.0,"key":"SkillPotion"},{"floor":33.0,"key":"Swift Potion"},{"floor":37.0,"key":"FearPotion"}],"is_trial":false,"path_per_floor":["M","$","?","M","?","E","R","M","T","M","$","E","M","M","R","B",null,"M","?","M","M","?","R","E","$","T","R","M","R","$","?","R","B",null,"M","?","M","M","M"],"character_chosen":"DEFECT","items_purchased":["Leap","Consume","Defragment"],"campfire_rested":5,"item_purchase_floors":[2,11,11],"current_hp_per_floor":[76,76,65,65,58,38,62,60,60,48,48,26,26,18,42,37,82,65,65,56,33,33,57,46,46,46,70,57,81,81,81,81,60,82,72,72,44,22,0],"gold":162,"neow_bonus":"TEN_PERCENT_HP_BONUS","is_prod":false,"is_daily":false,"chose_seed":false,"campfire_upgraded":0,"win_rate":0,"timestamp":1549721973,"path_taken":["M","$","?","M","?","E","R","M","T","M","$","E","M","M","R","BOSS","M","?","M","?","?","R","E","$","T","R","M","R","$","?","R","BOSS","M","?","?","?","M"],"build_version":"2019-01-23","purchased_purges":2,"victory":false,"max_hp_per_floor":[82,82,82,82,82,82,82,82,82,82,82,82,82,82,82,82,82,82,82,82,82,82,82,82,82,82,82,82,82,82,82,82,82,82,82,82,82,82,82],"card_choices":[{"not_picked":["Melter","Coolheaded"],"picked":"Genetic Algorithm","floor":1.0},{"not_picked":["Streamline","Reprogram"],"picked":"Ball Lightning","floor":4.0},{"not_picked":["Streamline","Conserve Battery"],"picked":"Ball Lightning","floor":6.0},{"not_picked":["Leap","Force Field"],"picked":"Defragment","floor":8.0},{"not_picked":["Rebound","Coolheaded","Cold Snap"],"picked":"SKIP","floor":10.0},{"not_picked":["BootSequence","Rebound"],"picked":"Defragment","floor":12.0},{"not_picked":["Chill","Reprogram","Rip and Tear"],"picked":"SKIP","floor":13.0},{"not_picked":["Recycle","Fission"],"picked":"Coolheaded","floor":14.0},{"not_picked":["Fission","Creative AI"],"picked":"Reboot","floor":16.0},{"not_picked":["Go for the Eyes","Stack","Barrage"],"picked":"SKIP","floor":18.0},{"not_picked":["Barrage","Undo","Conserve Battery+1"],"picked":"SKIP","floor":20.0},{"not_picked":["Conserve Battery","Steam Power"],"picked":"Static Discharge","floor":21.0},{"not_picked":["Turbo","Blizzard","Rip and Tear"],"picked":"SKIP","floor":24.0},{"not_picked":["Genetic Algorithm","White Noise"],"picked":"Cold Snap+1","floor":28.0},{"not_picked":["Hologram","Scrape","Steam+1"],"picked":"SKIP","floor":28.0},{"not_picked":["Thunder Strike","Buffer"],"picked":"Multi-Cast","floor":33.0},{"not_picked":["Leap","Melter"],"picked":"Auto Shields+1","floor":35.0},{"not_picked":["Redo","Coolheaded","Defragment"],"picked":"SKIP","floor":35.0},{"not_picked":["Conserve Battery+1","Leap+1"],"picked":"Glacier","floor":37.0},{"not_picked":["Skim","Beam Cell+1","Rebound+1"],"picked":"SKIP","floor":37.0},{"not_picked":["Turbo","Defragment","Force Field"],"picked":"SKIP","floor":38.0},{"not_picked":["Hologram+1","Sunder+1","Streamline+1"],"picked":"SKIP","floor":38.0}],"player_experience":314174,"relics_obtained":[{"floor":6.0,"key":"Dodecahedron"},{"floor":12.0,"key":"Bronze Scales"},{"floor":24.0,"key":"Prayer Wheel"},{"floor":26.0,"key":"Bottled Flame"}],"event_choices":[{"damage_healed":0.0,"max_hp_gain":0.0,"max_hp_loss":0.0,"gold_gain":75.0,"event_name":"World of Goop","player_choice":"Gather Gold","floor":3.0,"gold_loss":0.0,"damage_taken":11.0},{"cards_removed":["Strike_B"],"damage_healed":0.0,"max_hp_gain":0.0,"max_hp_loss":0.0,"gold_gain":0.0,"event_name":"Golden Wing","player_choice":"Card Removal","floor":5.0,"gold_loss":0.0,"damage_taken":7.0},{"cards_removed":["Strike_B"],"damage_healed":0.0,"max_hp_gain":0.0,"max_hp_loss":0.0,"gold_gain":0.0,"event_name":"Designer","player_choice":"Upgrade and Remove","floor":19.0,"gold_loss":90.0,"damage_taken":0.0,"cards_upgraded":["Defragment"]},{"damage_healed":0.0,"max_hp_gain":0.0,"max_hp_loss":0.0,"gold_gain":0.0,"event_name":"Masked Bandits","player_choice":"Paid Fearfully","floor":22.0,"gold_loss":122.0,"damage_taken":0.0},{"damage_healed":0.0,"max_hp_gain":0.0,"max_hp_loss":0.0,"gold_gain":0.0,"event_name":"Beggar","player_choice":"Ignored","floor":31.0,"gold_loss":0.0,"damage_taken":0.0},{"damage_healed":0.0,"max_hp_gain":0.0,"max_hp_loss":0.0,"gold_gain":0.0,"event_name":"Upgrade Shrine","player_choice":"Upgraded","floor":36.0,"gold_loss":0.0,"damage_taken":0.0,"cards_upgraded":["Consume"]}],"is_beta":false,"boss_relics":[{"not_picked":["Philosopher\u0027s Stone","Fusion Hammer"],"picked":"Inserter"},{"not_picked":["Eternal Feather","Velvet Choker"],"picked":"Empty Cage"}],"items_purged_floors":[2,30],"is_endless":false,"potions_floor_spawned":[1,4,6,10,18,21,33,37],"killed_by":"Transient","ascension_level":3}