{"gold_per_floor":[111,111,111,111,186,186,206,232,232,247,262,280,280,299,299,371,371,383,403,453,469,469],"floor_reached":22,"playtime":690,"items_purged":[],"score":356,"play_id":"75127597-c274-4bad-a98c-199e3aee3748","local_time":"20181108054729","is_ascension_mode":true,"campfire_choices":[{"data":"Leap","floor":6,"key":"SMITH"},{"data":"Darkness","floor":13,"key":"SMITH"},{"floor":15,"key":"REST"}],"neow_cost":"TEN_PERCENT_HP_LOSS","seed_source_timestamp":4285835762997,"circlet_count":0,"master_deck":["AscendersBane","Strike_B","Strike_B","Strike_B","Strike_B","Defend_B","Defend_B","Defend_B","Defend_B","Zap+1","Dualcast+1","Leap+1","Darkness+1","Skim","Reinforced Body","Rainbow","White Noise","Thunder Strike"],"relics":["Cracked Core","Ice Cream","Odd Mushroom","Pear","Cursed Key"],"potions_floor_usage":[16,18],"damage_taken":[{"damage":8,"enemies":"2 Louse","floor":1,"turns":3},{"damage":0,"enemies":"Jaw Worm","floor":7,"turns":3},{"damage":13,"enemies":"The Mushroom Lair","floor":8,"turns":4},{"damage":0,"enemies":"Small Slimes","floor":10,"turns":4},{"damage":1,"enemies":"Looter","floor":11,"turns":3},{"damage":2,"enemies":"3 Louse","floor":12,"turns":3},{"damage":8,"enemies":"Red Slaver","floor":14,"turns":4},{"damage":22,"enemies":"The Guardian","floor":16,"turns":9},{"damage":1,"enemies":"Spheric Guardian","floor":18,"turns":6},{"damage":19,"enemies":"Shell Parasite","floor":19,"turns":3},{"damage":35,"enemies":"3 Cultists","floor":21,"turns":6},{"damage":23,"enemies":"Snake Plant","floor":22,"turns":3}],"seed_played":"5031010441884600163","potions_obtained":[{"floor":8,"key":"GamblersBrew"},{"floor":11,"key":"Strength Potion"},{"floor":16,"key":"Block Potion"},{"floor":18,"key":"Ancient Potion"},{"floor":21,"key":"FairyPotion"}],"is_trial":false,"path_per_floor":["M","?","$","?","?","R","M","?","T","M","M","M","R","M","R","B",null,"M","M","?","M","M"],"character_chosen":"DEFECT","items_purchased":[],"campfire_rested":1,"item_purchase_floors":[],"current_hp_per_floor":[56,37,37,58,47,47,47,34,44,44,43,41,41,33,55,33,64,63,44,44,9,0],"gold":469,"neow_bonus":"ONE_RARE_RELIC","is_prod":false,"is_daily":false,"chose_seed":false,"campfire_upgraded":2,"win_rate":0,"timestamp":1541674049,"path_taken":["M","?","?","?","?","R","M","?","T","M","M","M","R","M","R","BOSS","M","M","?","?","M"],"build_version":"2018-11-07","purchased_purges":0,"victory":false,"max_hp_per_floor":[64,64,64,64,64,64,64,64,74,74,74,74,74,74,74,74,74,74,74,74,74,74],"card_choices":[{"not_picked":["Rebound","Beam Cell"],"picked":"Leap","floor":1},{"not_picked":["Heatsinks","Conserve Battery"],"picked":"Darkness","floor":7},{"not_picked":["FTL","Sweeping Beam"],"picked":"Skim","floor":10},{"not_picked":["Storm","Leap","Go for the Eyes"],"picked":"SKIP","floor":11},{"not_picked":["Gash","Redo","Beam Cell"],"picked":"SKIP","floor":12},{"not_picked":["Double Energy","Conserve Battery"],"picked":"Reinforced Body","floor":14},{"not_picked":["Seek","Amplify"],"picked":"Rainbow","floor":16},{"not_picked":["Rebound","Hologram"],"picked":"White Noise","floor":18},{"not_picked":["Aggregate+1","Gash","Steam+1"],"picked":"SKIP","floor":19},{"not_picked":["Steam","Conserve Battery"],"picked":"Thunder Strike","floor":21}],"player_experience":558833,"relics_obtained":[{"floor":8,"key":"Odd Mushroom"},{"floor":9,"key":"Pear"}],"event_choices":[{"damage_healed":0,"gold_gain":0,"player_choice":"Entered Light","damage_taken":19,"max_hp_gain":0,"max_hp_loss":0,"event_name":"Shining Light","floor":2,"gold_loss":0,"cards_upgraded":["Dualcast","Zap"]},{"damage_healed":21,"gold_gain":0,"player_choice":"Banana","damage_taken":0,"max_hp_gain":0,"max_hp_loss":0,"event_name":"Big Fish","floor":4,"gold_loss":0},{"damage_healed":0,"gold_gain":75,"player_choice":"Gather Gold","damage_taken":11,"max_hp_gain":0,"max_hp_loss":0,"event_name":"World of Goop","floor":5,"gold_loss":0},{"damage_healed":0,"gold_gain":0,"player_choice":"Fought Mushrooms","damage_taken":0,"max_hp_gain":0,"max_hp_loss":0,"event_name":"Mushrooms","floor":8,"gold_loss":0},{"damage_healed":0,"gold_gain":50,"player_choice":"Pray","damage_taken":0,"max_hp_gain":0,"max_hp_loss":0,"event_name":"Golden Shrine","floor":20,"gold_loss":0}],"is_beta":true,"boss_relics":[{"not_picked":["Calling Bell","Black Star"],"picked":"Cursed Key"}],"items_purged_floors":[],"is_endless":false,"potions_floor_spawned":[8,11,12,16,18,21],"killed_by":"Snake Plant","ascension_level":20}