{"path_per_floor":["M","$","?","M","M","E","M","E","T","E","$","E","M","$","R","B",null,"M","?","?","$","M","R","E","M","T","E","?","M","M","E","R","B",null,"M","?","?","?","M","R","E","$","T","R","M","R","$","?","R"],"character_chosen":"THE_SILENT","items_purchased":["Footwork","Outmaneuver","Calculated Gamble","Orichalcum","Well Laid Plans","Paper Crane"],"gold_per_floor":[113,32,32,47,63,95,108,142,194,224,143,175,188,43,43,144,144,159,159,159,84,101,101,131,151,151,183,183,196,216,250,250,345,345,359,359,359,359,371,371,405,27,51,51,65,65,65,111,111,111],"floor_reached":50,"campfire_rested":5,"playtime":5835,"current_hp_per_floor":[70,70,70,70,66,42,36,32,32,11,11,12,12,12,33,24,70,57,63,69,69,67,67,68,60,60,49,49,37,39,36,66,12,103,91,91,78,78,47,47,10,10,10,40,27,57,57,30,60,0],"items_purged":["Normality","Defend_G"],"gold":111,"score":634,"play_id":"ce934780-1d09-4b0b-97f5-ec63d283bc5e","local_time":"20180327164944","is_prod":false,"is_daily":false,"is_ascension_mode":true,"campfire_upgraded":1,"timestamp":1522190984,"path_taken":["M","?","?","M","M","E","M","E","T","E","?","E","?","$","R","BOSS","M","?","?","$","M","R","E","M","T","E","?","M","?","E","R","BOSS","M","?","?","?","M","R","E","?","T","R","M","R","$","?","R","BOSS"],"build_version":"2018-03-22v2","purchased_purges":2,"victory":false,"master_deck":["Defend_G","Defend_G","Defend_G","Defend_G","Survivor","Neutralize","Bane","Footwork","Outmaneuver","Poisoned Stab","Escape Plan","Dash","Quick Slash","Terror+1","Flying Knee","Calculated Gamble","Catalyst","Wraith Form","Dagger Spray+1","Sucker Punch+1","Die Die Die+1","Writhe","Prepared+1","Underhanded Strike","Madness+1","Madness+1","Prepared+1","Well Laid Plans"],"max_hp_per_floor":[70,70,70,70,70,70,70,70,70,70,70,70,70,70,70,70,70,70,76,82,82,82,82,89,89,89,89,89,89,89,103,103,103,103,103,103,103,103,103,103,103,103,103,103,103,103,103,103,103,103],"relics":["Ring of the Snake","Ancient Tea Set","Darkstone Periapt","Pen Nib","Bag of Preparation","Mercury Hourglass","Orichalcum","Astrolabe","Bird Faced Urn","Toxic Egg 2","Strawberry","Shovel","Bottled Tornado","Mango","Sozu","Juzu Bracelet","Bag of Marbles","Paper Crane","Omamori","Girya"],"card_choices":[{"not_picked":["Leg Sweep","Deflect"],"picked":"Bane","floor":1.0},{"not_picked":["Deadly Poison","Underhanded Strike"],"picked":"Poisoned Stab","floor":4.0},{"not_picked":["Malaise","Dagger Throw"],"picked":"Escape Plan","floor":5.0},{"not_picked":["Slice","Dagger Spray"],"picked":"Dash","floor":6.0},{"not_picked":["Deadly Poison","Venomology"],"picked":"Quick Slash","floor":7.0},{"not_picked":["Bouncing Flask","Deflect"],"picked":"Terror","floor":8.0},{"not_picked":["Deadly Poison","Outmaneuver"],"picked":"Flying Knee","floor":10.0},{"not_picked":["Riddle With Holes","Dagger Spray"],"picked":"Catalyst","floor":12.0},{"not_picked":["Phantasmal Killer","Night Terror"],"picked":"Wraith Form","floor":16.0},{"not_picked":["Backflip","Dagger Throw"],"picked":"Underhanded Strike","floor":18.0},{"not_picked":["After Image","Heel Hook"],"picked":"Prepared","floor":24.0},{"not_picked":["Deflect","Slice"],"picked":"Underhanded Strike","floor":25.0},{"not_picked":["Underhanded Strike","Outmaneuver"],"picked":"Prepared","floor":39.0}],"player_experience":97152,"potions_floor_usage":[],"damage_taken":[{"damage":0.0,"enemies":"Cultist","floor":1.0,"turns":5.0},{"damage":0.0,"enemies":"Small Slimes","floor":4.0,"turns":5.0},{"damage":4.0,"enemies":"Jaw Worm","floor":5.0,"turns":5.0},{"damage":24.0,"enemies":"Gremlin Nob","floor":6.0,"turns":5.0},{"damage":6.0,"enemies":"Lots of Slimes","floor":7.0,"turns":6.0},{"damage":4.0,"enemies":"Lagavulin","floor":8.0,"turns":7.0},{"damage":21.0,"enemies":"Gremlin Nob","floor":10.0,"turns":5.0},{"damage":11.0,"enemies":"Lagavulin","floor":12.0,"turns":5.0},{"damage":0.0,"enemies":"Blue Slaver","floor":13.0,"turns":3.0},{"damage":24.0,"enemies":"The Guardian","floor":16.0,"turns":8.0},{"damage":13.0,"enemies":"2 Thieves","floor":18.0,"turns":3.0},{"damage":2.0,"enemies":"Spheric Guardian","floor":22.0,"turns":3.0},{"damage":6.0,"enemies":"Book of Stabbing","floor":24.0,"turns":3.0},{"damage":10.0,"enemies":"Cultist and Chosen","floor":25.0,"turns":3.0},{"damage":13.0,"enemies":"Slavers","floor":27.0,"turns":4.0},{"damage":12.0,"enemies":"Slaver and Parasite","floor":29.0,"turns":6.0},{"damage":2.0,"enemies":"Snecko","floor":30.0,"turns":4.0},{"damage":21.0,"enemies":"Book of Stabbing","floor":31.0,"turns":5.0},{"damage":58.0,"enemies":"Champ","floor":33.0,"turns":12.0},{"damage":12.0,"enemies":"3 Shapes","floor":35.0,"turns":5.0},{"damage":33.0,"enemies":"3 Darklings","floor":39.0,"turns":5.0},{"damage":39.0,"enemies":"2 Orb Walkers","floor":41.0,"turns":5.0},{"damage":19.0,"enemies":"4 Shapes","floor":45.0,"turns":7.0},{"damage":33,"enemies":"Mysterious Sphere","floor":48,"turns":4},{"damage":82,"enemies":"Donu and Deca","floor":50,"turns":5}],"event_choices":[{"event_name":"Purifier","player_choice":"One Purge","floor":3.0,"damage_taken":0.0},{"event_name":"Accursed Blacksmith","player_choice":"Rummage","floor":19.0,"damage_taken":0.0},{"event_name":"The Mausoleum","player_choice":"Yes","floor":20.0,"damage_taken":0.0},{"event_name":"Back to Basics","player_choice":"Elegance","floor":28.0,"damage_taken":0.0},{"event_name":"Winding Halls","player_choice":"Embrace Madness","floor":37.0,"damage_taken":0.0},{"event_name":"Tomb of Lord Red Mask","player_choice":"Ignored","floor":38.0,"damage_taken":0.0},{"event_name":"Mysterious Sphere","player_choice":"Fight","floor":48,"damage_taken":0}],"boss_relics":[],"potions_floor_spawned":[4,6,10,12,13,22,25,27,30,31,35,45],"seed_played":"5948469075028884952","killed_by":"Donu and Deca","ascension_level":1,"is_trial":false}