{"gold_per_floor":[113,288,288,288,22,63,83,99,151,151,170,185,185,200,200,323,386],"floor_reached":17,"playtime":733,"items_purged":["Doubt"],"score":212,"play_id":"deefad02-d06a-42d7-800d-0b66f902545e","local_time":"20181210180955","is_ascension_mode":true,"campfire_choices":[{"floor":10,"key":"REST"},{"floor":13,"key":"REST"},{"data":"Footwork","floor":15,"key":"SMITH"}],"neow_cost":"NONE","seed_source_timestamp":132410337364320,"circlet_count":0,"master_deck":["Defend_G","Defend_G+1","Defend_G","Defend_G","Defend_G+1","Strike_G","Strike_G","Survivor","Neutralize","Calculated Gamble+1","Grand Finale+1","Caltrops+1","Infinite Blades","Dash","Dodge and Roll","PiercingWail+1","Footwork+1","Infinite Blades","Terror","Storm of Steel","Reflex"],"relics":["Astrolabe","Golden Idol","Medical Kit","Juzu Bracelet","Oddly Smooth Stone","Tiny House"],"potions_floor_usage":[16,16,16],"damage_taken":[{"damage":0,"enemies":"Jaw Worm","floor":1,"turns":8},{"damage":26,"enemies":"3 Sentries","floor":6,"turns":10},{"damage":0,"enemies":"2 Louse","floor":7,"turns":4},{"damage":0,"enemies":"Cultist","floor":8,"turns":5},{"damage":4,"enemies":"Gremlin Gang","floor":11,"turns":7},{"damage":1,"enemies":"Blue Slaver","floor":12,"turns":5},{"damage":16,"enemies":"Exordium Wildlife","floor":14,"turns":6},{"damage":22,"enemies":"The Guardian","floor":16,"turns":8}],"seed_played":"8083615739916873567","potions_obtained":[{"floor":1,"key":"PowerPotion"},{"floor":11,"key":"Poison Potion"},{"floor":14,"key":"AttackPotion"},{"floor":16,"key":"SteroidPotion"},{"floor":17,"key":"Strength Potion"}],"is_trial":false,"path_per_floor":["M","?","?","?","$","E","M","M","T","R","M","M","R","M","R","B",null],"character_chosen":"THE_SILENT","items_purchased":["Medical Kit"],"campfire_rested":2,"item_purchase_floors":[5],"current_hp_per_floor":[63,63,49,49,49,23,23,23,23,42,38,37,56,40,40,18,58],"gold":386,"neow_bonus":"BOSS_RELIC","is_prod":false,"is_daily":false,"chose_seed":false,"campfire_upgraded":1,"win_rate":0,"timestamp":1544483395,"path_taken":["M","?","?","?","$","E","M","M","T","R","M","M","R","M","R","BOSS"],"build_version":"2018-12-06","purchased_purges":1,"victory":false,"max_hp_per_floor":[70,70,70,65,65,65,65,65,65,65,65,65,65,65,65,65,70],"card_choices":[{"not_picked":["Concentrate","Flying Knee"],"picked":"Infinite Blades","floor":1},{"not_picked":["Backflip","Masterful Stab"],"picked":"Dash","floor":6},{"not_picked":["Catalyst","Poisoned Stab"],"picked":"Dodge and Roll","floor":7},{"not_picked":["Cloak And Dagger","Outmaneuver"],"picked":"PiercingWail","floor":8},{"not_picked":["Endless Agony","Heel Hook"],"picked":"Footwork","floor":11},{"not_picked":["Finisher","Dodge and Roll"],"picked":"Infinite Blades","floor":12},{"not_picked":["Footwork","Caltrops"],"picked":"Terror","floor":14},{"not_picked":["Adrenaline","A Thousand Cuts"],"picked":"Storm of Steel","floor":16},{"not_picked":["PiercingWail","Dagger Throw"],"picked":"Reflex","floor":17}],"player_experience":374642,"relics_obtained":[{"floor":6,"key":"Juzu Bracelet"},{"floor":9,"key":"Oddly Smooth Stone"}],"event_choices":[{"damage_healed":0,"gold_gain":175,"player_choice":"AGREE","damage_taken":0,"max_hp_gain":0,"max_hp_loss":0,"event_name":"Liars Game","floor":2,"gold_loss":0,"cards_obtained":["Doubt"]},{"damage_healed":0,"gold_gain":0,"player_choice":"Entered Light","damage_taken":14,"max_hp_gain":0,"max_hp_loss":0,"event_name":"Shining Light","floor":3,"gold_loss":0,"cards_upgraded":["Defend_G","Defend_G"]},{"damage_healed":0,"gold_gain":0,"player_choice":"Lose Max HP","damage_taken":0,"relics_obtained":["Golden Idol"],"max_hp_gain":0,"max_hp_loss":5,"event_name":"Golden Idol","floor":4,"gold_loss":0}],"is_beta":false,"boss_relics":[{"not_picked":["White Beast Statue","Lizard Tail"],"picked":"Tiny House"}],"items_purged_floors":[5],"is_endless":false,"potions_floor_spawned":[1,11,14,16],"ascension_level":7}