{"gold_per_floor":[214,228,228,243,259,288,69,69,138,138,171,84,84,94,94,194,194,214,225,225,225,32,32,32],"floor_reached":24,"playtime":854,"items_purged":[],"score":318,"play_id":"cec33647-4036-4087-8954-55f21c77501b","local_time":"20181208151000","is_ascension_mode":true,"campfire_choices":[{"floor":10,"key":"REST"},{"floor":13,"key":"REST"},{"data":"Apotheosis","floor":15,"key":"SMITH"},{"floor":23,"key":"RECALL"}],"neow_cost":"NONE","seed_source_timestamp":1721148862249600,"circlet_count":0,"master_deck":["Strike_R","Strike_R","Strike_R","Strike_R","Defend_R","Defend_R","Defend_R","Defend_R","Bash","Carnage","Infernal Blade","Iron Wave","Apotheosis+1","Havoc","Dark Embrace","Battle Trance+1","True Grit+1","Warcry+1"],"relics":["Black Blood","Dead Branch","Vajra","Toxic Egg 2","Bird Faced Urn","Pantograph","Bag of Preparation"],"potions_floor_usage":[6,18,18,18],"damage_taken":[{"damage":7,"enemies":"Small Slimes","floor":1,"turns":4},{"damage":7,"enemies":"Jaw Worm","floor":2,"turns":3},{"damage":1,"enemies":"Cultist","floor":4,"turns":3},{"damage":7,"enemies":"Looter","floor":5,"turns":3},{"damage":28,"enemies":"Gremlin Nob","floor":6,"turns":4},{"damage":32,"enemies":"Lagavulin","floor":11,"turns":6},{"damage":5,"enemies":"Gremlin Gang","floor":14,"turns":5},{"damage":6,"enemies":"Slime Boss","floor":16,"turns":6},{"damage":16,"enemies":"3 Byrds","floor":18,"turns":3},{"damage":32,"enemies":"Shell Parasite","floor":19,"turns":6},{"damage":56,"enemies":"Gremlin Leader","floor":24,"turns":5}],"seed_played":"-6571557238631459650","potions_obtained":[{"floor":4,"key":"Strength Potion"},{"floor":6,"key":"LiquidBronze"},{"floor":11,"key":"Strength Potion"},{"floor":16,"key":"PowerPotion"}],"is_trial":false,"path_per_floor":["M","M","?","M","M","E","$","?","T","R","E","?","R","M","R","B",null,"M","M","?","?","$","R","E"],"character_chosen":"IRONCLAD","items_purchased":["Apotheosis","Havoc","Warcry+1","Bag of Preparation"],"campfire_rested":2,"item_purchase_floors":[7,7,22,22],"current_hp_per_floor":[79,78,78,80,79,57,57,39,39,63,37,37,61,64,64,80,80,74,54,54,54,54,54,0],"gold":32,"neow_bonus":"HUNDRED_GOLD","is_prod":false,"is_daily":false,"chose_seed":false,"campfire_upgraded":1,"win_rate":0,"timestamp":1544278200,"path_taken":["M","M","?","M","M","E","$","?","T","R","E","?","R","M","R","BOSS","M","M","?","?","$","R","E"],"build_version":"2018-12-06","purchased_purges":0,"victory":false,"max_hp_per_floor":[80,80,80,80,80,80,80,80,80,80,80,80,80,80,80,80,80,80,80,80,80,80,80,80],"card_choices":[{"not_picked":["Sword Boomerang","Heavy Blade"],"picked":"Carnage","floor":1},{"not_picked":["Rage","Clothesline"],"picked":"Infernal Blade","floor":2},{"not_picked":["Heavy Blade","Dropkick","Carnage"],"picked":"SKIP","floor":4},{"not_picked":["Shockwave","Clash"],"picked":"Iron Wave","floor":5},{"not_picked":["Dark Embrace","Demon Form","Twin Strike"],"picked":"SKIP","floor":6},{"not_picked":["Corruption","Sentinel+1","Rampage"],"picked":"SKIP","floor":11},{"not_picked":["Armaments+1","Thunderclap","Clash"],"picked":"SKIP","floor":14},{"not_picked":["Fiend Fire","Berserk"],"picked":"Dark Embrace","floor":16},{"not_picked":["Twin Strike","Thunderclap"],"picked":"Battle Trance+1","floor":18},{"not_picked":["Perfected Strike","Fire Breathing+1"],"picked":"True Grit+1","floor":19}],"player_experience":787852,"relics_obtained":[{"floor":6,"key":"Dead Branch"},{"floor":9,"key":"Toxic Egg 2"},{"floor":11,"key":"Bird Faced Urn"}],"event_choices":[{"damage_healed":0,"gold_gain":0,"player_choice":"Leave","damage_taken":0,"max_hp_gain":0,"max_hp_loss":0,"event_name":"The Cleric","floor":3,"gold_loss":0},{"damage_healed":0,"gold_gain":0,"player_choice":"Success","damage_taken":18,"relics_obtained":["Vajra"],"max_hp_gain":0,"max_hp_loss":0,"event_name":"Scrap Ooze","floor":8,"gold_loss":0},{"damage_healed":0,"gold_gain":0,"player_choice":"Paid Gold","damage_taken":0,"relics_obtained":["Pantograph"],"max_hp_gain":0,"max_hp_loss":0,"event_name":"WeMeetAgain","floor":12,"gold_loss":87},{"damage_healed":0,"gold_gain":0,"player_choice":"Ignored","damage_taken":0,"max_hp_gain":0,"max_hp_loss":0,"event_name":"Vampires","floor":20,"gold_loss":0},{"cards_removed":["Strike_R"],"damage_healed":0,"gold_gain":0,"player_choice":"Offered Basic","damage_taken":0,"max_hp_gain":0,"max_hp_loss":0,"event_name":"Bonfire Elementals","floor":21,"gold_loss":0}],"is_beta":false,"boss_relics":[{"not_picked":["Black Star","Mark of Pain"],"picked":"Black Blood"}],"items_purged_floors":[],"is_endless":false,"potions_floor_spawned":[4,6,11,16],"killed_by":"Gremlin Leader","ascension_level":5}