{"gold_per_floor":[117,117,117,142,167,198,198,219,219,159,175,190,190,190,190,311,311,327,327,311,311,324,324,141,141,141,179,231,231],"floor_reached":29,"playtime":1891,"items_purged":["Strike_R","Defend_R"],"score":292,"play_id":"9a29009b-4341-4264-98c5-4d4a77c7efb3","local_time":"20190127205850","is_ascension_mode":true,"campfire_choices":[{"data":"Bash","floor":7,"key":"SMITH"},{"data":"Body Slam","floor":13,"key":"SMITH"},{"data":"Shrug It Off","floor":15,"key":"SMITH"},{"data":"Barricade","floor":23,"key":"SMITH"},{"floor":25,"key":"REST"}],"neow_cost":"NONE","seed_source_timestamp":27513299496074,"circlet_count":0,"master_deck":["Strike_R","Strike_R","Strike_R","Strike_R","Defend_R","Defend_R","Defend_R","Bash+1","Shrug It Off+1","Cleave","Body Slam+1","Dark Embrace","Barricade+1","Bloodletting+1","Shrug It Off","Intimidate","Entrench"],"relics":["Sozu","Meat on the Bone","Golden Idol","The Courier","Pear","Runic Pyramid","Gremlin Horn","Strawberry","Regal Pillow"],"potions_floor_usage":[],"damage_taken":[{"damage":6,"enemies":"Cultist","floor":1,"turns":3},{"damage":7,"enemies":"Small Slimes","floor":4,"turns":3},{"damage":2,"enemies":"Jaw Worm","floor":5,"turns":3},{"damage":18,"enemies":"3 Sentries","floor":6,"turns":8},{"damage":3,"enemies":"Blue Slaver","floor":8,"turns":3},{"damage":19,"enemies":"Exordium Thugs","floor":11,"turns":5},{"damage":3,"enemies":"Exordium Wildlife","floor":12,"turns":5},{"damage":39,"enemies":"The Guardian","floor":16,"turns":13},{"damage":10,"enemies":"3 Byrds","floor":18,"turns":4},{"damage":15,"enemies":"2 Thieves","floor":20,"turns":4},{"damage":25,"enemies":"Colosseum Slavers","floor":21,"turns":5},{"damage":35,"enemies":"3 Cultists","floor":22,"turns":6},{"damage":36,"enemies":"Book of Stabbing","floor":27,"turns":7},{"damage":23,"enemies":"Sentry and Sphere","floor":29,"turns":5}],"seed_played":"-3931197591874539582","potions_obtained":[],"is_trial":false,"path_per_floor":["M","?","?","M","M","E","R","M","T","$","M","M","R","?","R","B",null,"M","?","M","?","M","R","$","R","T","E","T","M"],"character_chosen":"IRONCLAD","items_purchased":["Shrug It Off","Intimidate"],"campfire_rested":1,"item_purchase_floors":[24,24],"current_hp_per_floor":[74,67,47,52,50,44,44,41,51,51,44,53,53,53,53,26,90,80,64,49,36,13,13,13,40,40,23,23,0],"gold":231,"neow_bonus":"BOSS_RELIC","is_prod":false,"is_daily":false,"chose_seed":false,"campfire_upgraded":4,"win_rate":0,"timestamp":1548590330,"path_taken":["M","?","?","M","M","E","R","?","T","$","M","M","R","?","R","BOSS","M","?","M","?","?","R","$","R","T","E","?","M"],"build_version":"2019-01-23","purchased_purges":2,"victory":false,"max_hp_per_floor":[80,80,80,80,80,80,80,80,90,90,90,90,90,90,90,90,90,90,90,90,90,90,90,90,90,90,97,97,97],"card_choices":[{"not_picked":["Havoc","Ghostly Armor"],"picked":"Shrug It Off","floor":1},{"not_picked":["Corruption","Pommel Strike","Anger"],"picked":"SKIP","floor":4},{"not_picked":["Infernal Blade","Intimidate"],"picked":"Cleave","floor":5},{"not_picked":["Havoc","Cleave","Clash"],"picked":"SKIP","floor":6},{"not_picked":["True Grit","Twin Strike","Disarm"],"picked":"SKIP","floor":8},{"not_picked":["Second Wind","Havoc"],"picked":"Body Slam","floor":11},{"not_picked":["Power Through","Sword Boomerang"],"picked":"Dark Embrace","floor":12},{"not_picked":["Dark Embrace","Bludgeon"],"picked":"Barricade","floor":16},{"not_picked":["Uppercut","Clothesline"],"picked":"Bloodletting+1","floor":18},{"not_picked":["Power Through","Blood for Blood","Rampage"],"picked":"SKIP","floor":20},{"not_picked":["Thunderclap","Inflame","Sword Boomerang"],"picked":"SKIP","floor":22},{"not_picked":["Shrug It Off","Iron Wave"],"picked":"Entrench","floor":27}],"player_experience":98009,"relics_obtained":[{"floor":6,"key":"The Courier"},{"floor":9,"key":"Pear"},{"floor":26,"key":"Gremlin Horn"},{"floor":27,"key":"Strawberry"},{"floor":28,"key":"Regal Pillow"}],"event_choices":[{"damage_healed":0,"gold_gain":0,"player_choice":"Success","damage_taken":7,"relics_obtained":["Meat on the Bone"],"max_hp_gain":0,"max_hp_loss":0,"event_name":"Scrap Ooze","floor":2,"gold_loss":0},{"damage_healed":0,"gold_gain":0,"player_choice":"Take Damage","damage_taken":20,"relics_obtained":["Golden Idol"],"max_hp_gain":0,"max_hp_loss":0,"event_name":"Golden Idol","floor":3,"gold_loss":0},{"damage_healed":0,"gold_gain":0,"player_choice":"Got Potions","damage_taken":0,"max_hp_gain":0,"max_hp_loss":0,"event_name":"Lab","floor":14,"gold_loss":0},{"damage_healed":0,"gold_gain":0,"player_choice":"Obtained Book","damage_taken":16,"max_hp_gain":0,"max_hp_loss":0,"event_name":"Cursed Tome","floor":19,"gold_loss":0},{"damage_healed":0,"gold_gain":0,"player_choice":"Fight","damage_taken":0,"max_hp_gain":0,"max_hp_loss":0,"event_name":"Colosseum","floor":21,"gold_loss":0},{"damage_healed":0,"gold_gain":0,"player_choice":"Fled From Nobs","damage_taken":0,"max_hp_gain":0,"max_hp_loss":0,"event_name":"Colosseum","floor":21,"gold_loss":0}],"is_beta":false,"boss_relics":[{"not_picked":["Philosopher\u0027s Stone","Cursed Key"],"picked":"Runic Pyramid"}],"items_purged_floors":[10,24],"is_endless":false,"potions_floor_spawned":[4,8,11,12,20],"killed_by":"Sentry and Sphere","ascension_level":2}