{"gold_per_floor":[110,73,93,106,116,116,129,129,177,177,177,31,31,31,31,31],"floor_reached":16,"playtime":489,"items_purged":[],"score":144,"play_id":"40a4d921-e43e-4ceb-a904-1dff87d7428a","local_time":"20181231040418","is_ascension_mode":true,"campfire_choices":[{"data":"Barricade","floor":6,"key":"SMITH"},{"data":"Armaments","floor":11,"key":"SMITH"},{"data":"Inflame","floor":13,"key":"SMITH"},{"data":"Bash","floor":15,"key":"SMITH"}],"neow_cost":"TEN_PERCENT_HP_LOSS","seed_source_timestamp":641467619633066,"circlet_count":0,"master_deck":["AscendersBane","Strike_R","Strike_R","Strike_R","Strike_R","Strike_R","Defend_R","Defend_R","Defend_R","Defend_R","Bash+1","Barricade+1","Pommel Strike","Inflame+1","True Grit","Bloodletting","Armaments+1"],"relics":["Burning Blood","Golden Idol","Anchor","Oddly Smooth Stone"],"potions_floor_usage":[16],"damage_taken":[{"damage":6,"enemies":"Small Slimes","floor":1,"turns":6},{"damage":12,"enemies":"Jaw Worm","floor":3,"turns":2},{"damage":1,"enemies":"Cultist","floor":4,"turns":3},{"damage":12,"enemies":"Blue Slaver","floor":5,"turns":4},{"damage":7,"enemies":"3 Louse","floor":7,"turns":4},{"damage":72,"enemies":"Slime Boss","floor":16,"turns":13}],"seed_played":"-5309307476223523544","potions_obtained":[{"floor":7,"key":"Weak Potion"}],"is_trial":false,"path_per_floor":["M","$","M","M","M","R","M","?","T","?","R","$","R","$","R","B"],"character_chosen":"IRONCLAD","items_purchased":["Inflame","Oddly Smooth Stone"],"campfire_rested":0,"item_purchase_floors":[2,12],"current_hp_per_floor":[72,72,66,71,65,65,64,46,46,70,70,70,70,70,70,0],"gold":31,"neow_bonus":"THREE_RARE_CARDS","is_prod":false,"is_daily":false,"chose_seed":false,"campfire_upgraded":4,"win_rate":0,"timestamp":1546247058,"path_taken":["M","$","M","M","M","R","M","?","T","?","R","?","R","$","R","BOSS"],"build_version":"2018-12-20","purchased_purges":0,"victory":false,"max_hp_per_floor":[72,72,72,72,72,72,72,72,72,72,72,72,72,72,72,72],"card_choices":[{"not_picked":["Berserk","Double Tap"],"picked":"Barricade","floor":0},{"not_picked":["Perfected Strike","Twin Strike"],"picked":"Pommel Strike","floor":1},{"not_picked":["Anger","Sword Boomerang"],"picked":"True Grit","floor":3},{"not_picked":["Perfected Strike","Havoc"],"picked":"Bloodletting","floor":4},{"not_picked":["Headbutt","Rage","Spot Weakness"],"picked":"SKIP","floor":5},{"not_picked":["Flex","Havoc"],"picked":"Armaments","floor":7}],"player_experience":442922,"relics_obtained":[{"floor":9,"key":"Anchor"}],"event_choices":[{"damage_healed":0,"gold_gain":0,"player_choice":"Take Damage","damage_taken":18,"relics_obtained":["Golden Idol"],"max_hp_gain":0,"max_hp_loss":0,"event_name":"Golden Idol","floor":8,"gold_loss":0},{"damage_healed":24,"gold_gain":0,"player_choice":"Banana","damage_taken":0,"max_hp_gain":0,"max_hp_loss":0,"event_name":"Big Fish","floor":10,"gold_loss":0}],"is_beta":false,"boss_relics":[],"items_purged_floors":[],"is_endless":false,"potions_floor_spawned":[7],"killed_by":"Slime Boss","ascension_level":12}