{"gold_per_floor":[114,114,129,129,129,168,168,189,189,189,203,217,242,265,265,386,386,411,436,361,361,361,361,377,397,444,369,369,390,390,405,405,524,524,547,547,562,244,269,269,308,326,398,441,441,465,27,43,43,43],"floor_reached":50,"playtime":3215,"items_purged":["Strike_R","Strike_R+1","Writhe"],"score":725,"play_id":"e3e38b11-7283-4f34-9ba7-9cdd19ec3ada","local_time":"20190201004706","is_ascension_mode":true,"campfire_choices":[{"data":"Uppercut","floor":7,"key":"SMITH"},{"data":"Bash","floor":10,"key":"SMITH"},{"data":"Flex","floor":15,"key":"SMITH"},{"data":"Offering","floor":23,"key":"SMITH"},{"data":"Flame Barrier","floor":32,"key":"SMITH"},{"data":"Whirlwind","floor":40,"key":"SMITH"},{"data":"Evolve","floor":49,"key":"SMITH"}],"neow_cost":"NONE","seed_source_timestamp":31940293451998,"circlet_count":0,"master_deck":["Defend_R+1","Defend_R+1","Bash+1","Wild Strike","Uppercut+1","Flex+1","Evolve+1","Ghostly Armor","Offering+1","Spot Weakness","Flame Barrier+1","Headbutt","Warcry","Blood for Blood","Reckless Charge+1","Immolate","Whirlwind+1","Brutality+1","Warcry","Rupture+1"],"relics":["Burning Blood","NeowsBlessing","Golden Idol","Ginger","Magic Flower","Matryoshka","Coffee Dripper","Bag of Preparation","Art of War","Philosopher\u0027s Stone","Bag of Marbles","The Courier","Dodecahedron","Frozen Egg 2","Regal Pillow","Vajra","Bottled Lightning"],"potions_floor_usage":[16,16,25,33,33,42,44,50,50],"damage_taken":[{"damage":0,"enemies":"2 Louse","floor":1,"turns":1},{"damage":0,"enemies":"Small Slimes","floor":3,"turns":1},{"damage":0,"enemies":"Gremlin Nob","floor":6,"turns":1},{"damage":4,"enemies":"Jaw Worm","floor":8,"turns":3},{"damage":5,"enemies":"Blue Slaver","floor":11,"turns":3},{"damage":9,"enemies":"Looter","floor":12,"turns":3},{"damage":22,"enemies":"Lots of Slimes","floor":13,"turns":4},{"damage":9,"enemies":"Blue Slaver","floor":14,"turns":3},{"damage":43,"enemies":"Hexaghost","floor":16,"turns":11},{"damage":18,"enemies":"Shell Parasite","floor":18,"turns":5},{"damage":13,"enemies":"Chosen","floor":19,"turns":3},{"damage":12,"enemies":"Snake Plant","floor":24,"turns":2},{"damage":16,"enemies":"Sentry and Sphere","floor":25,"turns":4},{"damage":6,"enemies":"Snecko","floor":29,"turns":3},{"damage":6,"enemies":"Cultist and Chosen","floor":31,"turns":4},{"damage":74,"enemies":"Collector","floor":33,"turns":7},{"damage":6,"enemies":"3 Shapes","floor":35,"turns":3},{"damage":10,"enemies":"Orb Walker","floor":37,"turns":3},{"damage":17,"enemies":"3 Darklings","floor":39,"turns":4},{"damage":6,"enemies":"Reptomancer","floor":41,"turns":3},{"damage":22,"enemies":"Transient","floor":42,"turns":5},{"damage":16,"enemies":"Nemesis","floor":44,"turns":5},{"damage":21,"enemies":"Writhing Mass","floor":46,"turns":4},{"damage":7,"enemies":"Jaw Worm Horde","floor":48,"turns":2},{"damage":110,"enemies":"Time Eater","floor":50,"turns":7}],"seed_played":"781769612661181964","potions_obtained":[{"floor":1,"key":"AttackPotion"},{"floor":13,"key":"Explosive Potion"},{"floor":14,"key":"Swift Potion"},{"floor":16,"key":"Fire Potion"},{"floor":19,"key":"EssenceOfSteel"},{"floor":25,"key":"Regen Potion"},{"floor":31,"key":"LiquidBronze"},{"floor":35,"key":"Regen Potion"},{"floor":37,"key":"SteroidPotion"},{"floor":46,"key":"Dexterity Potion"}],"is_trial":false,"path_per_floor":["M","?","M","?","T","E","R","M","T","R","M","M","M","M","R","B",null,"M","M","$","?","?","R","M","M","T","?","?","M","?","M","R","B",null,"M","?","M","$","M","R","E","M","T","E","?","M","$","M","R","B"],"character_chosen":"IRONCLAD","items_purchased":["Whirlwind","Bag of Marbles","Vajra","Warcry","Bottled Lightning"],"campfire_rested":0,"item_purchase_floors":[38,38,47,47,47],"current_hp_per_floor":[78,58,64,69,69,75,75,80,80,80,84,84,71,71,71,37,73,64,60,60,60,60,60,57,50,50,50,50,53,81,84,84,33,72,75,75,74,74,66,66,69,56,56,68,85,73,73,75,75,0],"gold":43,"neow_bonus":"THREE_ENEMY_KILL","is_prod":false,"is_daily":false,"chose_seed":false,"campfire_upgraded":7,"win_rate":0,"timestamp":1548949626,"path_taken":["M","?","M","?","?","E","R","M","T","R","M","M","M","M","R","BOSS","M","M","$","?","?","R","?","M","T","?","?","M","?","M","R","BOSS","M","?","M","?","?","R","E","?","T","E","?","M","$","M","R","BOSS"],"build_version":"2019-01-23","purchased_purges":3,"victory":false,"max_hp_per_floor":[80,80,80,85,85,85,85,85,85,85,85,85,85,85,85,85,85,85,85,85,85,85,85,85,85,85,85,85,85,85,85,85,85,85,85,85,85,85,85,85,85,85,85,85,85,85,85,85,85,85],"card_choices":[{"not_picked":["Evolve","Iron Wave"],"picked":"Wild Strike","floor":1},{"not_picked":["Sever Soul","Anger","Body Slam"],"picked":"SKIP","floor":3},{"not_picked":["Wild Strike","Anger"],"picked":"Uppercut","floor":6},{"not_picked":["Fiend Fire","True Grit","Wild Strike"],"picked":"SKIP","floor":8},{"not_picked":["Carnage","Wild Strike"],"picked":"Flex","floor":11},{"not_picked":["Rupture","Ghostly Armor"],"picked":"Evolve","floor":12},{"not_picked":["Searing Blow","Dual Wield","Havoc"],"picked":"SKIP","floor":13},{"not_picked":["Thunderclap","Iron Wave"],"picked":"Ghostly Armor","floor":14},{"not_picked":["Limit Break","Immolate"],"picked":"Offering","floor":16},{"not_picked":["Combust","Body Slam"],"picked":"Spot Weakness","floor":18},{"not_picked":["Hemokinesis","Battle Trance"],"picked":"Flame Barrier","floor":19},{"not_picked":["Warcry","Clothesline"],"picked":"Blood for Blood","floor":24},{"not_picked":["Burning Pact","Evolve","Blood for Blood"],"picked":"SKIP","floor":25},{"not_picked":["Rampage+1","Warcry"],"picked":"Reckless Charge+1","floor":29},{"not_picked":["Pommel Strike","Disarm","Cleave"],"picked":"SKIP","floor":31},{"not_picked":["Barricade","Offering"],"picked":"Immolate","floor":33},{"not_picked":["Bloodletting","Dual Wield","Havoc+1"],"picked":"SKIP","floor":35},{"not_picked":["Headbutt+1","Flex+1","Sentinel+1"],"picked":"SKIP","floor":37},{"not_picked":["Flex","Searing Blow+1","Warcry+1"],"picked":"SKIP","floor":39},{"not_picked":["Feel No Pain","Thunderclap","Clothesline"],"picked":"SKIP","floor":41},{"not_picked":["Bloodletting","Twin Strike","Pommel Strike"],"picked":"SKIP","floor":42},{"not_picked":["Sword Boomerang","Clothesline+1","Pummel+1"],"picked":"SKIP","floor":44},{"not_picked":["Seeing Red","Body Slam+1"],"picked":"Brutality+1","floor":46},{"not_picked":["Body Slam","Iron Wave"],"picked":"Rupture+1","floor":48}],"player_experience":139248,"relics_obtained":[{"floor":5,"key":"Ginger"},{"floor":6,"key":"Magic Flower"},{"floor":9,"key":"Matryoshka"},{"floor":26,"key":"Bag of Preparation"},{"floor":26,"key":"Art of War"},{"floor":41,"key":"The Courier"},{"floor":43,"key":"Dodecahedron"},{"floor":43,"key":"Frozen Egg 2"},{"floor":44,"key":"Regal Pillow"}],"event_choices":[{"damage_healed":0,"gold_gain":0,"player_choice":"Take Damage","damage_taken":20,"relics_obtained":["Golden Idol"],"max_hp_gain":0,"max_hp_loss":0,"event_name":"Golden Idol","floor":2,"gold_loss":0},{"damage_healed":0,"gold_gain":0,"player_choice":"Donut","damage_taken":0,"max_hp_gain":5,"max_hp_loss":0,"event_name":"Big Fish","floor":4,"gold_loss":0},{"damage_healed":0,"gold_gain":0,"cards_transformed":["Defend_R","Strike_R"],"player_choice":"Became Test Subject","damage_taken":0,"max_hp_gain":0,"max_hp_loss":0,"event_name":"Drug Dealer","floor":21,"gold_loss":0,"cards_obtained":["Headbutt","Warcry"]},{"cards_removed":["Strike_R"],"damage_healed":0,"gold_gain":0,"player_choice":"Purged","damage_taken":0,"max_hp_gain":0,"max_hp_loss":0,"event_name":"Purifier","floor":22,"gold_loss":0},{"cards_removed":["Defend_R"],"damage_healed":0,"gold_gain":0,"player_choice":"Gave Gold","damage_taken":0,"max_hp_gain":0,"max_hp_loss":0,"event_name":"Beggar","floor":27,"gold_loss":75},{"damage_healed":0,"gold_gain":0,"player_choice":"Simplicity","damage_taken":0,"max_hp_gain":0,"max_hp_loss":0,"event_name":"Back to Basics","floor":28,"gold_loss":0,"cards_upgraded":["Strike_R","Strike_R","Defend_R","Defend_R"]},{"damage_healed":28,"gold_gain":0,"player_choice":"Heal","damage_taken":0,"max_hp_gain":0,"max_hp_loss":0,"event_name":"The Library","floor":30,"gold_loss":0},{"cards_removed":["Strike_R"],"damage_healed":0,"gold_gain":0,"player_choice":"Purged","damage_taken":0,"max_hp_gain":0,"max_hp_loss":0,"event_name":"Purifier","floor":36,"gold_loss":0},{"damage_healed":21,"gold_gain":0,"player_choice":"Writhe","damage_taken":0,"max_hp_gain":0,"max_hp_loss":0,"event_name":"Winding Halls","floor":45,"gold_loss":0,"cards_obtained":["Writhe"]}],"is_beta":false,"boss_relics":[{"not_picked":["Empty Cage","White Beast Statue"],"picked":"Coffee Dripper"},{"not_picked":["Tiny House","Runic Dome"],"picked":"Philosopher\u0027s Stone"}],"items_purged_floors":[20,38,47],"is_endless":false,"potions_floor_spawned":[1,13,14,16,19,25,31,35,37,39,46],"killed_by":"Time Eater","ascension_level":6}