{"gold_per_floor":[116,116,3,17,17,17,34,34,81,81,92,92,92,104,104,206,206,219,231,241,62,78,78,112,112,191,191,191,204,214,14,14,14],"floor_reached":33,"playtime":946,"items_purged":["Strike_R","Strike_R"],"score":321,"play_id":"f6ae0b70-d169-4ead-9861-e2994480922b","local_time":"20181209000213","is_ascension_mode":true,"campfire_choices":[{"data":"Blood for Blood","floor":6,"key":"SMITH"},{"floor":8,"key":"RECALL"},{"data":"Pommel Strike","floor":10,"key":"SMITH"},{"data":"Armaments","floor":13,"key":"SMITH"},{"floor":15,"key":"REST"},{"floor":23,"key":"REST"},{"floor":25,"key":"REST"},{"floor":28,"key":"REST"},{"floor":32,"key":"REST"}],"neow_cost":"NONE","seed_source_timestamp":1752990366793300,"circlet_count":0,"master_deck":["Strike_R+1","Strike_R","Defend_R","Defend_R","Defend_R","Defend_R+1","Bash","Pommel Strike+1","Blood for Blood+1","Cleave","Armaments+1","Limit Break+1","Twin Strike+1","Entrench+1","Inflame","Spot Weakness+1"],"relics":["Burning Blood","Shuriken","Pen Nib","Fusion Hammer","Lantern","ClockworkSouvenir"],"potions_floor_usage":[16,24,24,29],"damage_taken":[{"damage":8,"enemies":"2 Louse","floor":1,"turns":4},{"damage":13,"enemies":"Jaw Worm","floor":4,"turns":5},{"damage":1,"enemies":"Cultist","floor":7,"turns":3},{"damage":11,"enemies":"Red Slaver","floor":11,"turns":4},{"damage":7,"enemies":"3 Louse","floor":14,"turns":3},{"damage":37,"enemies":"Hexaghost","floor":16,"turns":7},{"damage":2,"enemies":"Chosen","floor":18,"turns":6},{"damage":18,"enemies":"Shell Parasite","floor":19,"turns":5},{"damage":20,"enemies":"Snake Plant","floor":20,"turns":5},{"damage":12,"enemies":"Centurion and Healer","floor":22,"turns":6},{"damage":47,"enemies":"Book of Stabbing","floor":24,"turns":6},{"damage":5,"enemies":"Cultist and Chosen","floor":29,"turns":4},{"damage":5,"enemies":"Chosen and Byrds","floor":30,"turns":4},{"damage":89,"enemies":"Automaton","floor":33,"turns":8}],"seed_played":"7651996442034446424","potions_obtained":[{"floor":7,"key":"FearPotion"},{"floor":14,"key":"PowerPotion"},{"floor":16,"key":"Energy Potion"},{"floor":20,"key":"Weak Potion"},{"floor":24,"key":"PowerPotion"}],"is_trial":false,"path_per_floor":["M","?","$","M","?","R","M","R","T","R","M","?","R","M","R","B",null,"M","M","M","$","M","R","E","R","T","?","R","M","M","$","R","B"],"character_chosen":"IRONCLAD","items_purchased":["Blood for Blood","Inflame","ClockworkSouvenir"],"campfire_rested":5,"item_purchase_floors":[3,21,31],"current_hp_per_floor":[78,78,78,71,59,59,64,64,64,64,59,43,43,42,66,35,69,73,61,47,47,41,65,24,48,48,48,72,73,74,74,80,0],"gold":14,"neow_bonus":"REMOVE_CARD","is_prod":false,"is_daily":false,"chose_seed":false,"campfire_upgraded":3,"win_rate":0,"timestamp":1544310133,"path_taken":["M","?","$","M","?","R","M","R","T","R","M","?","R","M","R","BOSS","M","M","M","$","M","R","E","R","T","?","R","M","M","$","R","BOSS"],"build_version":"2018-12-06","purchased_purges":2,"victory":false,"max_hp_per_floor":[80,80,80,80,80,80,80,80,80,80,80,80,80,80,80,80,80,80,80,80,80,80,80,80,80,80,80,80,80,80,80,80,80],"card_choices":[{"not_picked":["Havoc","Burning Pact"],"picked":"Pommel Strike","floor":1},{"not_picked":["Heavy Blade","Clothesline"],"picked":"Cleave","floor":4},{"not_picked":["Heavy Blade","Pommel Strike","Iron Wave"],"picked":"SKIP","floor":7},{"not_picked":["Body Slam","Twin Strike"],"picked":"Armaments","floor":11},{"not_picked":["Cleave","Shrug It Off","Perfected Strike"],"picked":"SKIP","floor":14},{"not_picked":["Reaper","Offering"],"picked":"Limit Break","floor":16},{"not_picked":["Thunderclap+1","Feel No Pain"],"picked":"Twin Strike+1","floor":18},{"not_picked":["Perfected Strike","Pommel Strike","Intimidate"],"picked":"SKIP","floor":19},{"not_picked":["Cleave+1","Warcry"],"picked":"Entrench+1","floor":20},{"not_picked":["Power Through","Feed"],"picked":"Spot Weakness+1","floor":22},{"not_picked":["Carnage","Headbutt","Immolate"],"picked":"SKIP","floor":24},{"not_picked":["Second Wind","Twin Strike","Perfected Strike"],"picked":"SKIP","floor":29},{"not_picked":["Sword Boomerang+1","Wild Strike","Warcry"],"picked":"SKIP","floor":30}],"player_experience":790053,"relics_obtained":[{"floor":9,"key":"Pen Nib"},{"floor":24,"key":"Lantern"}],"event_choices":[{"damage_healed":0,"gold_gain":0,"player_choice":"Leave","damage_taken":0,"max_hp_gain":0,"max_hp_loss":0,"event_name":"The Cleric","floor":2,"gold_loss":0},{"damage_healed":0,"gold_gain":0,"player_choice":"Success","damage_taken":12,"relics_obtained":["Shuriken"],"max_hp_gain":0,"max_hp_loss":0,"event_name":"Scrap Ooze","floor":5,"gold_loss":0},{"damage_healed":0,"gold_gain":0,"player_choice":"Entered Light","damage_taken":16,"max_hp_gain":0,"max_hp_loss":0,"event_name":"Shining Light","floor":12,"gold_loss":0,"cards_upgraded":["Defend_R","Strike_R"]},{"damage_healed":0,"gold_gain":0,"player_choice":"Upgraded","damage_taken":0,"max_hp_gain":0,"max_hp_loss":0,"event_name":"Upgrade Shrine","floor":27,"gold_loss":0,"cards_upgraded":["Limit Break"]}],"is_beta":false,"boss_relics":[{"not_picked":["Velvet Choker","Runic Dome"],"picked":"Fusion Hammer"}],"items_purged_floors":[3,21],"is_endless":false,"potions_floor_spawned":[7,14,16,20,24],"killed_by":"Automaton","ascension_level":5}