{"path_per_floor":["M","?","M","M","M","E","R","M","T","$","E","?","M","E","R","B",null,"M","$","M","M","?","R","E","R","T","E","?","M","M","$","R","B",null,"M","?","?","M","$","R","E","?","T","E","M","?","?","M","R","B"],"character_chosen":"IRONCLAD","items_purchased":["Inflame","Twin Strike","Rampage","Flex","Mango"],"gold_per_floor":[118,118,137,147,166,195,195,214,214,45,72,72,83,113,113,218,218,231,133,153,166,166,166,201,201,277,305,220,234,247,197,197,300,330,341,341,390,409,119,119,144,0,0,33,53,53,53,67,67,67],"floor_reached":51,"campfire_rested":1,"playtime":3822,"current_hp_per_floor":[80,80,80,80,72,42,42,44,44,44,35,19,21,23,62,21,80,77,77,69,79,79,79,62,62,62,48,48,52,60,60,60,35,101,70,70,81,80,94,94,96,96,96,97,67,67,67,71,71,21],"items_purged":["Defend_R","Defend_R"],"gold":67,"score":643,"play_id":"6fd44de4-e8fc-49ae-a4be-71021ebd582f","is_prod":false,"is_daily":false,"is_ascension_mode":true,"campfire_upgraded":6,"path_taken":["M","?","?","M","M","E","R","M","T","$","E","?","?","E","R","BOSS","M","$","?","M","?","R","E","R","T","E","?","M","?","$","R","BOSS","M","?","?","M","$","R","E","?","T","E","?","?","?","M","R","BOSS"],"build_version":"2018-02-15-PROD1","purchased_purges":3,"victory":true,"master_deck":["Strike_R+1","Defend_R+1","Bash+1","Pummel+1","Offering+1","Flex+1","Inflame+1","Twin Strike","Rampage+1","Feed+1","Reaper+1","Cleave+1","Twin Strike+1","Flex+1","Metallicize+1","Whirlwind+1","Heavy Blade+1","Dropkick+1","Bloodletting+1","Demon Form+1","True Grit+1","Clash+1"],"max_hp_per_floor":[80,80,80,80,80,80,80,80,80,80,80,80,80,80,80,80,80,84,84,84,88,88,88,88,88,88,92,92,92,96,96,96,96,101,105,105,109,109,123,123,134,134,134,134,138,138,138,142,142,146],"relics":["Burning Blood","Bottled Lightning","Red Skull","Smiling Mask","Regal Pillow","Astrolabe","Molten Egg 2","Toolbox","Blood Vial","Mercury Hourglass","Tiny House","Charon\u0027s Ashes","Mango","Strawberry","Red Mask","Champion Belt","Peace Pipe"],"card_choices":[{"not_picked":["Combust","Iron Wave"],"picked":"Pummel"},{"not_picked":["Intimidate","Second Wind"],"picked":"Offering"},{"not_picked":["Wild Strike","Dual Wield"],"picked":"Flex"},{"not_picked":["Pommel Strike","Iron Wave"],"picked":"Twin Strike"},{"not_picked":["Pummel","Sword Boomerang"],"picked":"Metallicize"},{"not_picked":["Spot Weakness","Perfected Strike"],"picked":"Whirlwind"},{"not_picked":["Brutality","Intimidate"],"picked":"Heavy Blade"},{"not_picked":["Reckless Charge","Combust"],"picked":"Dropkick"},{"not_picked":["Rage","Headbutt"],"picked":"Bloodletting"},{"not_picked":["Clothesline","Anger"],"picked":"Demon Form"},{"not_picked":["Iron Wave","Sever Soul"],"picked":"True Grit"},{"not_picked":["Perfected Strike","Sword Boomerang"],"picked":"Clash"}],"player_experience":75563,"potions_floor_usage":[6,21,24,27,30,33,33,44,44,45,50],"damage_taken":[{"damage":6,"enemies":"Cultist","floor":1,"turns":4},{"damage":4,"enemies":"2 Louse","floor":3,"turns":3},{"damage":0,"enemies":"Small Slimes","floor":4,"turns":3},{"damage":14,"enemies":"Blue Slaver","floor":5,"turns":3},{"damage":36,"enemies":"Lagavulin","floor":6,"turns":9},{"damage":4,"enemies":"Exordium Thugs","floor":8,"turns":3},{"damage":15,"enemies":"3 Sentries","floor":11,"turns":4},{"damage":4,"enemies":"Gremlin Gang","floor":13,"turns":3},{"damage":4,"enemies":"Lagavulin","floor":14,"turns":2},{"damage":47,"enemies":"Hexaghost","floor":16,"turns":7},{"damage":17,"enemies":"3 Byrds","floor":18,"turns":5},{"damage":14,"enemies":"Shell Parasite","floor":20,"turns":2},{"damage":14,"enemies":"Centurion and Healer","floor":21,"turns":5},{"damage":36,"enemies":"Gremlin Leader","floor":24,"turns":7},{"damage":48,"enemies":"Slavers","floor":27,"turns":4},{"damage":4,"enemies":"3 Cultists","floor":29,"turns":1},{"damage":4,"enemies":"Sentry and Sphere","floor":30,"turns":1},{"damage":45,"enemies":"Collector","floor":33,"turns":6},{"damage":41,"enemies":"3 Shapes","floor":35,"turns":3},{"damage":37,"enemies":"Mysterious Sphere","floor":37,"turns":3},{"damage":15,"enemies":"3 Darklings","floor":38,"turns":4},{"damage":22,"enemies":"2 Orb Walkers","floor":41,"turns":2},{"damage":7,"enemies":"Nemesis","floor":44,"turns":3},{"damage":46,"enemies":"Sphere and 2 Shapes","floor":45,"turns":5},{"damage":40,"enemies":"4 Shapes","floor":48,"turns":2},{"damage":90,"enemies":"Donu and Deca","floor":50,"turns":6}],"event_choices":[{"event_name":"Living Wall","player_choice":"Forget","floor":2,"damage_taken":0},{"event_name":"Shining Light","player_choice":"Entered Light","floor":12,"damage_taken":0},{"event_name":"Beggar","player_choice":"Ignored","floor":22,"damage_taken":0},{"event_name":"Addict","player_choice":"Obtained Relic","floor":28,"damage_taken":0},{"event_name":"Upgrade Shrine","player_choice":"Upgraded","floor":36,"damage_taken":0},{"event_name":"Mysterious Sphere","player_choice":"Fight","floor":37,"damage_taken":0},{"event_name":"Tomb of Lord Red Mask","player_choice":"Paid","floor":42,"damage_taken":0},{"event_name":"The Moai Head","player_choice":"Ignored","floor":47,"damage_taken":0}],"boss_relics":[{"not_picked":["Philosopher\u0027s Stone","Mark of Pain"],"picked":"Astrolabe"},{"not_picked":["Snecko Eye","Runic Cube"],"picked":"Tiny House"}],"potions_floor_spawned":[5,8,11,16,21,24,29,30,37,38,45],"seed_played":"6713328116217046876","ascension_level":1,"is_trial":false}