{"gold_per_floor":[111,286,286,286,302,302,327,327,327,347,365,365,14,14,14,109,109,120,219,237,237,247,247,272,18,65,94,106,150,162,200,212,322,334,362,374,405,11,11,37,37,87,87,100,114,124,24,74,74,74],"floor_reached":51,"playtime":4461,"items_purged":["Strike_R","Strike_R","Shame"],"score":957,"play_id":"1be8e63e-518b-46e8-894b-90c1b4b9ceaa","local_time":"20190130165705","is_ascension_mode":true,"campfire_choices":[{"data":"Bash","floor":6,"key":"SMITH"},{"data":"Whirlwind","floor":15,"key":"SMITH"},{"data":"Body Slam","floor":23,"key":"SMITH"},{"data":"Pommel Strike","floor":28,"key":"SMITH"},{"floor":32,"key":"REST"},{"floor":41,"key":"REST"},{"floor":49,"key":"REST"}],"neow_cost":"NONE","seed_source_timestamp":351068472928247,"circlet_count":0,"master_deck":["Defend_R","Defend_R","Defend_R","Defend_R","Bash+1","Ghostly Armor","Body Slam+1","Parasite","Burning Pact","Whirlwind+1","Feed+1","Headbutt+1","Shrug It Off","Body Slam+1","Pommel Strike+1","Bite","Bite","Bite","Bite","Bite","Shrug It Off","Demon Form","Writhe","Clumsy","Thunderclap","Berserk","Pommel Strike+1","Flame Barrier+1","Corruption+1","Seeing Red+1","Reaper"],"relics":["Burning Blood","Juzu Bracelet","Matryoshka","Happy Flower","Letter Opener","Self Forming Clay","Chemical X","Philosopher\u0027s Stone","Question Card","Bag of Marbles","MawBank","Darkstone Periapt","Blue Candle","Smiling Mask","Calling Bell","Red Skull","Paper Frog","Unceasing Top","Toxic Egg 2","Pen Nib","SsserpentHead","Dodecahedron","Dead Branch"],"potions_floor_usage":[24,29,29,31,46,50,50],"damage_taken":[{"damage":6,"enemies":"Cultist","floor":1,"turns":4},{"damage":15,"enemies":"2 Louse","floor":5,"turns":3},{"damage":49,"enemies":"Lagavulin","floor":7,"turns":9},{"damage":1,"enemies":"Jaw Worm","floor":10,"turns":5},{"damage":4,"enemies":"2 Fungi Beasts","floor":11,"turns":3},{"damage":0,"enemies":"Slime Boss","floor":16,"turns":7},{"damage":0,"enemies":"Chosen","floor":18,"turns":3},{"damage":4,"enemies":"Spheric Guardian","floor":20,"turns":3},{"damage":43,"enemies":"Cultist and Chosen","floor":22,"turns":5},{"damage":16,"enemies":"Book of Stabbing","floor":24,"turns":4},{"damage":0,"enemies":"3 Cultists","floor":27,"turns":1},{"damage":10,"enemies":"Gremlin Leader","floor":29,"turns":4},{"damage":47,"enemies":"Slavers","floor":31,"turns":4},{"damage":62,"enemies":"Champ","floor":33,"turns":11},{"damage":45,"enemies":"3 Shapes","floor":35,"turns":4},{"damage":12,"enemies":"Orb Walker","floor":37,"turns":3},{"damage":42,"enemies":"Nemesis","floor":40,"turns":5},{"damage":53,"enemies":"Sphere and 2 Shapes","floor":44,"turns":5},{"damage":21,"enemies":"Jaw Worm Horde","floor":45,"turns":3},{"damage":38,"enemies":"Transient","floor":46,"turns":5},{"damage":46,"enemies":"Awakened One","floor":50,"turns":7}],"seed_played":"2458421399103486344","potions_obtained":[{"floor":1,"key":"SkillPotion"},{"floor":10,"key":"PowerPotion"},{"floor":22,"key":"EssenceOfSteel"},{"floor":24,"key":"SkillPotion"},{"floor":27,"key":"SkillPotion"},{"floor":44,"key":"Explosive Potion"},{"floor":46,"key":"SteroidPotion"}],"is_trial":false,"path_per_floor":["M","?","?","?","M","R","E","?","T","M","M","?","$","?","R","B",null,"M","?","M","?","M","R","E","$","T","M","R","E","?","E","R","B",null,"M","?","M","$","?","E","R","?","T","M","M","M","$","?","R","B",null],"character_chosen":"IRONCLAD","items_purchased":["Chemical X","Whirlwind","Bag of Marbles","Toxic Egg 2","Pen Nib","Block Potion","Weak Potion"],"campfire_rested":3,"item_purchase_floors":[13,13,25,38,38,47,47],"current_hp_per_floor":[80,80,80,62,53,53,10,30,30,37,41,41,41,46,46,54,85,85,85,85,85,52,52,44,44,44,52,52,50,50,19,45,11,107,76,76,74,74,74,50,84,84,84,45,36,18,18,18,54,33],"gold":74,"neow_bonus":"RANDOM_COMMON_RELIC","is_prod":false,"is_daily":false,"chose_seed":false,"campfire_upgraded":4,"win_rate":0,"timestamp":1548889025,"path_taken":["M","?","?","?","M","R","E","?","T","M","M","?","?","?","R","BOSS","M","?","M","?","M","R","E","$","T","M","R","E","?","E","R","BOSS","M","?","M","$","?","E","R","?","T","M","M","M","?","?","R","BOSS"],"build_version":"2019-01-23","purchased_purges":3,"victory":true,"max_hp_per_floor":[80,80,80,80,80,80,80,80,80,80,80,80,80,85,85,85,85,85,85,85,85,89,89,89,89,89,89,89,89,89,89,89,89,107,111,111,115,115,115,115,115,115,115,115,119,123,123,123,123,123],"card_choices":[{"not_picked":["Blood for Blood","Warcry"],"picked":"Ghostly Armor","floor":1},{"not_picked":["Flex","Armaments","Iron Wave"],"picked":"SKIP","floor":5},{"not_picked":["Headbutt","Heavy Blade"],"picked":"Body Slam","floor":7},{"not_picked":["Sentinel","Sword Boomerang"],"picked":"Combust","floor":10},{"not_picked":["Havoc","Dark Embrace"],"picked":"Burning Pact","floor":11},{"not_picked":["Limit Break","Exhume"],"picked":"Feed","floor":16},{"not_picked":["Wild Strike","Infernal Blade"],"picked":"Warcry","floor":18},{"not_picked":["Reckless Charge+1","Wild Strike"],"picked":"Headbutt+1","floor":20},{"not_picked":["Clothesline","True Grit"],"picked":"Shrug It Off","floor":22},{"not_picked":["Evolve+1","Warcry"],"picked":"Body Slam+1","floor":24},{"not_picked":["Blood for Blood+1","Body Slam","Warcry"],"picked":"Pommel Strike","floor":27},{"not_picked":["Feed","Headbutt","Rage","Havoc"],"picked":"SKIP","floor":29},{"not_picked":["Body Slam","Disarm","Iron Wave+1"],"picked":"Shrug It Off","floor":31},{"not_picked":["Bludgeon","Impervious","Fiend Fire"],"picked":"Demon Form","floor":33},{"not_picked":["Evolve","Clash","Body Slam"],"picked":"Thunderclap","floor":35},{"not_picked":["Sword Boomerang","Clash","Sever Soul"],"picked":"Pommel Strike+1","floor":37},{"not_picked":["Armaments+1","Headbutt","Clothesline+1"],"picked":"Flame Barrier+1","floor":40},{"not_picked":["Shrug It Off+1","Pommel Strike+1","Havoc+1"],"picked":"Corruption+1","floor":44},{"not_picked":["Flex+1","Hemokinesis","Reckless Charge"],"picked":"Seeing Red+1","floor":45},{"not_picked":["Bloodletting+1","Hemokinesis","Seeing Red+1"],"picked":"Reaper","floor":46}],"player_experience":315414,"relics_obtained":[{"floor":7,"key":"Blood Vial"},{"floor":9,"key":"Letter Opener"},{"floor":9,"key":"Self Forming Clay"},{"floor":24,"key":"Question Card"},{"floor":26,"key":"MawBank"},{"floor":26,"key":"Darkstone Periapt"},{"floor":29,"key":"Blue Candle"},{"floor":31,"key":"Smiling Mask"},{"floor":34,"key":"Red Skull"},{"floor":34,"key":"Paper Frog"},{"floor":34,"key":"Unceasing Top"},{"floor":40,"key":"Dodecahedron"},{"floor":43,"key":"Dead Branch"}],"event_choices":[{"damage_healed":0,"gold_gain":175,"player_choice":"AGREE","damage_taken":0,"max_hp_gain":0,"max_hp_loss":0,"event_name":"Liars Game","floor":2,"gold_loss":0,"cards_obtained":["Doubt"]},{"damage_healed":0,"gold_gain":0,"player_choice":"Gave Potion","damage_taken":0,"relics_obtained":["Matryoshka"],"max_hp_gain":0,"max_hp_loss":0,"event_name":"WeMeetAgain","floor":3,"gold_loss":0},{"damage_healed":0,"gold_gain":0,"player_choice":"Success","damage_taken":18,"relics_obtained":["Happy Flower"],"max_hp_gain":0,"max_hp_loss":0,"event_name":"Scrap Ooze","floor":4,"gold_loss":0},{"damage_healed":20,"gold_gain":0,"player_choice":"Healed and dodged fight","damage_taken":0,"max_hp_gain":0,"max_hp_loss":0,"event_name":"Mushrooms","floor":8,"gold_loss":0,"cards_obtained":["Parasite"]},{"cards_removed":["Doubt"],"damage_healed":0,"gold_gain":0,"player_choice":"Forget","damage_taken":0,"max_hp_gain":0,"max_hp_loss":0,"event_name":"Living Wall","floor":12,"gold_loss":0},{"damage_healed":0,"gold_gain":0,"player_choice":"Donut","damage_taken":0,"max_hp_gain":5,"max_hp_loss":0,"event_name":"Big Fish","floor":14,"gold_loss":0},{"damage_healed":0,"gold_gain":99,"player_choice":"Stole From Cult","damage_taken":0,"max_hp_gain":0,"max_hp_loss":0,"event_name":"Nest","floor":19,"gold_loss":0},{"damage_healed":0,"gold_gain":0,"player_choice":"Upgraded","damage_taken":0,"max_hp_gain":0,"max_hp_loss":0,"event_name":"Upgrade Shrine","floor":21,"gold_loss":0,"cards_upgraded":["Feed"]},{"damage_healed":0,"gold_gain":0,"player_choice":"Became a vampire (Vial)","damage_taken":0,"max_hp_gain":0,"max_hp_loss":0,"event_name":"Vampires","floor":30,"relics_lost":["Blood Vial"],"gold_loss":0,"cards_obtained":["Bite","Bite","Bite","Bite","Bite"]},{"damage_healed":0,"gold_gain":0,"cards_transformed":["Warcry"],"player_choice":"Transformed","damage_taken":0,"max_hp_gain":0,"max_hp_loss":0,"event_name":"Transmorgrifier","floor":36,"gold_loss":0,"cards_obtained":["Berserk"]},{"damage_healed":0,"gold_gain":0,"player_choice":"Trade","damage_taken":0,"relics_obtained":["SsserpentHead"],"max_hp_gain":0,"max_hp_loss":0,"event_name":"FaceTrader","floor":39,"gold_loss":0},{"damage_healed":0,"gold_gain":0,"player_choice":"Ignored","damage_taken":0,"max_hp_gain":0,"max_hp_loss":0,"event_name":"SecretPortal","floor":42,"gold_loss":0},{"cards_removed":["Combust"],"damage_healed":0,"gold_gain":0,"player_choice":"Removed Power","damage_taken":0,"max_hp_gain":0,"max_hp_loss":0,"event_name":"Falling","floor":48,"gold_loss":0}],"is_beta":false,"boss_relics":[{"not_picked":["Black Blood","Tiny House"],"picked":"Philosopher\u0027s Stone"},{"not_picked":["Snecko Eye","Astrolabe"],"picked":"Calling Bell"}],"items_purged_floors":[13,25,47],"is_endless":false,"potions_floor_spawned":[1,10,22,24,27,44,46],"ascension_level":2}