{"gold_per_floor":[143,162,176,251,251,251,295,139,163,175,187,237,249,274,286,419,431,456,468,499,525,637,649],"floor_reached":23,"playtime":881,"items_purged":["Strike_R"],"score":299,"play_id":"60c68cf5-0454-4602-8e23-9a9d12b1e9f3","local_time":"20190130202418","is_ascension_mode":true,"campfire_choices":[{"data":"Body Slam","floor":6,"key":"SMITH"},{"floor":13,"key":"REST"},{"data":"Armaments","floor":15,"key":"SMITH"}],"neow_cost":"NONE","seed_source_timestamp":6806589331787,"circlet_count":0,"master_deck":["AscendersBane","Strike_R","Strike_R","Strike_R","Defend_R","Defend_R","Defend_R","Defend_R","Bash","Body Slam+1","Anger","Ghostly Armor","Power Through","Sever Soul","Armaments+1","Flame Barrier+1","Impervious","Shrug It Off","Cleave+1"],"relics":["Burning Blood","Tiny Chest","Golden Idol","Strawberry","MawBank","Blood Vial","Sozu"],"potions_floor_usage":[7,12,18,23],"damage_taken":[{"damage":8,"enemies":"Jaw Worm","floor":1,"turns":4},{"damage":11,"enemies":"Small Slimes","floor":2,"turns":4},{"damage":4,"enemies":"2 Louse","floor":3,"turns":3},{"damage":16,"enemies":"Gremlin Nob","floor":7,"turns":4},{"damage":56,"enemies":"Lagavulin","floor":12,"turns":7},{"damage":0,"enemies":"Blue Slaver","floor":14,"turns":4},{"damage":2,"enemies":"The Guardian","floor":16,"turns":11},{"damage":4,"enemies":"Spheric Guardian","floor":18,"turns":5},{"damage":9,"enemies":"2 Thieves","floor":20,"turns":4},{"damage":17,"enemies":"Snake Plant","floor":21,"turns":5},{"damage":77,"enemies":"Gremlin Leader","floor":23,"turns":7}],"seed_played":"-5736847734718268110","potions_obtained":[{"floor":2,"key":"SpeedPotion"},{"floor":3,"key":"SmokeBomb"},{"floor":7,"key":"Fruit Juice"},{"floor":12,"key":"Block Potion"},{"floor":16,"key":"Explosive Potion"}],"is_trial":false,"path_per_floor":["M","M","M","?","?","R","E","$","T","?","$","E","R","M","R","B",null,"M","?","M","M","?","E"],"character_chosen":"IRONCLAD","items_purchased":["Sever Soul"],"campfire_rested":1,"item_purchase_floors":[8],"current_hp_per_floor":[70,65,67,56,56,56,58,58,58,58,58,8,33,41,41,47,76,80,80,79,70,70,0],"gold":649,"neow_bonus":"RANDOM_COMMON_RELIC","is_prod":false,"is_daily":false,"chose_seed":false,"campfire_upgraded":2,"win_rate":0,"timestamp":1548901458,"path_taken":["M","M","M","?","?","R","E","$","T","?","?","E","R","M","R","BOSS","M","?","M","?","?","E"],"build_version":"2019-01-23","purchased_purges":1,"victory":false,"max_hp_per_floor":[80,80,80,80,74,74,86,86,86,86,86,86,86,86,86,86,86,86,86,86,86,86,86],"card_choices":[{"not_picked":["True Grit","Warcry"],"picked":"Body Slam","floor":1},{"not_picked":["Corruption","Evolve"],"picked":"Anger","floor":2},{"not_picked":["Twin Strike","True Grit"],"picked":"Ghostly Armor","floor":3},{"not_picked":["Clothesline","Havoc"],"picked":"Power Through","floor":7},{"not_picked":["Demon Form","Pommel Strike"],"picked":"Armaments","floor":12},{"not_picked":["Feel No Pain","Rage"],"picked":"Flame Barrier","floor":14},{"not_picked":["Limit Break","Feed"],"picked":"Impervious","floor":16},{"not_picked":["True Grit","Dropkick+1"],"picked":"Shrug It Off","floor":18},{"not_picked":["Anger+1","Flex","Blood for Blood+1"],"picked":"SKIP","floor":20},{"not_picked":["Heavy Blade+1","Havoc"],"picked":"Cleave+1","floor":21}],"player_experience":231490,"relics_obtained":[{"floor":7,"key":"Strawberry"},{"floor":9,"key":"MawBank"},{"floor":12,"key":"Blood Vial"}],"event_choices":[{"damage_healed":0,"gold_gain":75,"player_choice":"Gather Gold","damage_taken":11,"max_hp_gain":0,"max_hp_loss":0,"event_name":"World of Goop","floor":4,"gold_loss":0},{"damage_healed":0,"gold_gain":0,"player_choice":"Lose Max HP","damage_taken":0,"relics_obtained":["Golden Idol"],"max_hp_gain":0,"max_hp_loss":6,"event_name":"Golden Idol","floor":5,"gold_loss":0},{"cards_removed":["Strike_R"],"damage_healed":0,"gold_gain":0,"player_choice":"Forget","damage_taken":0,"max_hp_gain":0,"max_hp_loss":0,"event_name":"Living Wall","floor":10,"gold_loss":0},{"damage_healed":0,"gold_gain":0,"player_choice":"Forge","damage_taken":0,"max_hp_gain":0,"max_hp_loss":0,"event_name":"Accursed Blacksmith","floor":19,"gold_loss":0,"cards_upgraded":["Flame Barrier"]},{"damage_healed":0,"gold_gain":100,"player_choice":"Pray","damage_taken":0,"max_hp_gain":0,"max_hp_loss":0,"event_name":"Golden Shrine","floor":22,"gold_loss":0}],"is_beta":false,"boss_relics":[{"not_picked":["Empty Cage","Cursed Key"],"picked":"Sozu"}],"items_purged_floors":[8],"is_endless":false,"potions_floor_spawned":[2,3,7,12,16,21],"killed_by":"Gremlin Leader","ascension_level":10}