{"gold_per_floor":[110,33,51,51,68,68,100,100,124,151,151,183,183,18,18,18],"floor_reached":16,"playtime":660,"items_purged":[],"score":139,"play_id":"a19cd443-8d42-47c7-8425-19d59bf51f82","local_time":"20181216200722","is_ascension_mode":true,"campfire_choices":[{"data":"Noxious Fumes","floor":6,"key":"SMITH"},{"floor":8,"key":"REST"},{"floor":13,"key":"REST"},{"floor":15,"key":"REST"}],"neow_cost":"NONE","seed_source_timestamp":2430399437149600,"circlet_count":0,"master_deck":["Defend_G","Defend_G+1","Defend_G","Defend_G","Strike_G","Strike_G","Strike_G","Strike_G","Strike_G+1","Survivor","Neutralize","Blur+1","Caltrops+1","Noxious Fumes+1","Footwork","Madness"],"relics":["Ring of the Snake","Omamori","Ancient Tea Set","War Paint","Matryoshka","Boot"],"potions_floor_usage":[7,16],"damage_taken":[{"damage":0,"enemies":"Cultist","floor":1,"turns":4},{"damage":0,"enemies":"Jaw Worm","floor":3,"turns":6},{"damage":4,"enemies":"2 Louse","floor":5,"turns":3},{"damage":25,"enemies":"Lagavulin","floor":7,"turns":9},{"damage":22,"enemies":"Gremlin Nob","floor":10,"turns":4},{"damage":9,"enemies":"3 Sentries","floor":12,"turns":7},{"damage":60,"enemies":"Slime Boss","floor":16,"turns":12}],"seed_played":"558135990980124599","potions_obtained":[{"floor":3,"key":"SkillPotion"},{"floor":12,"key":"GhostInAJar"}],"is_trial":false,"path_per_floor":["M","$","M","?","M","R","E","R","T","E","?","E","R","$","R","B"],"character_chosen":"THE_SILENT","items_purchased":["Caltrops","Footwork","Madness"],"campfire_rested":3,"item_purchase_floors":[2,14,14],"current_hp_per_floor":[70,70,70,56,52,52,27,48,48,26,26,17,38,38,59,0],"gold":18,"neow_bonus":"RANDOM_COMMON_RELIC","is_prod":false,"is_daily":false,"chose_seed":false,"campfire_upgraded":1,"win_rate":0,"timestamp":1544987242,"path_taken":["M","$","M","?","M","R","E","R","T","E","?","E","R","$","R","BOSS"],"build_version":"2018-12-13","purchased_purges":0,"victory":false,"max_hp_per_floor":[70,70,70,70,70,70,70,70,70,70,70,70,70,70,70,70],"card_choices":[{"not_picked":["Deadly Poison","Well Laid Plans"],"picked":"Blur","floor":1},{"not_picked":["Acrobatics","Setup"],"picked":"Noxious Fumes","floor":3},{"not_picked":["Dagger Spray","Blade Dance","All Out Attack"],"picked":"SKIP","floor":5},{"not_picked":["Crippling Poison","Underhanded Strike","Distraction"],"picked":"SKIP","floor":7},{"not_picked":["Heel Hook","Underhanded Strike","Riddle With Holes"],"picked":"SKIP","floor":10},{"not_picked":["Quick Slash","Outmaneuver","Bouncing Flask"],"picked":"SKIP","floor":12}],"player_experience":802094,"relics_obtained":[{"floor":7,"key":"Ancient Tea Set"},{"floor":9,"key":"War Paint"},{"floor":10,"key":"Matryoshka"},{"floor":12,"key":"Boot"}],"event_choices":[{"damage_healed":0,"gold_gain":0,"player_choice":"Entered Light","damage_taken":14,"max_hp_gain":0,"max_hp_loss":0,"event_name":"Shining Light","floor":4,"gold_loss":0,"cards_upgraded":["Strike_G","Caltrops"]},{"cards_removed":["Defend_G"],"damage_healed":0,"gold_gain":0,"player_choice":"Offered Basic","damage_taken":0,"max_hp_gain":0,"max_hp_loss":0,"event_name":"Bonfire Elementals","floor":11,"gold_loss":0}],"is_beta":false,"boss_relics":[],"items_purged_floors":[],"is_endless":false,"potions_floor_spawned":[3,12],"killed_by":"Slime Boss","ascension_level":4}