{"gold_per_floor":[116,127,19,30,42,69,99,124,124,140,140,140,154,254,254,358,358,378,147,157,173,193,193,209,227,250,262,278,8,8,28,28,123,173,190,190,206,219,69,69,69],"floor_reached":41,"playtime":3932,"items_purged":["Strike_G","Strike_G","Regret","Strike_G"],"score":617,"play_id":"41b7af40-2ed6-4248-b574-00e4b76166d5","local_time":"20181211001835","is_ascension_mode":true,"campfire_choices":[{"floor":12,"key":"REST"},{"floor":15,"key":"REST"},{"floor":23,"key":"REST"},{"floor":30,"key":"REST"},{"floor":32,"key":"REST"},{"floor":40,"key":"REST"}],"neow_cost":"NONE","seed_source_timestamp":865281258932579,"circlet_count":0,"master_deck":["AscendersBane","Defend_G","Defend_G","Defend_G","Defend_G","Defend_G","Strike_G","Strike_G","Survivor","Neutralize","Dash","Caltrops","Caltrops","Dagger Spray","Backflip","Footwork","Deflect","Deflect","Predator+1","Footwork","Cloak And Dagger","Cloak And Dagger+1","Backflip","Dodge and Roll+1","PiercingWail","Corpse Explosion","Noxious Fumes","Leg Sweep","Leg Sweep+1","Cloak And Dagger","Sucker Punch+1","Blur+1"],"relics":["Fusion Hammer","Potion Belt","Mercury Hourglass","Ninja Scroll","Eternal Feather","Strawberry","Tiny House"],"potions_floor_usage":[6,8,16,21,22,27,27,31,38,41,41],"damage_taken":[{"damage":5,"enemies":"Cultist","floor":1,"turns":5},{"damage":0,"enemies":"2 Louse","floor":2,"turns":2},{"damage":4,"enemies":"Small Slimes","floor":4,"turns":5},{"damage":18,"enemies":"Gremlin Gang","floor":5,"turns":5},{"damage":13,"enemies":"3 Sentries","floor":6,"turns":8},{"damage":4,"enemies":"Lagavulin","floor":8,"turns":12},{"damage":2,"enemies":"3 Louse","floor":10,"turns":3},{"damage":1,"enemies":"Exordium Thugs","floor":13,"turns":4},{"damage":7,"enemies":"The Guardian","floor":16,"turns":10},{"damage":16,"enemies":"Chosen","floor":18,"turns":6},{"damage":18,"enemies":"Shell Parasite","floor":20,"turns":6},{"damage":16,"enemies":"Snecko","floor":21,"turns":7},{"damage":14,"enemies":"Snake Plant","floor":22,"turns":4},{"damage":7,"enemies":"3 Cultists","floor":24,"turns":6},{"damage":6,"enemies":"Shelled Parasite and Fungi","floor":25,"turns":7},{"damage":7,"enemies":"Cultist and Chosen","floor":27,"turns":7},{"damage":13,"enemies":"Sentry and Sphere","floor":28,"turns":6},{"damage":14,"enemies":"Snecko","floor":31,"turns":6},{"damage":11,"enemies":"Automaton","floor":33,"turns":16},{"damage":12,"enemies":"Orb Walker","floor":35,"turns":5},{"damage":0,"enemies":"3 Shapes","floor":37,"turns":4},{"damage":48,"enemies":"Transient","floor":38,"turns":5},{"damage":62,"enemies":"Giant Head","floor":41,"turns":15}],"seed_played":"-898301704158190397","potions_obtained":[{"floor":2,"key":"Block Potion"},{"floor":5,"key":"LiquidBronze"},{"floor":8,"key":"GhostInAJar"},{"floor":10,"key":"Poison Potion"},{"floor":18,"key":"FearPotion"},{"floor":20,"key":"Fire Potion"},{"floor":25,"key":"SteroidPotion"},{"floor":27,"key":"Explosive Potion"},{"floor":28,"key":"Ancient Potion"},{"floor":34,"key":"Poison Potion"},{"floor":35,"key":"Dexterity Potion"}],"is_trial":false,"path_per_floor":["M","M","$","M","M","E","?","E","T","M","?","R","M","?","R","B",null,"M","$","M","M","M","R","M","M","T","M","M","$","R","M","R","B",null,"M","?","M","M","$","R","E"],"character_chosen":"THE_SILENT","items_purchased":["Caltrops","Footwork","Cloak And Dagger","Noxious Fumes","Leg Sweep"],"campfire_rested":6,"item_purchase_floors":[3,19,19,29,29],"current_hp_per_floor":[58,58,58,54,36,23,23,19,19,17,17,38,37,37,58,51,65,49,49,31,15,1,37,30,24,31,24,11,11,49,35,76,65,79,67,67,67,19,19,61,0],"gold":69,"neow_bonus":"BOSS_RELIC","is_prod":false,"is_daily":false,"chose_seed":false,"campfire_upgraded":0,"win_rate":0,"timestamp":1544487515,"path_taken":["M","M","$","M","?","E","?","E","T","M","?","R","M","?","R","BOSS","M","$","M","M","?","R","M","M","T","M","M","$","R","M","R","BOSS","M","?","M","M","$","R","E"],"build_version":"2018-12-06","purchased_purges":4,"victory":false,"max_hp_per_floor":[70,70,70,70,70,70,70,70,70,70,70,70,70,70,70,70,70,70,70,70,70,70,70,70,70,77,77,77,77,77,77,77,77,82,82,82,82,82,82,82,82],"card_choices":[{"not_picked":["Sucker Punch","Bouncing Flask"],"picked":"Dash","floor":1},{"not_picked":["Slice","Cloak And Dagger"],"picked":"Caltrops","floor":2},{"not_picked":["Poisoned Stab","Deadly Poison"],"picked":"Dagger Spray","floor":4},{"not_picked":["PiercingWail","Dagger Spray"],"picked":"Backflip","floor":5},{"not_picked":["Dodge and Roll","Infinite Blades"],"picked":"Footwork","floor":6},{"not_picked":["Accuracy","Envenom"],"picked":"Deflect","floor":8},{"not_picked":["PiercingWail","Blade Dance"],"picked":"Deflect","floor":10},{"not_picked":["Skewer","Acrobatics"],"picked":"Predator","floor":13},{"not_picked":["Quick Slash+1","Dagger Throw","Flying Knee"],"picked":"SKIP","floor":18},{"not_picked":["Masterful Stab","Sucker Punch"],"picked":"Cloak And Dagger+1","floor":20},{"not_picked":["Predator","Sucker Punch"],"picked":"Backflip","floor":21},{"not_picked":["Backstab","Tactician","Well Laid Plans"],"picked":"SKIP","floor":22},{"not_picked":["Bane","Bouncing Flask"],"picked":"Dodge and Roll+1","floor":24},{"not_picked":["Dagger Spray","Deadly Poison"],"picked":"PiercingWail","floor":25},{"not_picked":["Bane","Acrobatics"],"picked":"Corpse Explosion","floor":27},{"not_picked":["Bouncing Flask","Underhanded Strike","Dagger Throw"],"picked":"SKIP","floor":28},{"not_picked":["Slice","Underhanded Strike"],"picked":"Leg Sweep+1","floor":31},{"not_picked":["Bane","Flying Knee"],"picked":"Cloak And Dagger","floor":34},{"not_picked":["Dagger Throw","Tools of the Trade"],"picked":"Sucker Punch+1","floor":35},{"not_picked":["Prepared+1","Dagger Spray+1","Underhanded Strike+1"],"picked":"SKIP","floor":37},{"not_picked":["Masterful Stab","All Out Attack+1"],"picked":"Blur+1","floor":38}],"player_experience":1019532,"relics_obtained":[{"floor":6,"key":"Potion Belt"},{"floor":8,"key":"Mercury Hourglass"},{"floor":26,"key":"Strawberry"}],"event_choices":[{"damage_healed":0,"gold_gain":30,"player_choice":"Searched \u00272\u0027 times","damage_taken":0,"max_hp_gain":0,"max_hp_loss":0,"event_name":"Dead Adventurer","floor":7,"gold_loss":0},{"damage_healed":0,"gold_gain":0,"player_choice":"Box","damage_taken":0,"relics_obtained":["Ninja Scroll"],"max_hp_gain":0,"max_hp_loss":0,"event_name":"Big Fish","floor":11,"gold_loss":0,"cards_obtained":["Regret"]},{"damage_healed":0,"gold_gain":100,"player_choice":"Pray","damage_taken":0,"max_hp_gain":0,"max_hp_loss":0,"event_name":"Golden Shrine","floor":14,"gold_loss":0},{"damage_healed":0,"gold_gain":0,"player_choice":"Ignored","damage_taken":0,"max_hp_gain":0,"max_hp_loss":0,"event_name":"Tomb of Lord Red Mask","floor":36,"gold_loss":0}],"is_beta":false,"boss_relics":[{"not_picked":["White Beast Statue","Lizard Tail"],"picked":"Eternal Feather"},{"not_picked":["Busted Crown","Velvet Choker"],"picked":"Tiny House"}],"items_purged_floors":[3,19,29,39],"is_endless":false,"potions_floor_spawned":[2,5,8,10,18,20,25,27,28,35],"killed_by":"Giant Head","ascension_level":10}