{"gold_per_floor":[109,109,129,129,35,35,67,67,67,83,93,93,105,119,119,219,219,232,13,25,35,35,35,35,12,85,85,85,95,95,95,95,95],"floor_reached":33,"playtime":5846,"items_purged":[],"score":295,"play_id":"1b68ef9c-5478-4549-a7d6-444b7754c078","local_time":"20190129215323","is_ascension_mode":false,"campfire_choices":[{"data":"Carnage","floor":6.0,"key":"SMITH"},{"floor":8.0,"key":"REST"},{"data":"Headbutt","floor":15.0,"key":"SMITH"},{"data":"Rage","floor":23,"key":"SMITH"},{"data":"Pommel Strike","floor":27,"key":"SMITH"},{"data":"Iron Wave","floor":30,"key":"SMITH"},{"floor":32,"key":"REST"}],"neow_cost":"NONE","seed_source_timestamp":0,"circlet_count":0,"master_deck":["Strike_R","Strike_R","Strike_R","Strike_R","Defend_R","Defend_R","Defend_R","Bash","Anger+1","Carnage+1","Flex","Heavy Blade","Rage+1","Twin Strike","Heavy Blade","Headbutt+1","Iron Wave+1","Reaper","Cleave+1","Dropkick","Pommel Strike+1","Shrug It Off+1","Anger"],"special_seed":0,"relics":["Burning Blood","Blood Vial","Bag of Marbles","Orichalcum","Empty Cage","Potion Belt","Molten Egg 2"],"potions_floor_usage":[29],"damage_taken":[{"damage":1.0,"enemies":"Cultist","floor":1.0,"turns":3.0},{"damage":0.0,"enemies":"Small Slimes","floor":3.0,"turns":4.0},{"damage":26.0,"enemies":"Lagavulin","floor":7.0,"turns":4.0},{"damage":0.0,"enemies":"Jaw Worm","floor":10.0,"turns":1.0},{"damage":0.0,"enemies":"Lots of Slimes","floor":11.0,"turns":4.0},{"damage":0.0,"enemies":"Red Slaver","floor":13.0,"turns":1.0},{"damage":0.0,"enemies":"3 Louse","floor":14.0,"turns":1.0},{"damage":0.0,"enemies":"Slime Boss","floor":16.0,"turns":5.0},{"damage":4.0,"enemies":"Spheric Guardian","floor":18.0,"turns":3.0},{"damage":11.0,"enemies":"3 Byrds","floor":20.0,"turns":5.0},{"damage":9,"enemies":"3 Cultists","floor":21,"turns":4},{"damage":13,"enemies":"Centurion and Healer","floor":29,"turns":4},{"damage":100,"enemies":"Collector","floor":33,"turns":9}],"seed_played":"-7659295252070211826","potions_obtained":[{"floor":2.0,"key":"FairyPotion"},{"floor":2.0,"key":"SneckoOil"},{"floor":2.0,"key":"FearPotion"},{"floor":7.0,"key":"Ancient Potion"},{"floor":16.0,"key":"Block Potion"},{"floor":21,"key":"Fire Potion"}],"is_trial":false,"path_per_floor":["M","?","M","?","$","R","E","R","T","M","M","?","M","M","R","B",null,"M","$","M","M","$","R","?","$","T","R","?","M","R","?","R","B"],"character_chosen":"IRONCLAD","items_purchased":["Flex","Heavy Blade","Potion Belt","Dropkick","Anger"],"campfire_rested":2,"item_purchase_floors":[5,5,19,19,25],"current_hp_per_floor":[80,80,80,80,80,80,60,80,80,80,80,80,80,80,80,80,80,80,80,75,74,74,74,74,74,74,74,74,69,69,69,80,0],"gold":95,"neow_bonus":"RANDOM_COMMON_RELIC","is_prod":false,"is_daily":false,"chose_seed":false,"campfire_upgraded":5,"win_rate":0.0,"timestamp":1548816803,"path_taken":["M","?","?","?","$","R","E","R","T","M","M","?","?","M","R","BOSS","M","?","M","M","$","R","?","?","T","R","?","M","R","?","R","BOSS"],"build_version":"2019-01-23","purchased_purges":0,"victory":false,"max_hp_per_floor":[80,80,80,80,80,80,80,80,80,80,80,80,80,80,80,80,80,80,80,80,80,80,80,80,80,80,80,80,80,80,80,80,80],"card_choices":[{"not_picked":["Shrug It Off","Clothesline"],"picked":"Anger","floor":1.0},{"not_picked":["Pummel","Blood for Blood"],"picked":"Carnage","floor":3.0},{"not_picked":["Reckless Charge","Thunderclap"],"picked":"Rage","floor":7.0},{"not_picked":["Shockwave","Reckless Charge"],"picked":"Twin Strike","floor":10.0},{"not_picked":["True Grit","Hemokinesis"],"picked":"Heavy Blade","floor":11.0},{"not_picked":["Body Slam","Clothesline"],"picked":"Headbutt","floor":13.0},{"not_picked":["Twin Strike","Blood for Blood"],"picked":"Iron Wave","floor":14.0},{"not_picked":["Demon Form","Dark Embrace"],"picked":"Reaper","floor":16.0},{"not_picked":["Iron Wave","Rupture"],"picked":"Cleave","floor":18.0},{"not_picked":["Clothesline","Clash+1"],"picked":"Pommel Strike","floor":20},{"not_picked":["Metallicize","Sword Boomerang"],"picked":"Shrug It Off+1","floor":21},{"not_picked":["Dual Wield","True Grit+1","Feel No Pain"],"picked":"SKIP","floor":29}],"player_experience":17247,"relics_obtained":[{"floor":7.0,"key":"Bag of Marbles"},{"floor":9.0,"key":"Orichalcum"},{"floor":26,"key":"Molten Egg 2"}],"event_choices":[{"damage_healed":0.0,"max_hp_gain":0.0,"max_hp_loss":0.0,"gold_gain":0.0,"event_name":"Lab","player_choice":"Got Potions","floor":2.0,"gold_loss":0.0,"damage_taken":0.0},{"damage_healed":0.0,"max_hp_gain":0.0,"max_hp_loss":0.0,"gold_gain":0.0,"event_name":"The Cleric","player_choice":"Leave","floor":4.0,"gold_loss":0.0,"damage_taken":0.0},{"damage_healed":0.0,"max_hp_gain":0.0,"max_hp_loss":0.0,"gold_gain":0.0,"event_name":"Accursed Blacksmith","player_choice":"Forge","floor":12.0,"gold_loss":0.0,"damage_taken":0.0,"cards_upgraded":["Anger"]},{"damage_healed":0,"gold_gain":0,"player_choice":"Upgraded","damage_taken":0,"max_hp_gain":0,"max_hp_loss":0,"event_name":"Upgrade Shrine","floor":24,"gold_loss":0,"cards_upgraded":["Cleave"]},{"damage_healed":0,"gold_gain":0,"player_choice":"Ignored","damage_taken":0,"max_hp_gain":0,"max_hp_loss":0,"event_name":"Cursed Tome","floor":28,"gold_loss":0},{"damage_healed":0,"gold_gain":0,"player_choice":"Ignored","damage_taken":0,"max_hp_gain":0,"max_hp_loss":0,"event_name":"Ghosts","floor":31,"gold_loss":0}],"is_beta":false,"boss_relics":[{"not_picked":["Coffee Dripper","Philosopher\u0027s Stone"],"picked":"Empty Cage"}],"items_purged_floors":[],"is_endless":false,"potions_floor_spawned":[7,10,14,16,21],"killed_by":"Collector","ascension_level":0}