{"gold_per_floor":[111,121,121,138,138,163,163,163],"floor_reached":8,"playtime":434,"items_purged":[],"score":84,"play_id":"c133a11d-3f66-4ab0-8889-7005fdb6d57e","local_time":"20190206133839","is_ascension_mode":true,"campfire_choices":[{"data":"Dualcast","floor":7,"key":"SMITH"}],"neow_cost":"NONE","seed_source_timestamp":184795785871103,"circlet_count":0,"master_deck":["AscendersBane","Strike_B","Strike_B","Strike_B","Strike_B","Defend_B","Defend_B","Defend_B","Defend_B","Zap+1","Dualcast+1","Genetic Algorithm","Rebound","Genetic Algorithm","Genetic Algorithm"],"relics":["Cracked Core","Dream Catcher","FaceOfCleric","Molten Egg 2"],"potions_floor_usage":[],"damage_taken":[{"damage":4,"enemies":"Small Slimes","floor":1,"turns":3},{"damage":0,"enemies":"Cultist","floor":2,"turns":4},{"damage":7,"enemies":"Jaw Worm","floor":4,"turns":4},{"damage":29,"enemies":"3 Sentries","floor":6,"turns":8},{"damage":36,"enemies":"Lagavulin","floor":8,"turns":5}],"seed_played":"-2100756372258176117","potions_obtained":[],"is_trial":false,"path_per_floor":["M","M","?","M","?","E","R","E"],"character_chosen":"DEFECT","items_purchased":[],"campfire_rested":0,"item_purchase_floors":[],"current_hp_per_floor":[64,64,64,58,58,30,30,0],"gold":163,"neow_bonus":"RANDOM_COMMON_RELIC","is_prod":false,"is_daily":false,"chose_seed":false,"campfire_upgraded":1,"win_rate":0,"timestamp":1549438719,"path_taken":["M","M","?","?","?","E","R","E"],"build_version":"2019-01-23","purchased_purges":0,"victory":false,"max_hp_per_floor":[75,75,75,76,76,77,77,77],"card_choices":[{"not_picked":["Steam","Gash"],"picked":"Genetic Algorithm","floor":1},{"not_picked":["Turbo","Stack"],"picked":"Rebound","floor":2},{"not_picked":["Compile Driver","Reprogram"],"picked":"Genetic Algorithm","floor":4},{"not_picked":["Steam Power","Conserve Battery"],"picked":"Genetic Algorithm","floor":6}],"player_experience":736321,"relics_obtained":[{"floor":6,"key":"Molten Egg 2"}],"event_choices":[{"damage_healed":0,"gold_gain":0,"player_choice":"Trade","damage_taken":0,"relics_obtained":["FaceOfCleric"],"max_hp_gain":0,"max_hp_loss":0,"event_name":"FaceTrader","floor":3,"gold_loss":0},{"damage_healed":0,"gold_gain":0,"player_choice":"Forge","damage_taken":0,"max_hp_gain":0,"max_hp_loss":0,"event_name":"Accursed Blacksmith","floor":5,"gold_loss":0,"cards_upgraded":["Zap"]}],"is_beta":false,"boss_relics":[],"items_purged_floors":[],"is_endless":false,"potions_floor_spawned":[],"killed_by":"Lagavulin","ascension_level":10}