{"gold_per_floor":[110,185,360,360,11,36,36,36,36,63,77,93,93,107,107,206,256,276,72,92,92,112,112,112],"floor_reached":24,"playtime":1808,"items_purged":["Doubt"],"score":255,"play_id":"9f143fb4-cb39-4991-b278-541a08e6512c","local_time":"20190119010231","is_ascension_mode":true,"campfire_choices":[{"floor":7,"key":"REST"},{"floor":13,"key":"REST"},{"floor":15,"key":"REST"},{"floor":23,"key":"RECALL"}],"neow_cost":"NONE","seed_source_timestamp":1463932090431800,"circlet_count":0,"master_deck":["Defend_G","Defend_G","Defend_G","Defend_G","Defend_G","Strike_G+1","Strike_G","Strike_G","Strike_G","Strike_G","Survivor","Neutralize","Backstab","Infinite Blades","Prepared","Cloak And Dagger","Choke","Accuracy","Night Terror","Accuracy","Cloak And Dagger","Cloak And Dagger+1"],"relics":["Ring of the Snake","Vajra","Pocketwatch","Pen Nib","Paper Crane","Letter Opener","Mercury Hourglass","Tiny House","DollysMirror"],"potions_floor_usage":[18,24],"damage_taken":[{"damage":0,"enemies":"Small Slimes","floor":1,"turns":4},{"damage":30,"enemies":"Gremlin Nob","floor":6,"turns":4},{"damage":33,"enemies":"Lagavulin","floor":10,"turns":7},{"damage":0,"enemies":"2 Louse","floor":11,"turns":1},{"damage":0,"enemies":"Cultist","floor":12,"turns":2},{"damage":0,"enemies":"3 Louse","floor":14,"turns":2},{"damage":35,"enemies":"Hexaghost","floor":16,"turns":9},{"damage":6,"enemies":"2 Thieves","floor":18,"turns":4},{"damage":19,"enemies":"Spheric Guardian","floor":20,"turns":4},{"damage":3,"enemies":"Centurion and Healer","floor":22,"turns":7},{"damage":64,"enemies":"Slavers","floor":24,"turns":3}],"seed_played":"-7121843328629702519","potions_obtained":[{"floor":11,"key":"SteroidPotion"},{"floor":12,"key":"SpeedPotion"},{"floor":16,"key":"Weak Potion"},{"floor":17,"key":"AttackPotion"},{"floor":18,"key":"EssenceOfSteel"}],"is_trial":false,"path_per_floor":["M","?","?","?","$","E","R","$","T","E","M","M","R","M","R","B",null,"M","$","M","?","M","R","E"],"character_chosen":"THE_SILENT","items_purchased":["Pen Nib","Backstab","Infinite Blades","DollysMirror"],"campfire_rested":3,"item_purchase_floors":[5,5,5,19],"current_hp_per_floor":[70,59,59,59,59,29,50,50,50,17,17,17,38,38,59,24,64,58,58,39,64,61,61,0],"gold":112,"neow_bonus":"RANDOM_COMMON_RELIC","is_prod":false,"is_daily":false,"chose_seed":false,"campfire_upgraded":0,"win_rate":0,"timestamp":1547856151,"path_taken":["M","?","?","?","$","E","R","$","T","E","?","M","R","M","R","BOSS","M","$","M","?","M","R","E"],"build_version":"2019-01-17v2","purchased_purges":1,"victory":false,"max_hp_per_floor":[70,70,70,70,70,70,70,70,70,70,70,70,70,70,70,70,75,75,75,75,75,75,75,75],"card_choices":[{"not_picked":["Underhanded Strike","Flying Knee","Expertise"],"picked":"SKIP","floor":1},{"not_picked":["Underhanded Strike","Calculated Gamble"],"picked":"Prepared","floor":6},{"not_picked":["Predator","Eviscerate","Glass Knife"],"picked":"SKIP","floor":10},{"not_picked":["Tactician","Leg Sweep"],"picked":"Cloak And Dagger","floor":11},{"not_picked":["Endless Agony","Dodge and Roll"],"picked":"Choke","floor":12},{"not_picked":["Masterful Stab","Riddle With Holes"],"picked":"Accuracy","floor":14},{"not_picked":["Bullet Time","Malaise"],"picked":"Night Terror","floor":16},{"not_picked":["Deflect","Prepared","Sucker Punch"],"picked":"SKIP","floor":18},{"not_picked":["Noxious Fumes","Blade Dance"],"picked":"Cloak And Dagger","floor":20},{"not_picked":["Bane","Deflect"],"picked":"Cloak And Dagger+1","floor":22}],"player_experience":840944,"relics_obtained":[{"floor":4,"key":"Pocketwatch"},{"floor":6,"key":"Paper Crane"},{"floor":9,"key":"Letter Opener"},{"floor":10,"key":"Mercury Hourglass"}],"event_choices":[{"damage_healed":0,"gold_gain":75,"player_choice":"Gather Gold","damage_taken":11,"max_hp_gain":0,"max_hp_loss":0,"event_name":"World of Goop","floor":2,"gold_loss":0},{"damage_healed":0,"gold_gain":175,"player_choice":"AGREE","damage_taken":0,"max_hp_gain":0,"max_hp_loss":0,"event_name":"Liars Game","floor":3,"gold_loss":0,"cards_obtained":["Doubt"]},{"damage_healed":0,"gold_gain":0,"player_choice":"Relic","damage_taken":0,"max_hp_gain":0,"max_hp_loss":0,"event_name":"Wheel of Change","floor":4,"gold_loss":0},{"damage_healed":25,"gold_gain":0,"player_choice":"Heal","damage_taken":0,"max_hp_gain":0,"max_hp_loss":0,"event_name":"The Library","floor":21,"gold_loss":0}],"is_beta":false,"boss_relics":[{"not_picked":["Ring of the Serpent","Ectoplasm"],"picked":"Tiny House"}],"items_purged_floors":[5],"is_endless":false,"potions_floor_spawned":[11,12,16,18,20],"killed_by":"Slavers","ascension_level":5}