{"gold_per_floor":[218,233,36,36,48,73,73,91,144,144,177,196,216,226,226,327,327,340,354,354,165,165,165,185,211,211,223,223],"floor_reached":28,"playtime":2008,"items_purged":["Strike_B"],"score":345,"play_id":"a30a4355-7251-4bdd-b57e-bec662446536","local_time":"20190211090815","is_ascension_mode":true,"campfire_choices":[{"data":"Streamline","floor":7,"key":"SMITH"},{"floor":10,"key":"REST"},{"floor":15,"key":"REST"},{"floor":23,"key":"REST"}],"neow_cost":"NONE","seed_source_timestamp":1445118062570637,"circlet_count":0,"master_deck":["AscendersBane","Strike_B","Strike_B","Defend_B","Defend_B","Defend_B","Defend_B","Zap","Dualcast","Gash","White Noise","Hologram","Streamline+1","Darkness","Coolheaded","Conserve Battery","Chill","Capacitor","Echo Form","RitualDagger","Defragment","Go for the Eyes","Pain","Coolheaded"],"relics":["Cracked Core","Medical Kit","Bronze Scales","Tiny Chest","Strawberry","Odd Mushroom","Busted Crown","WarpedTongs","Regal Pillow","Potion Belt"],"potions_floor_usage":[6,6,11,11,24,28,28],"damage_taken":[{"damage":0,"enemies":"Small Slimes","floor":1,"turns":3},{"damage":1,"enemies":"Cultist","floor":2,"turns":3},{"damage":9,"enemies":"Jaw Worm","floor":5,"turns":4},{"damage":22,"enemies":"3 Sentries","floor":6,"turns":8},{"damage":0,"enemies":"Large Slime","floor":8,"turns":4},{"damage":13,"enemies":"Gremlin Nob","floor":11,"turns":3},{"damage":6,"enemies":"Blue Slaver","floor":12,"turns":3},{"damage":28,"enemies":"The Mushroom Lair","floor":13,"turns":4},{"damage":4,"enemies":"Red Slaver","floor":14,"turns":3},{"damage":29,"enemies":"Slime Boss","floor":16,"turns":9},{"damage":18,"enemies":"3 Byrds","floor":18,"turns":3},{"damage":25,"enemies":"Shell Parasite","floor":19,"turns":6},{"damage":33,"enemies":"Snake Plant","floor":24,"turns":3},{"damage":3,"enemies":"Snecko","floor":27,"turns":8},{"damage":5,"enemies":"Chosen and Byrds","floor":28,"turns":1}],"seed_played":"2648686066514493278","potions_obtained":[{"floor":1,"key":"Energy Potion"},{"floor":5,"key":"SkillPotion"},{"floor":6,"key":"Poison Potion"},{"floor":8,"key":"Poison Potion"},{"floor":16,"key":"SteroidPotion"},{"floor":19,"key":"GamblersBrew"},{"floor":27,"key":"LiquidBronze"}],"is_trial":false,"path_per_floor":["M","M","$","?","M","E","R","M","T","R","E","M","?","M","R","B",null,"M","M","?","$","?","R","M","T","T","M","M"],"character_chosen":"DEFECT","items_purchased":["Medical Kit","Defragment","Go for the Eyes"],"campfire_rested":3,"item_purchase_floors":[3,21,21],"current_hp_per_floor":[68,67,67,67,58,36,36,36,36,58,52,46,18,14,38,9,64,46,21,15,15,15,39,6,6,6,3,0],"gold":223,"neow_bonus":"HUNDRED_GOLD","is_prod":false,"is_daily":false,"chose_seed":false,"campfire_upgraded":1,"win_rate":0,"timestamp":1549872495,"path_taken":["M","M","$","?","M","E","R","?","T","R","E","M","?","M","R","BOSS","M","M","?","$","?","R","?","?","T","M","?"],"build_version":"2019-01-23","purchased_purges":1,"victory":false,"max_hp_per_floor":[75,75,75,75,75,75,75,75,75,75,82,82,82,82,82,82,82,82,82,82,82,82,82,82,82,82,82,82],"card_choices":[{"not_picked":["Sweeping Beam","Rebound"],"picked":"Gash","floor":1},{"not_picked":["Auto Shields","Leap"],"picked":"White Noise","floor":2},{"not_picked":["Go for the Eyes","Stack"],"picked":"Streamline","floor":5},{"not_picked":["Amplify","Chaos"],"picked":"Darkness","floor":6},{"not_picked":["Scrape","Storm"],"picked":"Coolheaded","floor":8},{"not_picked":["Rebound","Streamline"],"picked":"Conserve Battery","floor":11},{"not_picked":["Streamline","Compile Driver"],"picked":"Chill","floor":12},{"not_picked":["Sweeping Beam","Go for the Eyes"],"picked":"Capacitor","floor":14},{"not_picked":["Core Surge","Buffer"],"picked":"Echo Form","floor":16},{"not_picked":["Reprogram"],"picked":"SKIP","floor":18},{"not_picked":["Turbo"],"picked":"SKIP","floor":19},{"not_picked":[],"picked":"Coolheaded","floor":24},{"not_picked":["Go for the Eyes"],"picked":"SKIP","floor":27}],"player_experience":388916,"relics_obtained":[{"floor":6,"key":"Bronze Scales"},{"floor":9,"key":"Tiny Chest"},{"floor":11,"key":"Strawberry"},{"floor":13,"key":"Odd Mushroom"},{"floor":25,"key":"Regal Pillow"},{"floor":26,"key":"Potion Belt"}],"event_choices":[{"damage_healed":0,"gold_gain":0,"cards_transformed":["Strike_B"],"player_choice":"Transformed","damage_taken":0,"max_hp_gain":0,"max_hp_loss":0,"event_name":"Transmorgrifier","floor":4,"gold_loss":0,"cards_obtained":["Hologram"]},{"damage_healed":0,"gold_gain":0,"player_choice":"Fought Mushrooms","damage_taken":0,"max_hp_gain":0,"max_hp_loss":0,"event_name":"Mushrooms","floor":13,"gold_loss":0},{"damage_healed":0,"gold_gain":0,"player_choice":"Joined the Cult","damage_taken":6,"max_hp_gain":0,"max_hp_loss":0,"event_name":"Nest","floor":20,"gold_loss":0,"cards_obtained":["RitualDagger"]},{"damage_healed":0,"gold_gain":0,"player_choice":"Rummage","damage_taken":0,"relics_obtained":["WarpedTongs"],"max_hp_gain":0,"max_hp_loss":0,"event_name":"Accursed Blacksmith","floor":22,"gold_loss":0,"cards_obtained":["Pain"]}],"is_beta":false,"boss_relics":[{"not_picked":["Inserter","Ectoplasm"],"picked":"Busted Crown"}],"items_purged_floors":[21],"is_endless":false,"potions_floor_spawned":[1,5,6,8,16,19,27],"killed_by":"Chosen and Byrds","ascension_level":10}