{"gold_per_floor":[110,41,51,51,16,16,35,45,45,63,13,13,33,52,52,156,156],"floor_reached":17,"playtime":798,"items_purged":[],"score":201,"play_id":"3db81b8f-c0ca-4dbd-a2e3-44d194cf5e01","local_time":"20181209112226","is_ascension_mode":true,"campfire_choices":[{"data":"Footwork","floor":6,"key":"SMITH"},{"data":"Footwork","floor":12,"key":"SMITH"},{"data":"Wraith Form v2","floor":15,"key":"SMITH"}],"neow_cost":"PERCENT_DAMAGE","seed_source_timestamp":21496005573297,"circlet_count":0,"master_deck":["Defend_G","Defend_G","Defend_G","Defend_G","Defend_G","Strike_G","Strike_G","Strike_G","Strike_G","Survivor","Neutralize","Crippling Poison","Footwork+1","Deadly Poison","Wraith Form v2+1","Well Laid Plans","Cloak And Dagger","Backflip","Footwork+1","Deadly Poison","Masterful Stab","Flying Knee","Malaise","Poisoned Stab","Deadly Poison"],"relics":["Ring of the Snake","Bird Faced Urn","Thread and Needle","Orrery"],"potions_floor_usage":[8,13],"damage_taken":[{"damage":0,"enemies":"Cultist","floor":1,"turns":5},{"damage":5,"enemies":"Jaw Worm","floor":3,"turns":5},{"damage":0,"enemies":"2 Louse","floor":7,"turns":4},{"damage":6,"enemies":"Gremlin Gang","floor":8,"turns":6},{"damage":0,"enemies":"Red Slaver","floor":10,"turns":6},{"damage":0,"enemies":"2 Fungi Beasts","floor":13,"turns":3},{"damage":0,"enemies":"Large Slime","floor":14,"turns":7},{"damage":33,"enemies":"Hexaghost","floor":16,"turns":11}],"seed_played":"-4389571209314099072","potions_obtained":[{"floor":3,"key":"AttackPotion"},{"floor":8,"key":"Fire Potion"},{"floor":16,"key":"Energy Potion"}],"is_trial":false,"path_per_floor":["M","$","M","?","$","R","M","M","T","M","$","R","M","M","R","B",null],"character_chosen":"THE_SILENT","items_purchased":["Footwork","Well Laid Plans","Deadly Poison"],"campfire_rested":0,"item_purchase_floors":[2,5,11],"current_hp_per_floor":[45,45,42,42,42,42,46,46,46,52,52,52,56,64,64,39,62],"gold":156,"neow_bonus":"ONE_RARE_RELIC","is_prod":false,"is_daily":false,"chose_seed":false,"campfire_upgraded":3,"win_rate":0,"timestamp":1544372546,"path_taken":["M","?","?","?","?","R","M","?","T","M","$","R","M","M","R","BOSS"],"build_version":"2018-12-06","purchased_purges":0,"victory":false,"max_hp_per_floor":[70,70,70,70,70,70,70,70,70,70,70,70,70,70,70,70,70],"card_choices":[{"not_picked":["Acrobatics","Cloak And Dagger"],"picked":"Crippling Poison","floor":1},{"not_picked":["Accuracy","Blade Dance"],"picked":"Deadly Poison","floor":3},{"not_picked":["Blade Dance","Concentrate"],"picked":"Cloak And Dagger","floor":7},{"not_picked":["Dagger Spray","Finisher"],"picked":"Backflip","floor":8},{"not_picked":["Bane","Die Die Die"],"picked":"Footwork","floor":10},{"not_picked":["Infinite Blades","Bane"],"picked":"Masterful Stab","floor":13},{"not_picked":["Underhanded Strike","Acrobatics"],"picked":"Flying Knee","floor":14},{"not_picked":["Phantasmal Killer","Storm of Steel"],"picked":"Malaise","floor":16},{"not_picked":["Flying Knee","Quick Slash"],"picked":"Poisoned Stab","floor":17},{"not_picked":["Backflip","Cloak And Dagger"],"picked":"Deadly Poison","floor":17}],"player_experience":371489,"relics_obtained":[{"floor":9,"key":"Thread and Needle"}],"event_choices":[{"damage_healed":0,"gold_gain":0,"cards_transformed":["Strike_G"],"player_choice":"Transformed","damage_taken":0,"max_hp_gain":0,"max_hp_loss":0,"event_name":"Transmorgrifier","floor":4,"gold_loss":0,"cards_obtained":["Wraith Form v2"]}],"is_beta":false,"boss_relics":[{"not_picked":["Eternal Feather","Velvet Choker"],"picked":"Orrery"}],"items_purged_floors":[],"is_endless":false,"potions_floor_spawned":[3,8,16],"ascension_level":7}