{"gold_per_floor":[112,62,62,62,79,113,113,140,140,153,169,41,41,55,55,129,129,145,145,45,45,63,63,82,94,94,112,112,127,139,238,238,311,311,326,326,201,213,223,223,238,258,258,100,100,126,126,0,0,0],"floor_reached":51,"playtime":2256,"items_purged":["Defend_R","Strike_R","Strike_R+1"],"score":1306,"play_id":"149fee1e-057d-450d-a32b-24863660c394","local_time":"20190211082333","is_ascension_mode":true,"campfire_choices":[{"data":"Bash","floor":7.0,"key":"SMITH"},{"data":"Pommel Strike","floor":15.0,"key":"SMITH"},{"data":"Demon Form","floor":23.0,"key":"SMITH"},{"floor":32.0,"key":"REST"},{"data":"Disarm","floor":40,"key":"SMITH"},{"floor":49,"key":"REST"}],"neow_cost":"NONE","seed_source_timestamp":0,"circlet_count":0,"master_deck":["AscendersBane","Strike_R+1","Defend_R","Defend_R","Bash+1","Shockwave","Disarm+1","Shrug It Off+1","Shrug It Off+1","Pommel Strike+1","Demon Form+1","Limit Break+1","Metallicize","Whirlwind","Impervious+1"],"special_seed":0,"relics":["Burning Blood","NeowsBlessing","Gambling Chip","Toxic Egg 2","Thread and Needle","Busted Crown","Gremlin Horn","Lantern","Orrery","Meat on the Bone","Frozen Egg 2","Red Mask"],"potions_floor_usage":[35,41,50],"damage_taken":[{"damage":0.0,"enemies":"Jaw Worm","floor":1.0,"turns":1.0},{"damage":0.0,"enemies":"2 Louse","floor":5.0,"turns":1.0},{"damage":0.0,"enemies":"Lagavulin","floor":6.0,"turns":2.0},{"damage":35.0,"enemies":"Gremlin Nob","floor":8.0,"turns":5.0},{"damage":0.0,"enemies":"Small Slimes","floor":10.0,"turns":3.0},{"damage":3.0,"enemies":"3 Louse","floor":11.0,"turns":4.0},{"damage":3.0,"enemies":"Exordium Wildlife","floor":14.0,"turns":8.0},{"damage":4.0,"enemies":"The Guardian","floor":16.0,"turns":14.0},{"damage":0.0,"enemies":"Shell Parasite","floor":18.0,"turns":5.0},{"damage":18.0,"enemies":"Colosseum Slavers","floor":19.0,"turns":7.0},{"damage":10.0,"enemies":"Spheric Guardian","floor":22.0,"turns":4.0},{"damage":14.0,"enemies":"3 Cultists","floor":24.0,"turns":6.0},{"damage":24.0,"enemies":"Sentry and Sphere","floor":25.0,"turns":5.0},{"damage":8.0,"enemies":"Chosen and Byrds","floor":27.0,"turns":5.0},{"damage":1.0,"enemies":"Shelled Parasite and Fungi","floor":29.0,"turns":4.0},{"damage":0.0,"enemies":"Centurion and Healer","floor":30.0,"turns":5.0},{"damage":65.0,"enemies":"Automaton","floor":33.0,"turns":9.0},{"damage":7,"enemies":"3 Darklings","floor":35,"turns":5},{"damage":1,"enemies":"Orb Walker","floor":38,"turns":3},{"damage":20,"enemies":"Sphere and 2 Shapes","floor":39,"turns":5},{"damage":30,"enemies":"4 Shapes","floor":41,"turns":5},{"damage":7,"enemies":"Maw","floor":42,"turns":6},{"damage":10,"enemies":"Giant Head","floor":46,"turns":7},{"damage":0,"enemies":"Time Eater","floor":50,"turns":8}],"seed_played":"1597433062509005215","potions_obtained":[{"floor":1.0,"key":"Swift Potion"},{"floor":14.0,"key":"Weak Potion"},{"floor":33.0,"key":"Strength Potion"},{"floor":38,"key":"Swift Potion"},{"floor":42,"key":"PowerPotion"}],"is_trial":false,"path_per_floor":["M","?","?","?","M","E","R","E","T","M","M","$","?","M","R","B",null,"M","?","$","?","M","R","M","M","T","M","T","M","M","?","R","B",null,"M","?","$","M","M","R","M","M","T","$","?","E","?","?","R","B",null],"character_chosen":"IRONCLAD","items_purchased":["Shrug It Off+1","Impervious+1"],"campfire_rested":2,"item_purchase_floors":[12,44],"current_hp_per_floor":[74,74,74,79,80,80,80,51,51,57,60,60,44,47,47,49,72,78,66,66,66,62,62,54,36,36,34,34,39,45,45,69,10,63,62,62,62,67,53,53,29,28,28,28,28,36,36,36,60,66],"gold":0,"neow_bonus":"THREE_ENEMY_KILL","is_prod":false,"is_daily":false,"chose_seed":false,"campfire_upgraded":4,"win_rate":0,"timestamp":1549841013,"path_taken":["M","?","?","?","M","E","R","E","T","M","M","$","?","M","R","BOSS","M","?","$","?","M","R","M","M","T","M","?","?","M","?","R","BOSS","M","?","$","M","M","R","?","M","T","$","?","E","?","?","R","BOSS"],"build_version":"2019-01-23","purchased_purges":3,"victory":true,"max_hp_per_floor":[75,75,75,80,80,80,80,80,80,80,80,80,80,80,80,80,80,80,80,80,80,80,80,80,80,80,80,80,80,80,80,80,80,80,80,80,80,80,80,80,80,80,80,80,80,80,80,80,80,80],"card_choices":[{"not_picked":["Combust","Twin Strike"],"picked":"Shockwave","floor":1.0},{"not_picked":["Armaments","Flex","Iron Wave"],"picked":"SKIP","floor":5.0},{"not_picked":["Bloodletting","Body Slam"],"picked":"Disarm","floor":6.0},{"not_picked":["Sentinel","Searing Blow"],"picked":"Shrug It Off","floor":8.0},{"not_picked":["Havoc+1","Heavy Blade","Armaments+1"],"picked":"SKIP","floor":10.0},{"not_picked":["True Grit+1","Corruption","Anger"],"picked":"SKIP","floor":11.0},{"not_picked":["Clothesline","Anger"],"picked":"Pommel Strike","floor":14.0},{"not_picked":["Impervious+1","Brutality"],"picked":"Demon Form","floor":16.0},{"not_picked":["Pommel Strike"],"picked":"SKIP","floor":18.0},{"not_picked":["Seeing Red+1"],"picked":"SKIP","floor":22.0},{"not_picked":["Sword Boomerang"],"picked":"SKIP","floor":24.0},{"not_picked":["Sword Boomerang"],"picked":"SKIP","floor":25.0},{"not_picked":[],"picked":"True Grit+1","floor":27.0},{"not_picked":["Entrench+1"],"picked":"SKIP","floor":29.0},{"not_picked":["Clothesline"],"picked":"SKIP","floor":30.0},{"not_picked":[],"picked":"Limit Break+1","floor":33.0},{"not_picked":[],"picked":"Metallicize","floor":34},{"not_picked":[],"picked":"Whirlwind","floor":34},{"not_picked":["Warcry+1"],"picked":"SKIP","floor":35},{"not_picked":["Headbutt"],"picked":"SKIP","floor":38},{"not_picked":["Body Slam"],"picked":"SKIP","floor":39},{"not_picked":["Uppercut"],"picked":"SKIP","floor":41},{"not_picked":["Armaments+1"],"picked":"SKIP","floor":42},{"not_picked":["Brutality"],"picked":"SKIP","floor":46}],"player_experience":198042,"relics_obtained":[{"floor":6.0,"key":"Gambling Chip"},{"floor":8.0,"key":"Toxic Egg 2"},{"floor":9.0,"key":"Thread and Needle"},{"floor":26.0,"key":"Gremlin Horn"},{"floor":28.0,"key":"Lantern"},{"floor":43,"key":"Meat on the Bone"},{"floor":46,"key":"Frozen Egg 2"}],"event_choices":[{"cards_removed":["Strike_R"],"damage_healed":0.0,"max_hp_gain":0.0,"max_hp_loss":0.0,"gold_gain":0.0,"event_name":"The Cleric","player_choice":"Card Removal","floor":2.0,"gold_loss":50.0,"damage_taken":0.0},{"cards_removed":["Strike_R"],"damage_healed":0.0,"max_hp_gain":0.0,"max_hp_loss":0.0,"gold_gain":0.0,"event_name":"Living Wall","player_choice":"Forget","floor":3.0,"gold_loss":0.0,"damage_taken":0.0},{"damage_healed":0.0,"max_hp_gain":5.0,"max_hp_loss":0.0,"gold_gain":0.0,"event_name":"Big Fish","player_choice":"Donut","floor":4.0,"gold_loss":0.0,"damage_taken":0.0},{"damage_healed":0.0,"max_hp_gain":0.0,"max_hp_loss":0.0,"gold_gain":0.0,"event_name":"Shining Light","player_choice":"Entered Light","floor":13.0,"gold_loss":0.0,"damage_taken":16.0,"cards_upgraded":["Strike_R","Strike_R"]},{"damage_healed":0.0,"max_hp_gain":0.0,"max_hp_loss":0.0,"gold_gain":0.0,"event_name":"Colosseum","player_choice":"Fight","floor":19.0,"gold_loss":0.0,"damage_taken":0.0},{"damage_healed":0.0,"max_hp_gain":0.0,"max_hp_loss":0.0,"gold_gain":0.0,"event_name":"Colosseum","player_choice":"Fled From Nobs","floor":19.0,"gold_loss":0.0,"damage_taken":0.0},{"damage_healed":0.0,"max_hp_gain":0.0,"max_hp_loss":0.0,"gold_gain":0.0,"event_name":"Vampires","player_choice":"Ignored","floor":21.0,"gold_loss":0.0,"damage_taken":0.0},{"damage_healed":0.0,"max_hp_gain":0.0,"max_hp_loss":0.0,"gold_gain":99.0,"event_name":"Nest","player_choice":"Stole From Cult","floor":31.0,"gold_loss":0.0,"damage_taken":0.0},{"cards_removed":["Defend_R"],"damage_healed":0,"gold_gain":0,"player_choice":"Purged","damage_taken":0,"max_hp_gain":0,"max_hp_loss":0,"event_name":"Purifier","floor":36,"gold_loss":0},{"damage_healed":0,"gold_gain":0,"player_choice":"Ignored","damage_taken":0,"max_hp_gain":0,"max_hp_loss":0,"event_name":"Mysterious Sphere","floor":45,"gold_loss":0},{"cards_removed":["True Grit"],"damage_healed":0,"gold_gain":0,"player_choice":"Removed Skill","damage_taken":0,"max_hp_gain":0,"max_hp_loss":0,"event_name":"Falling","floor":47,"gold_loss":0},{"damage_healed":0,"gold_gain":0,"player_choice":"Paid","damage_taken":0,"relics_obtained":["Red Mask"],"max_hp_gain":0,"max_hp_loss":0,"event_name":"Tomb of Lord Red Mask","floor":48,"gold_loss":126}],"is_beta":false,"boss_relics":[{"not_picked":["Empty Cage","Astrolabe"],"picked":"Busted Crown"},{"not_picked":["Runic Dome","Coffee Dripper"],"picked":"Orrery"}],"items_purged_floors":[12,20,37],"is_endless":false,"potions_floor_spawned":[1,14,16,24,29,33,38,39,42],"ascension_level":14}