{"gold_per_floor":[109,109,109,123,50,86,86,130,130,149,149,149,149,169,169,169],"floor_reached":16,"playtime":724,"items_purged":[],"score":233,"play_id":"5dc3478a-2253-4e7c-a832-c4df38a8c346","local_time":"20190116184100","is_ascension_mode":true,"campfire_choices":[{"data":"Searing Blow","floor":7,"key":"SMITH"},{"data":"Searing Blow+1","floor":11,"key":"SMITH"},{"data":"Searing Blow+3","floor":15,"key":"SMITH"}],"neow_cost":"NONE","seed_source_timestamp":633730194794343,"circlet_count":0,"master_deck":["AscendersBane","Strike_R","Strike_R","Strike_R","Strike_R","Defend_R","Defend_R","Defend_R","Defend_R","Bash","Cleave","Shrug It Off","Searing Blow+4","Whirlwind","Dark Embrace","Warcry+1"],"relics":["Burning Blood","NeowsBlessing","Golden Idol","Ornamental Fan","Toxic Egg 2","The Courier"],"potions_floor_usage":[14,16],"damage_taken":[{"damage":0,"enemies":"Cultist","floor":1,"turns":1},{"damage":0,"enemies":"Jaw Worm","floor":4,"turns":1},{"damage":0,"enemies":"Gremlin Nob","floor":6,"turns":1},{"damage":34,"enemies":"3 Sentries","floor":8,"turns":7},{"damage":0,"enemies":"Small Slimes","floor":10,"turns":3},{"damage":0,"enemies":"2 Fungi Beasts","floor":14,"turns":2},{"damage":52,"enemies":"The Guardian","floor":16,"turns":13}],"seed_played":"-5937201034907867727","potions_obtained":[{"floor":3,"key":"Swift Potion"},{"floor":3,"key":"GamblersBrew"}],"is_trial":false,"path_per_floor":["M","?","?","M","$","E","R","E","T","M","R","?","?","M","R","B"],"character_chosen":"IRONCLAD","items_purchased":["Searing Blow"],"campfire_rested":0,"item_purchase_floors":[5],"current_hp_per_floor":[74,68,68,68,68,68,68,40,40,46,46,46,46,52,52,0],"gold":169,"neow_bonus":"THREE_ENEMY_KILL","is_prod":false,"is_daily":false,"chose_seed":false,"campfire_upgraded":3,"win_rate":0,"timestamp":1547664060,"path_taken":["M","?","?","?","$","E","R","E","T","M","R","?","?","M","R","BOSS"],"build_version":"2019-01-10","purchased_purges":0,"victory":false,"max_hp_per_floor":[75,68,68,68,68,68,68,68,68,68,68,68,68,68,68,68],"card_choices":[{"not_picked":["Ghostly Armor","Wild Strike"],"picked":"Cleave","floor":1},{"not_picked":["Havoc","Clothesline"],"picked":"Shrug It Off","floor":4},{"not_picked":["Headbutt","Havoc"],"picked":"Whirlwind","floor":6},{"not_picked":["Second Wind","Cleave"],"picked":"Dark Embrace","floor":8},{"not_picked":["Cleave","Sword Boomerang","Power Through+1"],"picked":"SKIP","floor":10},{"not_picked":["Inflame","Pommel Strike"],"picked":"Warcry+1","floor":14}],"player_experience":1193658,"relics_obtained":[{"floor":6,"key":"Ornamental Fan"},{"floor":8,"key":"Toxic Egg 2"},{"floor":9,"key":"The Courier"}],"event_choices":[{"damage_healed":0,"gold_gain":0,"player_choice":"Lose Max HP","damage_taken":0,"relics_obtained":["Golden Idol"],"max_hp_gain":0,"max_hp_loss":7,"event_name":"Golden Idol","floor":2,"gold_loss":0},{"damage_healed":0,"gold_gain":0,"player_choice":"Got Potions","damage_taken":0,"max_hp_gain":0,"max_hp_loss":0,"event_name":"Lab","floor":3,"gold_loss":0},{"damage_healed":0,"gold_gain":0,"player_choice":"Grow","damage_taken":0,"max_hp_gain":0,"max_hp_loss":0,"event_name":"Living Wall","floor":12,"gold_loss":0,"cards_upgraded":["Searing Blow"]},{"cards_removed":["Strike_R"],"damage_healed":0,"gold_gain":0,"player_choice":"Card Removal","damage_taken":0,"max_hp_gain":0,"max_hp_loss":0,"event_name":"Wheel of Change","floor":13,"gold_loss":0}],"is_beta":false,"boss_relics":[],"items_purged_floors":[],"is_endless":false,"potions_floor_spawned":[4,8],"killed_by":"The Guardian","ascension_level":15}