{"gold_per_floor":[115,129,146,146,157,191,191,219,219,219,219,219,231,249,249,326,326,345,364,375,150,150,150,160,10,35,35,62,62,12,29,29,106,106,123,223,133,152,169,169,199,199,272,272,28,42,42,42,42,42],"floor_reached":51,"playtime":2522,"items_purged":["Strike_G","Defend_G"],"score":1172,"play_id":"9d6752ba-73ab-44e6-8c4a-480373ca34fe","local_time":"20190210034127","is_ascension_mode":true,"campfire_choices":[{"data":"Neutralize","floor":7.0,"key":"SMITH"},{"data":"Footwork","floor":10.0,"key":"SMITH"},{"data":"Choke","floor":12.0,"key":"SMITH"},{"data":"Cloak And Dagger","floor":15.0,"key":"SMITH"},{"floor":23.0,"key":"REST"},{"floor":29,"key":"REST"},{"floor":32,"key":"REST"},{"floor":40,"key":"REST"},{"floor":42,"key":"REST"},{"data":"A Thousand Cuts","floor":44,"key":"SMITH"},{"data":"Finisher","floor":47,"key":"SMITH"},{"floor":49,"key":"REST"}],"neow_cost":"NONE","seed_source_timestamp":381838976932163,"circlet_count":0,"master_deck":["AscendersBane","Defend_G","Defend_G","Defend_G","Defend_G","Survivor","Neutralize+1","Calculated Gamble","Choke+1","Slice","Slice+1","Endless Agony","Footwork+1","Cloak And Dagger+1","Well Laid Plans","Blade Dance","Finisher+1","A Thousand Cuts+1","Deflect","Storm of Steel","Deflect","Blur","Cloak And Dagger+1","Prepared+1"],"special_seed":0,"relics":["WristBlade","Unceasing Top","Prayer Wheel","Pear","Busted Crown","Bag of Preparation","MutagenicStrength","Boot","Sundial","Empty Cage","FossilizedHelix","Toxic Egg 2","Question Card","Bronze Scales"],"potions_floor_usage":[28,36,50,50],"damage_taken":[{"damage":1.0,"enemies":"Cultist","floor":1.0,"turns":5.0},{"damage":1.0,"enemies":"Small Slimes","floor":2.0,"turns":5.0},{"damage":0.0,"enemies":"2 Louse","floor":3.0,"turns":2.0},{"damage":3.0,"enemies":"Looter","floor":5.0,"turns":3.0},{"damage":28.0,"enemies":"Lagavulin","floor":6.0,"turns":7.0},{"damage":15.0,"enemies":"3 Sentries","floor":8.0,"turns":9.0},{"damage":2.0,"enemies":"Exordium Wildlife","floor":13.0,"turns":4.0},{"damage":6.0,"enemies":"Red Slaver","floor":14.0,"turns":4.0},{"damage":21.0,"enemies":"The Guardian","floor":16.0,"turns":10.0},{"damage":6.0,"enemies":"Spheric Guardian","floor":18.0,"turns":3.0},{"damage":17.0,"enemies":"2 Thieves","floor":19.0,"turns":3.0},{"damage":30.0,"enemies":"Sentry and Sphere","floor":20.0,"turns":6.0},{"damage":9.0,"enemies":"Cultist and Chosen","floor":24.0,"turns":6.0},{"damage":0,"enemies":"Gremlin Leader","floor":28,"turns":3},{"damage":0,"enemies":"Snecko","floor":31,"turns":2},{"damage":36,"enemies":"Automaton","floor":33,"turns":9},{"damage":0,"enemies":"3 Shapes","floor":35,"turns":6},{"damage":3,"enemies":"Mind Bloom Boss Battle","floor":36,"turns":7},{"damage":0,"enemies":"Orb Walker","floor":38,"turns":1},{"damage":42,"enemies":"Writhing Mass","floor":39,"turns":6},{"damage":20,"enemies":"Giant Head","floor":41,"turns":8},{"damage":11,"enemies":"Spire Growth","floor":46,"turns":4},{"damage":50,"enemies":"Time Eater","floor":50,"turns":11}],"seed_played":"-5033143011263458635","potions_obtained":[{"floor":3.0,"key":"AttackPotion"},{"floor":6.0,"key":"Regen Potion"},{"floor":8.0,"key":"Strength Potion"},{"floor":13.0,"key":"FearPotion"},{"floor":28,"key":"Strength Potion"},{"floor":31,"key":"Block Potion"},{"floor":36,"key":"PowerPotion"}],"is_trial":false,"path_per_floor":["M","M","M","?","M","E","R","E","T","R","?","R","M","M","R","B",null,"M","M","M","$","?","R","M","$","T","?","E","R","$","M","R","B",null,"M","?","?","M","M","R","E","R","T","R","$","M","R","T","R","B",null],"character_chosen":"THE_SILENT","items_purchased":["Bag of Preparation","Storm of Steel","Deflect","Cloak And Dagger+1","GhostInAJar","Prepared+1"],"campfire_rested":6,"item_purchase_floors":[21,25,30,45,45,45],"current_hp_per_floor":[62,61,61,61,58,30,30,30,40,40,40,40,38,32,32,11,63,57,40,10,10,10,34,25,25,25,25,25,49,49,49,73,37,69,69,66,66,66,24,48,28,52,52,52,52,41,41,41,65,15],"gold":42,"neow_bonus":"BOSS_RELIC","is_prod":false,"is_daily":false,"chose_seed":false,"campfire_upgraded":6,"win_rate":0,"timestamp":1549791687,"path_taken":["M","M","M","?","M","E","R","E","T","R","?","R","M","?","R","BOSS","M","?","?","$","?","R","M","$","T","?","E","R","?","M","R","BOSS","M","?","?","?","M","R","E","R","T","R","$","M","R","?","R","BOSS"],"build_version":"2019-01-23","purchased_purges":2,"victory":true,"max_hp_per_floor":[70,70,70,70,70,70,70,70,80,80,80,80,80,80,80,80,80,80,80,80,80,80,80,80,80,80,80,80,80,80,80,80,80,80,80,80,80,80,80,80,80,80,80,80,80,80,80,80,80,80],"card_choices":[{"not_picked":["Outmaneuver","Concentrate"],"picked":"Calculated Gamble","floor":1.0},{"not_picked":["Acrobatics","Leg Sweep"],"picked":"Choke","floor":2.0},{"not_picked":["Blur","Setup"],"picked":"Slice","floor":3.0},{"not_picked":["Bane","Tools of the Trade"],"picked":"Slice","floor":5.0},{"not_picked":["Blur","Deadly Poison"],"picked":"Endless Agony","floor":6.0},{"not_picked":["Escape Plan","Flying Knee"],"picked":"Footwork","floor":8.0},{"not_picked":["Concentrate","Infinite Blades"],"picked":"Cloak And Dagger","floor":13.0},{"not_picked":["PiercingWail","Backflip"],"picked":"Well Laid Plans","floor":13.0},{"not_picked":["Choke","Tactician"],"picked":"Blade Dance","floor":14.0},{"not_picked":["Slice","Underhanded Strike"],"picked":"Finisher","floor":14.0},{"not_picked":["Night Terror","Grand Finale"],"picked":"A Thousand Cuts","floor":16.0},{"not_picked":["Sucker Punch"],"picked":"SKIP","floor":18.0},{"not_picked":["Outmaneuver"],"picked":"SKIP","floor":18.0},{"not_picked":["Flechettes"],"picked":"SKIP","floor":19.0},{"not_picked":["Masterful Stab"],"picked":"SKIP","floor":19.0},{"not_picked":[],"picked":"Deflect","floor":20.0},{"not_picked":["Riddle With Holes"],"picked":"SKIP","floor":20.0},{"not_picked":["Underhanded Strike"],"picked":"SKIP","floor":24.0},{"not_picked":["Poisoned Stab"],"picked":"SKIP","floor":24.0},{"not_picked":["Acrobatics"],"picked":"SKIP","floor":28},{"not_picked":["Sucker Punch"],"picked":"SKIP","floor":31},{"not_picked":["Acrobatics"],"picked":"SKIP","floor":31},{"not_picked":["Flying Knee+1"],"picked":"SKIP","floor":35},{"not_picked":["Calculated Gamble"],"picked":"SKIP","floor":35},{"not_picked":[],"picked":"Blur","floor":36},{"not_picked":["Acrobatics"],"picked":"SKIP","floor":38},{"not_picked":["Caltrops"],"picked":"SKIP","floor":38},{"not_picked":["Acrobatics"],"picked":"SKIP","floor":39},{"not_picked":["Bane+1"],"picked":"SKIP","floor":39},{"not_picked":["Outmaneuver+1"],"picked":"SKIP","floor":41},{"not_picked":["Heel Hook+1","Dagger Throw"],"picked":"SKIP","floor":46},{"not_picked":["Poisoned Stab+1","Endless Agony"],"picked":"SKIP","floor":46}],"player_experience":247053,"relics_obtained":[{"floor":6.0,"key":"Unceasing Top"},{"floor":8.0,"key":"Prayer Wheel"},{"floor":9.0,"key":"Pear"},{"floor":26.0,"key":"Boot"},{"floor":28,"key":"Sundial"},{"floor":36,"key":"FossilizedHelix"},{"floor":41,"key":"Toxic Egg 2"},{"floor":43,"key":"Question Card"},{"floor":48,"key":"Bronze Scales"}],"event_choices":[{"damage_healed":0.0,"max_hp_gain":0.0,"max_hp_loss":0.0,"gold_gain":0.0,"event_name":"Scrap Ooze","player_choice":"Fled","floor":4.0,"gold_loss":0.0,"damage_taken":0.0},{"cards_removed":["Strike_G"],"damage_healed":0.0,"max_hp_gain":0.0,"max_hp_loss":0.0,"gold_gain":0.0,"event_name":"Purifier","player_choice":"Purged","floor":11.0,"gold_loss":0.0,"damage_taken":0.0},{"damage_healed":0.0,"max_hp_gain":0.0,"max_hp_loss":0.0,"gold_gain":0.0,"event_name":"Drug Dealer","player_choice":"Inject Mutagens","floor":22.0,"gold_loss":0.0,"damage_taken":0.0,"relics_obtained":["MutagenicStrength"]},{"damage_healed":0.0,"max_hp_gain":0.0,"max_hp_loss":0.0,"gold_gain":0.0,"event_name":"Ghosts","player_choice":"Ignored","floor":27.0,"gold_loss":0.0,"damage_taken":0.0},{"damage_healed":0,"gold_gain":0,"player_choice":"Fight","damage_taken":0,"max_hp_gain":0,"max_hp_loss":0,"event_name":"MindBloom","floor":36,"gold_loss":0},{"cards_removed":["Strike_G"],"damage_healed":0,"gold_gain":0,"player_choice":"Upgrade and Remove","damage_taken":0,"max_hp_gain":0,"max_hp_loss":0,"event_name":"Designer","floor":37,"gold_loss":90,"cards_upgraded":["Slice"]}],"is_beta":false,"boss_relics":[{"not_picked":["White Beast Statue","Black Star"],"picked":"Busted Crown"},{"not_picked":["Pandora\u0027s Box","Lizard Tail"],"picked":"Empty Cage"}],"items_purged_floors":[21,45],"is_endless":false,"potions_floor_spawned":[3,6,8,13,16,19,28,31,33,35,36,41],"ascension_level":13}