{"gold_per_floor":[119,119,119,138,138,138,13,13,13,32,32,42,62,87,87,189,189,209,55,55,68,82,82,82,96,96,113,28,28,45,45,45,45],"floor_reached":33,"playtime":1044,"items_purged":["Shame","Strike_R"],"score":422,"play_id":"f4d5f9ef-0f56-46e1-bd94-6fd859c4ccd2","local_time":"20190210124741","is_ascension_mode":true,"campfire_choices":[{"data":"Pommel Strike","floor":6.0,"key":"SMITH"},{"data":"Clothesline","floor":8.0,"key":"SMITH"},{"data":"Inflame","floor":11.0,"key":"SMITH"},{"data":"Anger","floor":15.0,"key":"SMITH"},{"data":"RitualDagger","floor":23,"key":"SMITH"},{"data":"Dual Wield","floor":24,"key":"SMITH"},{"data":"Exhume","floor":29,"key":"SMITH"},{"data":"True Grit","floor":32,"key":"SMITH"}],"neow_cost":"NONE","seed_source_timestamp":761552016373800,"circlet_count":0,"master_deck":["AscendersBane","Strike_R","Strike_R","Defend_R","Defend_R","Defend_R","Defend_R","Bash+1","Anger+1","Dual Wield+1","Pommel Strike+1","Clothesline+1","Inflame+1","Offering","Exhume+1","Shrug It Off","RitualDagger+1","Dropkick","True Grit+1","Shrug It Off","Ghostly Armor+1"],"special_seed":0,"relics":["Burning Blood","Pantograph","WingedGreaves","Philosopher\u0027s Stone","Meat on the Bone","Pocketwatch","Enchiridion"],"potions_floor_usage":[22],"damage_taken":[{"damage":2.0,"enemies":"2 Louse","floor":1.0,"turns":4.0},{"damage":1.0,"enemies":"Cultist","floor":4.0,"turns":4.0},{"damage":9.0,"enemies":"Small Slimes","floor":10.0,"turns":3.0},{"damage":18.0,"enemies":"3 Louse","floor":12.0,"turns":4.0},{"damage":7.0,"enemies":"2 Fungi Beasts","floor":13.0,"turns":3.0},{"damage":6.0,"enemies":"Gremlin Nob","floor":14.0,"turns":2.0},{"damage":39.0,"enemies":"Hexaghost","floor":16.0,"turns":6.0},{"damage":8.0,"enemies":"Spheric Guardian","floor":18.0,"turns":3.0},{"damage":18.0,"enemies":"Shell Parasite","floor":21.0,"turns":3.0},{"damage":8,"enemies":"Cultist and Chosen","floor":22,"turns":4},{"damage":12,"enemies":"3 Cultists","floor":25,"turns":5},{"damage":6,"enemies":"Snake Plant","floor":27,"turns":2},{"damage":6,"enemies":"Snecko","floor":30,"turns":3},{"damage":55,"enemies":"Automaton","floor":33,"turns":8}],"seed_played":"3017964519014541574","potions_obtained":[{"floor":4.0,"key":"Block Potion"},{"floor":12.0,"key":"GamblersBrew"},{"floor":25,"key":"Ancient Potion"}],"is_trial":false,"path_per_floor":["M","?","?","M","?","R","$","R","T","M","R","M","M","E","R","B",null,"M","$","?","M","M","R","R","M","T","M","?","R","M","?","R","B"],"character_chosen":"IRONCLAD","items_purchased":["Clothesline","Shrug It Off"],"campfire_rested":0,"item_purchase_floors":[7,19],"current_hp_per_floor":[76,76,76,80,80,80,80,80,80,77,77,65,64,64,64,47,72,70,70,64,52,50,50,50,44,44,56,56,56,56,40,40,10],"gold":45,"neow_bonus":"REMOVE_CARD","is_prod":false,"is_daily":false,"chose_seed":false,"campfire_upgraded":8,"win_rate":0,"timestamp":1549828061,"path_taken":["M","?","?","?","?","R","$","R","T","?","R","M","M","E","R","BOSS","M","$","?","M","M","R","R","M","T","M","?","R","M","?","R","BOSS"],"build_version":"2019-01-23","purchased_purges":2,"victory":false,"max_hp_per_floor":[80,80,80,80,80,80,80,80,80,80,80,80,80,80,80,80,80,80,80,80,80,80,80,80,80,80,80,80,80,80,80,80,80],"card_choices":[{"not_picked":["Perfected Strike","Havoc"],"picked":"Anger","floor":1.0},{"not_picked":["Twin Strike","Headbutt"],"picked":"Pommel Strike","floor":4.0},{"not_picked":["Thunderclap","Power Through"],"picked":"Inflame","floor":10.0},{"not_picked":["Cleave","Metallicize"],"picked":"Offering","floor":12.0},{"not_picked":["Rampage","Warcry","Feel No Pain"],"picked":"SKIP","floor":13.0},{"not_picked":["Armaments","Flex","Sword Boomerang"],"picked":"SKIP","floor":14.0},{"not_picked":["Impervious","Berserk"],"picked":"Exhume","floor":16.0},{"not_picked":["Blood for Blood","Thunderclap+1","Clothesline+1"],"picked":"SKIP","floor":18.0},{"not_picked":["Sword Boomerang","Sever Soul","Havoc+1"],"picked":"SKIP","floor":21.0},{"not_picked":["Pommel Strike","Intimidate"],"picked":"Dropkick","floor":22},{"not_picked":["Wild Strike","Anger"],"picked":"True Grit","floor":25},{"not_picked":["Clothesline+1","Uppercut"],"picked":"Shrug It Off","floor":27},{"not_picked":["Iron Wave","Entrench"],"picked":"Ghostly Armor+1","floor":30}],"player_experience":337995,"relics_obtained":[{"floor":9.0,"key":"Pantograph"},{"floor":14.0,"key":"WingedGreaves"},{"floor":26,"key":"Meat on the Bone"},{"floor":31,"key":"Enchiridion"}],"event_choices":[{"damage_healed":0.0,"max_hp_gain":0.0,"max_hp_loss":0.0,"gold_gain":0.0,"cards_transformed":["Strike_R"],"event_name":"Living Wall","player_choice":"Change","floor":2.0,"gold_loss":0.0,"damage_taken":0.0,"cards_obtained":["Dual Wield"]},{"damage_healed":0.0,"max_hp_gain":0.0,"max_hp_loss":0.0,"gold_gain":0.0,"event_name":"Accursed Blacksmith","player_choice":"Forge","floor":3.0,"gold_loss":0.0,"damage_taken":0.0,"cards_upgraded":["Bash"]},{"damage_healed":0.0,"max_hp_gain":0.0,"max_hp_loss":0.0,"gold_gain":0.0,"event_name":"Match and Keep!","player_choice":"1 cards matched","floor":5.0,"gold_loss":0.0,"damage_taken":0.0,"cards_obtained":["Shame"]},{"damage_healed":0.0,"max_hp_gain":0.0,"max_hp_loss":0.0,"gold_gain":0.0,"event_name":"Nest","player_choice":"Joined the Cult","floor":20.0,"gold_loss":0.0,"damage_taken":6.0,"cards_obtained":["RitualDagger"]},{"damage_healed":0,"gold_gain":0,"player_choice":"Obtained Relic","damage_taken":0,"relics_obtained":["Pocketwatch"],"max_hp_gain":0,"max_hp_loss":0,"event_name":"Addict","floor":28,"gold_loss":85},{"damage_healed":0,"gold_gain":0,"player_choice":"Obtained Book","damage_taken":16,"max_hp_gain":0,"max_hp_loss":0,"event_name":"Cursed Tome","floor":31,"gold_loss":0}],"is_beta":false,"boss_relics":[{"not_picked":["White Beast Statue","Fusion Hammer"],"picked":"Philosopher\u0027s Stone"}],"items_purged_floors":[7,19],"is_endless":false,"potions_floor_spawned":[4,12,25],"killed_by":"Automaton","ascension_level":11}