{"gold_per_floor":[116,132,149,149,14,14,43,43,67,67,78,95,95,95,95,95],"floor_reached":16,"playtime":374,"items_purged":[],"score":180,"play_id":"9ec05350-a10c-46fa-aec7-fd055aad5fe4","local_time":"20190210231755","is_ascension_mode":true,"campfire_choices":[{"data":"True Grit","floor":6,"key":"SMITH"},{"data":"Perfected Strike","floor":8,"key":"SMITH"},{"floor":10,"key":"REST"},{"data":"True Grit","floor":15,"key":"SMITH"}],"neow_cost":"NONE","seed_source_timestamp":2611694856103824,"circlet_count":0,"master_deck":["AscendersBane","Strike_R","Strike_R","Strike_R","Strike_R","Strike_R","Defend_R","Defend_R","Defend_R","Defend_R","Bash","Forethought","Feel No Pain","Uppercut+1","Wild Strike","Feel No Pain","True Grit+1","Perfected Strike+1","True Grit+1"],"relics":["Burning Blood","Oddly Smooth Stone","Centennial Puzzle","Golden Idol","Bottled Lightning"],"potions_floor_usage":[],"damage_taken":[{"damage":6,"enemies":"Cultist","floor":1,"turns":4},{"damage":20,"enemies":"Small Slimes","floor":2,"turns":4},{"damage":2,"enemies":"Jaw Worm","floor":3,"turns":3},{"damage":36,"enemies":"Lagavulin","floor":7,"turns":10},{"damage":15,"enemies":"Exordium Thugs","floor":11,"turns":4},{"damage":2,"enemies":"Looter","floor":12,"turns":2},{"damage":13,"enemies":"The Guardian","floor":16,"turns":5}],"seed_played":"-2431255007374882571","potions_obtained":[{"floor":1,"key":"SpeedPotion"},{"floor":3,"key":"Explosive Potion"}],"is_trial":false,"path_per_floor":["M","M","M","?","$","R","E","R","T","R","M","M","?","T","R","B"],"character_chosen":"IRONCLAD","items_purchased":["Feel No Pain","True Grit"],"campfire_rested":1,"item_purchase_floors":[5,5],"current_hp_per_floor":[68,54,58,58,58,58,28,28,28,50,41,45,45,45,45,32],"gold":95,"neow_bonus":"RANDOM_COLORLESS","is_prod":false,"is_daily":false,"chose_seed":false,"campfire_upgraded":3,"win_rate":0,"timestamp":1549858675,"path_taken":["M","M","M","?","$","R","E","R","T","R","M","M","?","?","R","BOSS"],"build_version":"2019-01-23","purchased_purges":0,"victory":false,"max_hp_per_floor":[75,75,75,75,75,75,75,75,75,75,75,75,68,68,68,68],"card_choices":[{"not_picked":["Sentinel","Body Slam"],"picked":"Feel No Pain","floor":1},{"not_picked":["Warcry","Iron Wave"],"picked":"Uppercut","floor":2},{"not_picked":["Heavy Blade","Sever Soul"],"picked":"Wild Strike","floor":3},{"not_picked":["Sword Boomerang","Warcry"],"picked":"Perfected Strike","floor":7},{"not_picked":["Twin Strike","Bloodletting","Anger"],"picked":"SKIP","floor":11},{"not_picked":["Headbutt","Havoc"],"picked":"True Grit","floor":12}],"player_experience":555004,"relics_obtained":[{"floor":7,"key":"Oddly Smooth Stone"},{"floor":9,"key":"Centennial Puzzle"},{"floor":14,"key":"Bottled Lightning"}],"event_choices":[{"damage_healed":0,"gold_gain":0,"player_choice":"Grow","damage_taken":0,"max_hp_gain":0,"max_hp_loss":0,"event_name":"Living Wall","floor":4,"gold_loss":0,"cards_upgraded":["Uppercut"]},{"damage_healed":0,"gold_gain":0,"player_choice":"Lose Max HP","damage_taken":0,"relics_obtained":["Golden Idol"],"max_hp_gain":0,"max_hp_loss":7,"event_name":"Golden Idol","floor":13,"gold_loss":0}],"is_beta":false,"boss_relics":[],"items_purged_floors":[],"is_endless":false,"potions_floor_spawned":[1,3],"killed_by":"The Guardian","ascension_level":16}