{"gold_per_floor":[113,124,124,136,153,153,187,202,202,232,232,244,244,309,309,309],"floor_reached":16,"playtime":1839,"items_purged":[],"score":181,"play_id":"2a8706a0-ee89-43db-863c-3eb7999b9fe0","local_time":"20190210163743","is_ascension_mode":true,"campfire_choices":[{"data":"Genetic Algorithm","floor":6,"key":"SMITH"},{"floor":11,"key":"DIG"},{"floor":15,"key":"DIG"}],"neow_cost":"NONE","seed_source_timestamp":232488427180030,"circlet_count":0,"master_deck":["Strike_B","Strike_B","Defend_B","Defend_B","Defend_B","Defend_B","Zap","Dualcast","Genetic Algorithm+1","Loop","Darkness","Go for the Eyes","Cold Snap","Glacier","Fusion","Multi-Cast"],"relics":["Cracked Core","Pear","Shovel","Torii","WingedGreaves","Tiny Chest","Unceasing Top"],"potions_floor_usage":[7,14,14,16],"damage_taken":[{"damage":5,"enemies":"Small Slimes","floor":1,"turns":3},{"damage":5,"enemies":"Cultist","floor":2,"turns":4},{"damage":2,"enemies":"2 Louse","floor":4,"turns":3},{"damage":17,"enemies":"Large Slime","floor":5,"turns":7},{"damage":43,"enemies":"Gremlin Nob","floor":7,"turns":5},{"damage":8,"enemies":"2 Fungi Beasts","floor":8,"turns":4},{"damage":0,"enemies":"Lagavulin","floor":10,"turns":8},{"damage":0,"enemies":"Looter","floor":12,"turns":4},{"damage":0,"enemies":"3 Sentries","floor":14,"turns":7},{"damage":2,"enemies":"The Guardian","floor":16,"turns":13}],"seed_played":"-4179052406420567247","potions_obtained":[{"floor":1,"key":"Fire Potion"},{"floor":7,"key":"GamblersBrew"},{"floor":8,"key":"SkillPotion"},{"floor":14,"key":"Explosive Potion"}],"is_trial":false,"path_per_floor":["?","M","?"],"character_chosen":"DEFECT","items_purchased":[],"campfire_rested":0,"item_purchase_floors":[],"current_hp_per_floor":[70,65,65,63,46,46,13,5,5,5,5,5,2,2,2,0],"gold":309,"neow_bonus":"REMOVE_CARD","is_prod":false,"is_daily":false,"chose_seed":false,"campfire_upgraded":1,"win_rate":0,"timestamp":1549813063,"path_taken":["M","M","?","?","M","R","E","M","T","E","R","M","?","E","R","BOSS"],"build_version":"2019-01-23","purchased_purges":0,"victory":false,"max_hp_per_floor":[75,75,75,75,75,75,85,85,85,85,85,85,85,85,85,85],"card_choices":[{"not_picked":["Beam Cell","Cold Snap"],"picked":"Genetic Algorithm","floor":1},{"not_picked":["Go for the Eyes","BootSequence"],"picked":"Loop","floor":2},{"not_picked":["Barrage","Streamline"],"picked":"Darkness","floor":4},{"not_picked":["Streamline","Storm"],"picked":"Go for the Eyes","floor":5},{"not_picked":["Hello World","Sweeping Beam"],"picked":"Cold Snap","floor":7},{"not_picked":["Cold Snap","Conserve Battery"],"picked":"Glacier","floor":8},{"not_picked":["Reprogram","Gash","Beam Cell"],"picked":"SKIP","floor":10},{"not_picked":["Rebound","Redo"],"picked":"Fusion","floor":12},{"not_picked":["Undo","Ball Lightning"],"picked":"Multi-Cast","floor":14}],"player_experience":69372,"relics_obtained":[{"floor":7,"key":"Pear"},{"floor":9,"key":"Shovel"},{"floor":10,"key":"Torii"},{"floor":11,"key":"WingedGreaves"},{"floor":14,"key":"Tiny Chest"},{"floor":15,"key":"Unceasing Top"}],"event_choices":[{"cards_removed":["Strike_B"],"damage_healed":0,"gold_gain":0,"player_choice":"Purged","damage_taken":0,"max_hp_gain":0,"max_hp_loss":0,"event_name":"Purifier","floor":3,"gold_loss":0},{"damage_healed":0,"gold_gain":0,"player_choice":"Fled","damage_taken":3,"max_hp_gain":0,"max_hp_loss":0,"event_name":"Scrap Ooze","floor":13,"gold_loss":0}],"is_beta":false,"boss_relics":[],"items_purged_floors":[],"is_endless":false,"potions_floor_spawned":[1,7,8,14],"killed_by":"The Guardian","ascension_level":1}