{"gold_per_floor":[369,384,384,59,59,59,59,74,120,120],"floor_reached":10,"playtime":484,"items_purged":["Strike_B"],"score":76,"play_id":"9099c3f9-8a39-440c-b48d-c72e7a9f6265","local_time":"20181203220135","is_ascension_mode":true,"campfire_choices":[{"data":"Zap","floor":6,"key":"SMITH"}],"neow_cost":"TEN_PERCENT_HP_LOSS","seed_source_timestamp":896613511614791,"circlet_count":0,"master_deck":["Strike_B+1","Strike_B+1","Defend_B","Defend_B","Defend_B","Defend_B+1","Zap+1","Dualcast","Loop","Conserve Battery+1","Echo Form","Recycle","Self Repair","Leap","Steam"],"relics":["Cracked Core","Whetstone","Juzu Bracelet"],"potions_floor_usage":[10,10],"damage_taken":[{"damage":3,"enemies":"2 Louse","floor":1,"turns":3},{"damage":1,"enemies":"Cultist","floor":2,"turns":4},{"damage":12,"enemies":"Jaw Worm","floor":8,"turns":5},{"damage":45,"enemies":"Gremlin Nob","floor":10,"turns":4}],"seed_played":"1598349026302877380","potions_obtained":[{"floor":2,"key":"FocusPotion"},{"floor":8,"key":"AttackPotion"}],"is_trial":false,"path_per_floor":["M","M","?","$","?","R","?","M","T","E"],"character_chosen":"DEFECT","items_purchased":["Self Repair","Whetstone","Leap"],"campfire_rested":0,"item_purchase_floors":[4,4,4],"current_hp_per_floor":[65,64,64,64,57,57,43,45,45,0],"gold":120,"neow_bonus":"TWO_FIFTY_GOLD","is_prod":false,"is_daily":false,"chose_seed":false,"campfire_upgraded":1,"win_rate":0,"timestamp":1543892495,"path_taken":["M","M","?","?","?","R","?","?","T","E"],"build_version":"2018-11-15","purchased_purges":1,"victory":false,"max_hp_per_floor":[68,68,68,68,68,68,68,68,68,68],"card_choices":[{"not_picked":["Gash","Compile Driver"],"picked":"Loop","floor":1},{"not_picked":["Steam Power","Beam Cell"],"picked":"Conserve Battery","floor":2},{"not_picked":["Streamline","Aggregate"],"picked":"Steam","floor":8}],"player_experience":348180,"relics_obtained":[{"floor":9,"key":"Juzu Bracelet"}],"event_choices":[{"damage_healed":0,"gold_gain":0,"player_choice":"2 cards matched","damage_taken":0,"max_hp_gain":0,"max_hp_loss":0,"event_name":"Match and Keep!","floor":3,"gold_loss":0,"cards_obtained":["Echo Form","Recycle"]},{"cards_removed":["Strike_B"],"damage_healed":0,"gold_gain":0,"player_choice":"Card Removal","damage_taken":7,"max_hp_gain":0,"max_hp_loss":0,"event_name":"Golden Wing","floor":5,"gold_loss":0},{"damage_healed":0,"gold_gain":0,"player_choice":"Entered Light","damage_taken":14,"max_hp_gain":0,"max_hp_loss":0,"event_name":"Shining Light","floor":7,"gold_loss":0,"cards_upgraded":["Defend_B","Conserve Battery"]}],"is_beta":false,"boss_relics":[],"items_purged_floors":[4],"is_endless":false,"potions_floor_spawned":[2,8],"killed_by":"Gremlin Nob","ascension_level":7}