{"gold_per_floor":[215,230,230,244,244,244,244,278,304,320,20,20,35,52,52,150,150,160,177,193,203,221,221,221],"floor_reached":24,"playtime":820,"items_purged":["Strike_R"],"score":253,"play_id":"dd095ee2-6f81-4088-abdb-fd1b8ad84b07","local_time":"20190102215440","is_ascension_mode":true,"campfire_choices":[{"data":"Armaments","floor":6,"key":"SMITH"},{"floor":12,"key":"REST"},{"floor":15,"key":"RECALL"},{"floor":23,"key":"REST"}],"neow_cost":"NONE","seed_source_timestamp":71244316277300,"circlet_count":0,"master_deck":["Strike_R","Strike_R","Strike_R","Strike_R","Defend_R","Defend_R","Defend_R","Defend_R","Bash","Thunderclap","Armaments+1","Bash","Carnage","Body Slam","Double Tap","Spot Weakness","Bludgeon","Barricade","Cleave","Seeing Red","Clothesline"],"relics":["Burning Blood","Shuriken","Bag of Preparation","Red Skull","Oddly Smooth Stone","Bag of Marbles","Lizard Tail"],"potions_floor_usage":[16,16,19,21],"damage_taken":[{"damage":4,"enemies":"Jaw Worm","floor":1,"turns":4},{"damage":1,"enemies":"Cultist","floor":2,"turns":4},{"damage":14,"enemies":"2 Louse","floor":4,"turns":3},{"damage":57,"enemies":"Gremlin Nob","floor":8,"turns":5},{"damage":3,"enemies":"Exordium Wildlife","floor":10,"turns":3},{"damage":0,"enemies":"Blue Slaver","floor":13,"turns":1},{"damage":4,"enemies":"2 Fungi Beasts","floor":14,"turns":4},{"damage":30,"enemies":"Hexaghost","floor":16,"turns":8},{"damage":36,"enemies":"2 Thieves","floor":18,"turns":4},{"damage":9,"enemies":"Chosen","floor":19,"turns":5},{"damage":9,"enemies":"Snake Plant","floor":20,"turns":3},{"damage":51,"enemies":"Sentry and Sphere","floor":21,"turns":6},{"damage":12,"enemies":"Cultist and Chosen","floor":22,"turns":4},{"damage":54,"enemies":"Gremlin Leader","floor":24,"turns":5}],"seed_played":"7438698812860763982","potions_obtained":[{"floor":13,"key":"AttackPotion"},{"floor":14,"key":"BloodPotion"},{"floor":16,"key":"GamblersBrew"},{"floor":18,"key":"Block Potion"}],"is_trial":false,"path_per_floor":["M","M","?","M","T","R","?","E","T","M","$","R","M","M","R","B",null,"M","M","M","M","M","R","E"],"character_chosen":"IRONCLAD","items_purchased":["Bag of Marbles","Double Tap"],"campfire_rested":2,"item_purchase_floors":[11,11],"current_hp_per_floor":[80,80,80,72,72,72,60,9,9,12,12,36,42,44,44,28,67,37,34,31,28,22,46,0],"gold":221,"neow_bonus":"HUNDRED_GOLD","is_prod":false,"is_daily":false,"chose_seed":false,"campfire_upgraded":1,"win_rate":0,"timestamp":1546462480,"path_taken":["M","M","?","?","?","R","?","E","T","M","$","R","M","M","R","BOSS","M","M","M","M","M","R","E"],"build_version":"2018-12-20","purchased_purges":1,"victory":false,"max_hp_per_floor":[80,80,80,80,80,80,80,80,80,80,80,80,80,80,80,80,80,80,80,80,80,80,80,80],"card_choices":[{"not_picked":["Pommel Strike","Flex"],"picked":"Thunderclap","floor":1},{"not_picked":["Battle Trance","Rampage"],"picked":"Armaments","floor":2},{"not_picked":["Feel No Pain","Burning Pact","Clothesline"],"picked":"SKIP","floor":4},{"not_picked":["Clothesline","Burning Pact"],"picked":"Carnage","floor":8},{"not_picked":["Pommel Strike","Iron Wave"],"picked":"Body Slam","floor":10},{"not_picked":["Shockwave","Body Slam"],"picked":"Spot Weakness","floor":13},{"not_picked":["Armaments","Shrug It Off"],"picked":"Bludgeon","floor":14},{"not_picked":["Berserk","Fiend Fire"],"picked":"Barricade","floor":16},{"not_picked":["Burning Pact","Wild Strike","Perfected Strike"],"picked":"SKIP","floor":18},{"not_picked":["Twin Strike","Uppercut"],"picked":"Cleave","floor":19},{"not_picked":["Rupture","Warcry","Combust"],"picked":"SKIP","floor":20},{"not_picked":["Sentinel","Sword Boomerang+1"],"picked":"Seeing Red","floor":21},{"not_picked":["Pommel Strike","Pummel+1"],"picked":"Clothesline","floor":22}],"player_experience":832595,"relics_obtained":[{"floor":5,"key":"Shuriken"},{"floor":8,"key":"Red Skull"},{"floor":9,"key":"Oddly Smooth Stone"}],"event_choices":[{"damage_healed":0,"gold_gain":0,"player_choice":"1 cards matched","damage_taken":0,"max_hp_gain":0,"max_hp_loss":0,"event_name":"Match and Keep!","floor":3,"gold_loss":0,"cards_obtained":["Bash"]},{"damage_healed":0,"gold_gain":0,"player_choice":"Success","damage_taken":12,"relics_obtained":["Bag of Preparation"],"max_hp_gain":0,"max_hp_loss":0,"event_name":"Scrap Ooze","floor":7,"gold_loss":0}],"is_beta":false,"boss_relics":[{"not_picked":["Coffee Dripper","Empty Cage"],"picked":"Lizard Tail"}],"items_purged_floors":[11],"is_endless":false,"potions_floor_spawned":[13,14,16,18],"killed_by":"Gremlin Leader","ascension_level":5}