{"gold_per_floor":[20,20,20,20,20,20,34,61,85,85,98,98,114,132,132,232,232,248,262,55,67,42,42,70,70,100,100,113,113,37,62,62,161,161,179,229,247,147,166,166,201,201,201,201,233,33,33,66,66,66],"floor_reached":51,"playtime":2533,"items_purged":["Pain","Injury"],"score":1044,"play_id":"5cc216e4-6bb6-468f-927b-c8646c54d9eb","local_time":"20181208123043","is_ascension_mode":true,"campfire_choices":[{"data":"Zap","floor":6.0,"key":"SMITH"},{"floor":10.0,"key":"REST"},{"data":"Hologram","floor":12.0,"key":"SMITH"},{"data":"Hologram","floor":15.0,"key":"SMITH"},{"floor":23,"key":"REST"},{"data":"Defragment","floor":25,"key":"SMITH"},{"floor":29,"key":"REST"},{"floor":32,"key":"REST"},{"floor":40,"key":"REST"},{"floor":42,"key":"REST"},{"floor":47,"key":"REST"},{"floor":49,"key":"REST"}],"neow_cost":"NO_GOLD","seed_source_timestamp":0,"circlet_count":0,"master_deck":["Strike_B","Strike_B","Defend_B","Defend_B","Defend_B","Zap+1","Dualcast","Go for the Eyes","Beam Cell+1","Melter+1","Hologram+1","Hologram+1","Go for the Eyes+1","Reboot","Go for the Eyes+1","Gash+1","Defragment+1","Gash+1","Beam Cell+1","Loop","Streamline+1","Hologram","Streamline+1","Scrape+1","Creative AI","Cold Snap+1","Loop+1","Hologram","Sunder+1","Jack Of All Trades+1","Swift Strike+1","Good Instincts+1","Undo+1","Gash+1","Compile Driver+1"],"special_seed":0,"relics":["FrozenCore","Molten Egg 2","WarpedTongs","Orichalcum","Omamori","Vajra","Tiny Chest","Bronze Scales","Calling Bell","Happy Flower","Kunai","Torii","Bird Faced Urn","Bottled Flame","Toxic Egg 2","Potion Belt","Bag of Preparation","Calipers"],"potions_floor_usage":[24,36,50,50,50,50,50],"damage_taken":[{"damage":1.0,"enemies":"2 Louse","floor":1.0,"turns":3.0},{"damage":7.0,"enemies":"Jaw Worm","floor":7.0,"turns":3.0},{"damage":15.0,"enemies":"Lagavulin","floor":8.0,"turns":7.0},{"damage":5.0,"enemies":"Small Slimes","floor":11.0,"turns":2.0},{"damage":5.0,"enemies":"3 Louse","floor":13.0,"turns":3.0},{"damage":12.0,"enemies":"Gremlin Gang","floor":14.0,"turns":3.0},{"damage":15.0,"enemies":"The Guardian","floor":16.0,"turns":12.0},{"damage":18,"enemies":"3 Byrds","floor":18,"turns":6},{"damage":10,"enemies":"Shell Parasite","floor":19,"turns":3},{"damage":1,"enemies":"Chosen and Byrds","floor":21,"turns":5},{"damage":13,"enemies":"Book of Stabbing","floor":24,"turns":4},{"damage":13,"enemies":"Colosseum Slavers","floor":27,"turns":5},{"damage":6,"enemies":"Snecko","floor":28,"turns":6},{"damage":15,"enemies":"Collector","floor":33,"turns":9},{"damage":7,"enemies":"3 Shapes","floor":35,"turns":6},{"damage":2,"enemies":"2 Orb Walkers","floor":36,"turns":5},{"damage":9,"enemies":"3 Darklings","floor":37,"turns":6},{"damage":24,"enemies":"Sphere and 2 Shapes","floor":39,"turns":5},{"damage":29,"enemies":"Giant Head","floor":41,"turns":8},{"damage":36,"enemies":"Nemesis","floor":45,"turns":8},{"damage":45,"enemies":"Reptomancer","floor":48,"turns":4},{"damage":24,"enemies":"Awakened One","floor":50,"turns":9}],"seed_played":"8917185014924260914","potions_obtained":[{"floor":1.0,"key":"FocusPotion"},{"floor":8.0,"key":"Energy Potion"},{"floor":19,"key":"GamblersBrew"},{"floor":21,"key":"Poison Potion"},{"floor":28,"key":"Ancient Potion"},{"floor":36,"key":"FearPotion"},{"floor":41,"key":"FocusPotion"},{"floor":45,"key":"LiquidBronze"},{"floor":48,"key":"SteroidPotion"}],"is_trial":false,"path_per_floor":["M","?","T","?","?","R","M","E","T","R","M","R","M","M","R","B",null,"M","M","$","M","$","R","E","R","T","?","M","R","$","T","R","B",null,"M","?","M","$","M","R","E","R","T","?","E","$","R","E","R","B",null],"character_chosen":"DEFECT","items_purchased":["Defragment","Gash+1","Beam Cell+1","Streamline+1","Scrape+1","Gash+1","Bag of Preparation"],"campfire_rested":8,"item_purchase_floors":[20,20,20,22,30,46,46],"current_hp_per_floor":[67,67,67,67,67,67,60,45,45,67,62,62,57,45,45,30,64,46,36,36,35,35,57,44,44,44,31,25,47,47,47,69,54,70,63,61,56,56,38,60,41,63,63,53,37,37,59,22,44,30],"gold":66,"neow_bonus":"REMOVE_TWO","is_prod":false,"is_daily":false,"chose_seed":false,"campfire_upgraded":4,"win_rate":0,"timestamp":1544290243,"path_taken":["M","?","?","?","?","R","M","E","T","R","M","R","?","M","R","BOSS","M","M","$","M","?","R","E","R","T","?","M","R","?","?","R","BOSS","M","?","M","$","M","R","E","R","T","?","E","$","R","E","R","BOSS"],"build_version":"2018-12-06","purchased_purges":2,"victory":true,"max_hp_per_floor":[75,75,75,75,75,75,75,75,75,75,75,75,75,75,75,75,75,75,75,75,75,75,75,75,75,75,75,75,75,75,75,75,75,75,75,75,75,75,75,75,75,75,75,75,75,75,75,75,75,75],"card_choices":[{"not_picked":["Chaos","Stack"],"picked":"Go for the Eyes","floor":1.0},{"not_picked":["Leap","White Noise"],"picked":"Beam Cell+1","floor":7.0},{"not_picked":["Heatsinks","Reprogram"],"picked":"Melter+1","floor":8.0},{"not_picked":["BootSequence","Blizzard+1"],"picked":"Hologram","floor":11.0},{"not_picked":["Barrage+1","Leap"],"picked":"Hologram","floor":13.0},{"not_picked":["Leap","Redo"],"picked":"Go for the Eyes+1","floor":14.0},{"not_picked":["Electrodynamics","Amplify"],"picked":"Reboot","floor":16.0},{"not_picked":["Hologram","BootSequence"],"picked":"Go for the Eyes+1","floor":18},{"not_picked":["Fusion","Ball Lightning+1"],"picked":"Gash+1","floor":19},{"not_picked":["Darkness","Heatsinks"],"picked":"Loop","floor":21},{"not_picked":["Turbo+1","Darkness"],"picked":"Hologram","floor":24},{"not_picked":["Leap","Go for the Eyes+1"],"picked":"Streamline+1","floor":28},{"not_picked":["Amplify","Multi-Cast"],"picked":"Creative AI","floor":33},{"not_picked":["Heatsinks","Leap"],"picked":"Cold Snap+1","floor":35},{"not_picked":["Compile Driver+1","Double Energy"],"picked":"Loop+1","floor":36},{"not_picked":["Turbo+1","Conserve Battery","Cold Snap+1"],"picked":"SKIP","floor":37},{"not_picked":["Chill","Conserve Battery+1"],"picked":"Hologram","floor":39},{"not_picked":["Beam Cell+1","Redo"],"picked":"Sunder+1","floor":41},{"not_picked":["Secret Technique+1","Enlightenment+1"],"picked":"Jack Of All Trades+1","floor":44},{"not_picked":["PanicButton+1","Discovery+1"],"picked":"Swift Strike+1","floor":44},{"not_picked":["Panacea+1","Transmutation+1"],"picked":"Good Instincts+1","floor":44},{"not_picked":["Aggregate+1","Redo+1"],"picked":"Undo+1","floor":45},{"not_picked":["Barrage+1","Fusion+1"],"picked":"Compile Driver+1","floor":48}],"player_experience":368956,"relics_obtained":[{"floor":3.0,"key":"Molten Egg 2"},{"floor":8.0,"key":"Orichalcum"},{"floor":9.0,"key":"Omamori"},{"floor":24,"key":"Vajra"},{"floor":26,"key":"Tiny Chest"},{"floor":31,"key":"Bronze Scales"},{"floor":34,"key":"Happy Flower"},{"floor":34,"key":"Kunai"},{"floor":34,"key":"Torii"},{"floor":36,"key":"Bird Faced Urn"},{"floor":41,"key":"Bottled Flame"},{"floor":43,"key":"Toxic Egg 2"},{"floor":45,"key":"Potion Belt"},{"floor":48,"key":"Calipers"}],"event_choices":[{"cards_removed":["Strike_B"],"damage_healed":0.0,"max_hp_gain":0.0,"max_hp_loss":0.0,"gold_gain":0.0,"event_name":"Living Wall","player_choice":"Forget","floor":2.0,"gold_loss":0.0,"damage_taken":0.0},{"damage_healed":0.0,"max_hp_gain":0.0,"max_hp_loss":0.0,"gold_gain":0.0,"event_name":"The Cleric","player_choice":"Leave","floor":4.0,"gold_loss":0.0,"damage_taken":0.0},{"damage_healed":0.0,"max_hp_gain":0.0,"max_hp_loss":0.0,"gold_gain":0.0,"event_name":"Accursed Blacksmith","player_choice":"Rummage","floor":5.0,"gold_loss":0.0,"damage_taken":0.0,"relics_obtained":["WarpedTongs"],"cards_obtained":["Pain"]},{"damage_healed":0,"gold_gain":0,"player_choice":"Fight","damage_taken":0,"max_hp_gain":0,"max_hp_loss":0,"event_name":"Colosseum","floor":27,"gold_loss":0},{"damage_healed":0,"gold_gain":0,"player_choice":"Fled From Nobs","damage_taken":0,"max_hp_gain":0,"max_hp_loss":0,"event_name":"Colosseum","floor":27,"gold_loss":0},{"damage_healed":0,"gold_gain":0,"player_choice":"Fight","damage_taken":0,"max_hp_gain":0,"max_hp_loss":0,"event_name":"Mysterious Sphere","floor":36,"gold_loss":0},{"damage_healed":0,"gold_gain":0,"player_choice":"Memory 3","damage_taken":10,"max_hp_gain":0,"max_hp_loss":0,"event_name":"SensoryStone","floor":44,"gold_loss":0}],"is_beta":false,"boss_relics":[{"not_picked":["Nuclear Battery","Ectoplasm"],"picked":"FrozenCore"},{"not_picked":["Velvet Choker","Black Star"],"picked":"Calling Bell"}],"items_purged_floors":[20,38],"is_endless":false,"potions_floor_spawned":[1,8,19,21,28,36,41,45,48],"ascension_level":7}