{"gold_per_floor":[118,135,154,170,120,153,169,169,169,169,119,149,159,179,179,282,332,350,6,6,6,21,47,47,60,60,71,106,122,155,155],"floor_reached":31,"playtime":2360,"items_purged":[],"score":365,"play_id":"4b14da61-6433-4cc2-9b4e-5466280b1cc6","local_time":"20181101075644","is_ascension_mode":true,"campfire_choices":[{"data":"Flame Barrier","floor":8,"key":"SMITH"},{"floor":10,"key":"REST"},{"floor":15,"key":"REST"},{"floor":24,"key":"REST"}],"neow_cost":"NONE","seed_source_timestamp":520896688625,"circlet_count":0,"master_deck":["Strike_R","Strike_R","Strike_R","Strike_R","Strike_R","Defend_R","Defend_R","Defend_R","Defend_R","Shrug It Off","Infernal Blade","Flame Barrier+1","Cleave","True Grit+1","Infernal Blade+1","Shrug It Off+1","Iron Wave+1","Metallicize","Barricade","Shrug It Off+1","Armaments+1","Exhume+1","Armaments+1","Shrug It Off+1","Feel No Pain+1","Flex+1","Iron Wave","Shockwave+1","True Grit+1"],"relics":["Burning Blood","Toxic Egg 2","Shuriken","Red Skull","Tiny House","Centennial Puzzle","Charon\u0027s Ashes","Self Forming Clay","Blood Vial","Art of War"],"potions_floor_usage":[6,12,14,16,16,18,23,27,28,31],"damage_taken":[{"damage":6,"enemies":"Cultist","floor":1,"turns":3},{"damage":1,"enemies":"Small Slimes","floor":2,"turns":4},{"damage":7,"enemies":"Jaw Worm","floor":3,"turns":4},{"damage":3,"enemies":"Looter","floor":4,"turns":4},{"damage":29,"enemies":"Lagavulin","floor":6,"turns":9},{"damage":34,"enemies":"Large Slime","floor":7,"turns":10},{"damage":18,"enemies":"Gremlin Nob","floor":12,"turns":4},{"damage":4,"enemies":"Lots of Slimes","floor":13,"turns":3},{"damage":10,"enemies":"Exordium Thugs","floor":14,"turns":6},{"damage":43,"enemies":"Hexaghost","floor":16,"turns":9},{"damage":6,"enemies":"3 Byrds","floor":18,"turns":4},{"damage":0,"enemies":"Chosen","floor":22,"turns":4},{"damage":89,"enemies":"Slavers","floor":23,"turns":9},{"damage":24,"enemies":"Snake Plant","floor":25,"turns":5},{"damage":0,"enemies":"3 Cultists","floor":27,"turns":5},{"damage":3,"enemies":"Book of Stabbing","floor":28,"turns":6},{"damage":9,"enemies":"Centurion and Healer","floor":29,"turns":7},{"damage":21,"enemies":"Slavers","floor":30,"turns":6},{"damage":16,"enemies":"Shelled Parasite and Fungi","floor":31,"turns":3}],"seed_played":"-8517034777457444926","potions_obtained":[{"floor":2,"key":"Strength Potion"},{"floor":6,"key":"SneckoOil"},{"floor":7,"key":"FearPotion"},{"floor":12,"key":"Block Potion"},{"floor":14,"key":"FearPotion"},{"floor":17,"key":"PowerPotion"},{"floor":18,"key":"FearPotion"},{"floor":25,"key":"AttackPotion"},{"floor":27,"key":"EssenceOfSteel"},{"floor":30,"key":"AttackPotion"}],"is_trial":false,"path_per_floor":["M","M","M","M","?","E","M","R","T","R","$","E","M","M","R","B",null,"M","$","?","$","M","E","R","M","T","M","E","M","E"],"character_chosen":"IRONCLAD","items_purchased":["Shrug It Off+1","Exhume+1","Centennial Puzzle","Armaments+1"],"campfire_rested":3,"item_purchase_floors":[11,19,19,19],"current_hp_per_floor":[88,88,87,88,88,65,37,37,37,63,63,51,53,49,75,38,93,93,93,93,93,93,10,37,19,19,25,28,27,14,0],"gold":155,"neow_bonus":"TEN_PERCENT_HP_BONUS","is_prod":false,"is_daily":false,"chose_seed":false,"campfire_upgraded":1,"win_rate":0,"timestamp":1541030204,"path_taken":["M","M","M","M","?","E","M","R","T","R","$","E","M","M","R","BOSS","M","$","?","$","M","E","R","M","T","M","E","M","E","?"],"build_version":"2018-10-25v2","purchased_purges":0,"victory":false,"max_hp_per_floor":[88,88,88,88,88,88,88,88,88,88,88,88,88,88,88,88,93,93,93,93,93,93,93,93,93,93,93,93,93,93,93],"card_choices":[{"not_picked":["Iron Wave","Perfected Strike"],"picked":"Shrug It Off","floor":1},{"not_picked":["Twin Strike","Wild Strike"],"picked":"Infernal Blade","floor":2},{"not_picked":["Spot Weakness","Corruption"],"picked":"Flame Barrier","floor":3},{"not_picked":["Havoc","Perfected Strike"],"picked":"Cleave","floor":4},{"not_picked":["Heavy Blade","Uppercut"],"picked":"True Grit","floor":6},{"not_picked":["Anger","Havoc+1"],"picked":"Infernal Blade+1","floor":7},{"not_picked":["Brutality","Corruption"],"picked":"Iron Wave","floor":12},{"not_picked":["Iron Wave","Warcry+1"],"picked":"Metallicize","floor":13},{"not_picked":["True Grit+1","Clash","Heavy Blade"],"picked":"SKIP","floor":14},{"not_picked":["Exhume+1","Feed"],"picked":"Barricade","floor":16},{"not_picked":["Iron Wave","Clothesline"],"picked":"Shrug It Off+1","floor":17},{"not_picked":["Disarm+1","Wild Strike"],"picked":"Armaments+1","floor":18},{"not_picked":["Twin Strike","Headbutt","Perfected Strike+1"],"picked":"SKIP","floor":22},{"not_picked":["True Grit+1","Pommel Strike"],"picked":"Shrug It Off+1","floor":23},{"not_picked":["Headbutt","Battle Trance+1"],"picked":"Feel No Pain+1","floor":25},{"not_picked":["Anger","Bludgeon"],"picked":"Flex+1","floor":27},{"not_picked":["Dual Wield+1","Reckless Charge+1"],"picked":"Iron Wave","floor":28},{"not_picked":["Shrug It Off+1","Rage+1"],"picked":"Shockwave+1","floor":29},{"not_picked":["Clothesline+1","Headbutt"],"picked":"True Grit+1","floor":30}],"player_experience":176578,"relics_obtained":[{"floor":6,"key":"Toxic Egg 2"},{"floor":9,"key":"Shuriken"},{"floor":12,"key":"Red Skull"},{"floor":23,"key":"Charon\u0027s Ashes"},{"floor":26,"key":"Self Forming Clay"},{"floor":28,"key":"Blood Vial"},{"floor":30,"key":"Art of War"}],"event_choices":[{"cards_removed":["Bash"],"damage_healed":0,"gold_gain":0,"player_choice":"Card Removal","damage_taken":0,"max_hp_gain":0,"max_hp_loss":0,"event_name":"The Cleric","floor":5,"gold_loss":50},{"damage_healed":0,"gold_gain":0,"player_choice":"Ignored","damage_taken":0,"max_hp_gain":0,"max_hp_loss":0,"event_name":"Beggar","floor":20,"gold_loss":0}],"is_beta":false,"boss_relics":[{"not_picked":["Busted Crown","Black Blood"],"picked":"Tiny House"}],"items_purged_floors":[],"is_endless":false,"potions_floor_spawned":[2,6,7,12,14,18,25,27,30],"killed_by":"Shelled Parasite and Fungi","ascension_level":2}