{"gold_per_floor":[113,63,25,37,56,56,56,56,80,111,129,129,161,86,86,187,187,207,207],"floor_reached":19,"playtime":562,"items_purged":["Defend_B"],"score":210,"play_id":"6a8a33e3-c107-4b5b-966d-8d28ecc2d5f5","local_time":"20181023064143","is_ascension_mode":true,"campfire_choices":[{"data":"Buffer","floor":6,"key":"SMITH"},{"data":"Zap","floor":8,"key":"SMITH"},{"data":"Dualcast","floor":15,"key":"SMITH"}],"neow_cost":"NONE","seed_source_timestamp":46776345894373,"circlet_count":0,"master_deck":["Strike_B","Strike_B","Strike_B","Defend_B","Defend_B","Zap+1","Dualcast+1","Buffer+1","FTL","Self Repair","Ball Lightning","Leap","Beam Cell","Thunder Strike","Ball Lightning","Fusion"],"relics":["Cracked Core","Bag of Marbles","Kunai","Emotion Chip","Darkstone Periapt","Orrery"],"potions_floor_usage":[4,16],"damage_taken":[{"damage":8,"enemies":"Small Slimes","floor":1,"turns":2},{"damage":0,"enemies":"2 Louse","floor":4,"turns":2},{"damage":11,"enemies":"Jaw Worm","floor":5,"turns":2},{"damage":0,"enemies":"Lagavulin","floor":10,"turns":6},{"damage":0,"enemies":"Exordium Thugs","floor":11,"turns":4},{"damage":7,"enemies":"3 Sentries","floor":13,"turns":6},{"damage":5,"enemies":"Slime Boss","floor":16,"turns":9},{"damage":14,"enemies":"Shell Parasite","floor":18,"turns":3},{"damage":0,"enemies":"Chosen","floor":19,"turns":1}],"seed_played":"-7634688737891910392","potions_obtained":[{"floor":1,"key":"FearPotion"},{"floor":4,"key":"Explosive Potion"},{"floor":11,"key":"SkillPotion"},{"floor":13,"key":"SteroidPotion"}],"is_trial":false,"path_per_floor":["M","?","$","M","M","R","?","R","T","E","M","?","E","$","R","B",null,"M"],"character_chosen":"DEFECT","items_purchased":["Self Repair"],"campfire_rested":0,"item_purchase_floors":[3],"current_hp_per_floor":[67,67,67,74,70,70,63,63,63,70,75,57,50,50,50,52,75,68,68],"gold":207,"neow_bonus":"ONE_RANDOM_RARE_CARD","is_prod":false,"is_daily":false,"chose_seed":false,"campfire_upgraded":3,"win_rate":0,"timestamp":1540291303,"path_taken":["M","?","$","M","M","R","?","R","T","E","M","?","E","$","R","BOSS","M","M"],"build_version":"2018-10-22","purchased_purges":1,"victory":false,"max_hp_per_floor":[75,75,75,75,75,75,75,75,75,75,75,75,75,75,75,75,75,75,75],"card_choices":[{"not_picked":["Darkness","Reprogram"],"picked":"FTL","floor":1},{"not_picked":["Double Energy","Stack"],"picked":"Ball Lightning","floor":4},{"not_picked":["Scrape","Loop","Cold Snap"],"picked":"SKIP","floor":5},{"not_picked":["Reboot","Steam"],"picked":"Leap","floor":10},{"not_picked":["Stack","Go for the Eyes"],"picked":"Beam Cell","floor":11},{"not_picked":["Barrage","Steam","Stack"],"picked":"SKIP","floor":13},{"not_picked":["Hyperbeam","Buffer"],"picked":"Thunder Strike","floor":16},{"not_picked":["Blizzard","Gash"],"picked":"Ball Lightning","floor":17},{"not_picked":["Hologram","Redo"],"picked":"Fusion","floor":17},{"not_picked":["Sweeping Beam","Defragment","FTL"],"picked":"SKIP","floor":18}],"player_experience":521322,"relics_obtained":[{"floor":9,"key":"Bag of Marbles"},{"floor":10,"key":"Kunai"},{"floor":13,"key":"Darkstone Periapt"}],"event_choices":[{"cards_removed":["Defend_B"],"damage_healed":0,"gold_gain":0,"player_choice":"Card Removal","damage_taken":0,"max_hp_gain":0,"max_hp_loss":0,"event_name":"The Cleric","floor":2,"gold_loss":50},{"cards_removed":["Strike_B"],"damage_healed":0,"gold_gain":0,"player_choice":"Card Removal","damage_taken":7,"max_hp_gain":0,"max_hp_loss":0,"event_name":"Golden Wing","floor":7,"gold_loss":0},{"damage_healed":0,"gold_gain":0,"player_choice":"Success","damage_taken":18,"relics_obtained":["Emotion Chip"],"max_hp_gain":0,"max_hp_loss":0,"event_name":"Scrap Ooze","floor":12,"gold_loss":0}],"is_beta":true,"boss_relics":[{"not_picked":["Calling Bell","FrozenCore"],"picked":"Orrery"}],"items_purged_floors":[14],"is_endless":false,"potions_floor_spawned":[1,4,11,13],"killed_by":"Chosen","ascension_level":1}