{"gold_per_floor":[115,40,40,53,71,71,85,96,96,96,111,88,88,105,105,105],"floor_reached":16,"playtime":304,"items_purged":["Defend_R"],"score":94,"play_id":"bfc98830-5106-4868-9f8a-4b14ed08136f","local_time":"20180919125959","is_ascension_mode":false,"campfire_choices":[{"data":"Bash","floor":6,"key":"SMITH"},{"floor":15,"key":"REST"}],"neow_cost":"NONE","seed_source_timestamp":690721101442201,"circlet_count":0,"master_deck":["Strike_R","Strike_R","Strike_R","Strike_R","Strike_R","Defend_R","Defend_R","Defend_R","Bash+1","Clash","Flex","Thunderclap"],"relics":["Burning Blood","NeowsBlessing","Gremlin Horn","Turnip"],"potions_floor_usage":[16],"damage_taken":[{"damage":0,"enemies":"Jaw Worm","floor":1,"turns":1},{"damage":0,"enemies":"Small Slimes","floor":4,"turns":1},{"damage":0,"enemies":"Cultist","floor":5,"turns":1},{"damage":9,"enemies":"3 Louse","floor":7,"turns":3},{"damage":4,"enemies":"2 Fungi Beasts","floor":8,"turns":4},{"damage":21,"enemies":"Large Slime","floor":11,"turns":4},{"damage":24,"enemies":"Blue Slaver","floor":14,"turns":3},{"damage":76,"enemies":"Hexaghost","floor":16,"turns":9}],"seed_played":"-6577501477721320706","potions_obtained":[{"floor":4,"key":"SmokeBomb"},{"floor":5,"key":"Poison Potion"},{"floor":11,"key":"GamblersBrew"}],"is_trial":false,"path_per_floor":["M","$","?","M","M","R","M","M","T","?","M","$","T","M","R"],"character_chosen":"IRONCLAD","items_purchased":["Flex"],"campfire_rested":1,"item_purchase_floors":[12],"current_hp_per_floor":[80,80,80,80,80,80,77,79,79,84,69,69,69,51,76,0],"gold":105,"neow_bonus":"THREE_ENEMY_KILL","is_prod":false,"is_daily":false,"chose_seed":false,"campfire_upgraded":1,"win_rate":0,"timestamp":1537376399,"path_taken":["M","$","?","?","M","R","M","M","T","?","M","?","?","M","R","BOSS"],"build_version":"2018-09-06","purchased_purges":1,"victory":false,"max_hp_per_floor":[80,80,80,80,80,80,80,80,80,85,85,85,85,85,85,85],"card_choices":[{"not_picked":["Sword Boomerang","Perfected Strike"],"picked":"Clash","floor":1},{"not_picked":["Clothesline","Heavy Blade","Disarm"],"picked":"SKIP","floor":4},{"not_picked":["Flame Barrier","Sever Soul","Burning Pact"],"picked":"SKIP","floor":5},{"not_picked":["True Grit","Shrug It Off","Rupture"],"picked":"SKIP","floor":7},{"not_picked":["Armaments","Wild Strike","Fire Breathing"],"picked":"SKIP","floor":8},{"not_picked":["Exhume","Corruption","True Grit"],"picked":"SKIP","floor":11},{"not_picked":["Wild Strike","Cleave"],"picked":"Thunderclap","floor":14}],"player_experience":2786444,"relics_obtained":[{"floor":9,"key":"Gremlin Horn"},{"floor":13,"key":"Turnip"}],"event_choices":[{"event_name":"The Cleric","player_choice":"Leave","floor":3,"damage_taken":0},{"event_name":"Big Fish","player_choice":"Donut","floor":10,"damage_taken":0}],"is_beta":false,"boss_relics":[],"items_purged_floors":[2],"is_endless":false,"potions_floor_spawned":[4,5,11],"killed_by":"Hexaghost","ascension_level":0}