{"gold_per_floor":[118,118,43,55,67,93,110,110,137,169,169,169,169,204,204,301,301,316,334,334,46,46],"floor_reached":22,"playtime":1771,"items_purged":["Defend_G"],"score":313,"play_id":"99eba6cd-9a03-4fd0-92c5-5114e5ad821b","local_time":"20190107211543","is_ascension_mode":true,"campfire_choices":[{"floor":8,"key":"REST"},{"floor":13,"key":"REST"},{"floor":15,"key":"REST"}],"neow_cost":"NONE","seed_source_timestamp":1636435253582039,"circlet_count":0,"master_deck":["AscendersBane","Defend_G","Defend_G","Defend_G","Defend_G+1","Strike_G","Strike_G","Strike_G","Strike_G","Strike_G","Survivor","Neutralize","Backflip","Footwork","Sucker Punch","Caltrops","Deflect+1","Parasite","Choke","Dash","Wraith Form v2","Riddle With Holes","Deadly Poison","Dagger Spray","Bouncing Flask","Noxious Fumes","Corpse Explosion"],"relics":["Busted Crown","Dream Catcher","Anchor","Art of War","Question Card","War Paint","Orrery","Nilry\u0027s Codex"],"potions_floor_usage":[6,10,14],"damage_taken":[{"damage":0,"enemies":"Cultist","floor":1,"turns":5},{"damage":0,"enemies":"2 Louse","floor":4,"turns":3},{"damage":0,"enemies":"Small Slimes","floor":5,"turns":5},{"damage":23,"enemies":"Lagavulin","floor":6,"turns":9},{"damage":4,"enemies":"Looter","floor":7,"turns":4},{"damage":48,"enemies":"Gremlin Nob","floor":10,"turns":7},{"damage":10,"enemies":"3 Sentries","floor":14,"turns":11},{"damage":32,"enemies":"The Guardian","floor":16,"turns":15},{"damage":37,"enemies":"Spheric Guardian","floor":18,"turns":7},{"damage":7,"enemies":"3 Byrds","floor":19,"turns":6},{"damage":18,"enemies":"Snecko","floor":22,"turns":2}],"seed_played":"-8757848853951574624","potions_obtained":[{"floor":4,"key":"EssenceOfSteel"},{"floor":5,"key":"LiquidBronze"},{"floor":10,"key":"Fire Potion"},{"floor":19,"key":"Strength Potion"}],"is_trial":false,"path_per_floor":["M","?","$","M","M","E","M","R","T","E","?","?","R","E","R","B",null,"M","M","?","$","M"],"character_chosen":"THE_SILENT","items_purchased":["Footwork","Noxious Fumes","Corpse Explosion"],"campfire_rested":3,"item_purchase_floors":[3,21,21],"current_hp_per_floor":[63,56,56,56,56,33,29,50,50,2,19,42,63,53,70,38,62,25,18,2,2,0],"gold":46,"neow_bonus":"BOSS_RELIC","is_prod":false,"is_daily":false,"chose_seed":false,"campfire_upgraded":0,"win_rate":0,"timestamp":1546895743,"path_taken":["M","?","$","M","M","E","M","R","T","E","?","?","R","E","R","BOSS","M","M","?","$","M"],"build_version":"2019-01-03v4","purchased_purges":1,"victory":false,"max_hp_per_floor":[70,70,70,70,70,70,70,70,70,70,70,70,70,70,70,70,70,70,70,70,70,70],"card_choices":[{"not_picked":[],"picked":"Backflip","floor":1},{"not_picked":[],"picked":"Sucker Punch","floor":4},{"not_picked":[],"picked":"Caltrops","floor":5},{"not_picked":["Acrobatics"],"picked":"SKIP","floor":6},{"not_picked":["Calculated Gamble"],"picked":"SKIP","floor":7},{"not_picked":[],"picked":"Deflect","floor":8},{"not_picked":["Expertise"],"picked":"SKIP","floor":10},{"not_picked":["Concentrate"],"picked":"Choke","floor":13},{"not_picked":["Accuracy","Infinite Blades"],"picked":"SKIP","floor":14},{"not_picked":["Skewer"],"picked":"Dash","floor":15},{"not_picked":["After Image"],"picked":"Wraith Form v2","floor":16},{"not_picked":["Poisoned Stab"],"picked":"Riddle With Holes","floor":17},{"not_picked":["Dodge and Roll"],"picked":"Deadly Poison","floor":17},{"not_picked":["Outmaneuver"],"picked":"Dagger Spray","floor":17},{"not_picked":["Flying Knee","Finisher"],"picked":"SKIP","floor":18},{"not_picked":["Quick Slash+1"],"picked":"Bouncing Flask","floor":19}],"player_experience":1145403,"relics_obtained":[{"floor":6,"key":"Anchor"},{"floor":9,"key":"Art of War"},{"floor":10,"key":"Question Card"},{"floor":14,"key":"War Paint"},{"floor":20,"key":"Nilry\u0027s Codex"}],"event_choices":[{"damage_healed":0,"gold_gain":0,"player_choice":"Success","damage_taken":7,"relics_obtained":["Dream Catcher"],"max_hp_gain":0,"max_hp_loss":0,"event_name":"Scrap Ooze","floor":2,"gold_loss":0},{"damage_healed":17,"gold_gain":0,"player_choice":"Healed and dodged fight","damage_taken":0,"max_hp_gain":0,"max_hp_loss":0,"event_name":"Mushrooms","floor":11,"gold_loss":0,"cards_obtained":["Parasite"]},{"damage_healed":23,"gold_gain":0,"player_choice":"Banana","damage_taken":0,"max_hp_gain":0,"max_hp_loss":0,"event_name":"Big Fish","floor":12,"gold_loss":0},{"damage_healed":0,"gold_gain":0,"player_choice":"Obtained Book","damage_taken":16,"max_hp_gain":0,"max_hp_loss":0,"event_name":"Cursed Tome","floor":20,"gold_loss":0}],"is_beta":false,"boss_relics":[{"not_picked":["Runic Dome","Eternal Feather"],"picked":"Orrery"}],"items_purged_floors":[21],"is_endless":false,"potions_floor_spawned":[4,5,10,19],"killed_by":"Snecko","ascension_level":11}