{"gold_per_floor":[113,127,127,75,95,95,125,140,218,228,247,247,257,257,257,329,329,345,345],"floor_reached":19,"playtime":1199,"items_purged":[],"score":316,"play_id":"36381eeb-7017-4b12-9e44-f687adc71aad","local_time":"20190209175421","is_ascension_mode":true,"campfire_choices":[{"data":"Armaments","floor":6,"key":"SMITH"},{"floor":12,"key":"REST"},{"data":"Armaments","floor":15,"key":"PURGE"}],"neow_cost":"NONE","seed_source_timestamp":1767501291112243,"circlet_count":0,"master_deck":["AscendersBane","Strike_R","Strike_R","Strike_R","Strike_R","Defend_R","Defend_R","Defend_R","Defend_R","Bash","Uppercut","Armaments+1","Uppercut","Battle Trance","Flame Barrier","Feed","Exhume","Shrug It Off"],"relics":["Burning Blood","NeowsBlessing","Peace Pipe","Pen Nib","StoneCalendar","Mercury Hourglass","Eternal Feather"],"potions_floor_usage":[7,11,16,19],"damage_taken":[{"damage":0,"enemies":"Jaw Worm","floor":1,"turns":1},{"damage":0,"enemies":"Cultist","floor":2,"turns":1},{"damage":0,"enemies":"2 Louse","floor":5,"turns":1},{"damage":23,"enemies":"Gremlin Nob","floor":7,"turns":4},{"damage":6,"enemies":"Large Slime","floor":8,"turns":7},{"damage":4,"enemies":"Blue Slaver","floor":10,"turns":5},{"damage":0,"enemies":"Gremlin Gang","floor":11,"turns":3},{"damage":3,"enemies":"Looter","floor":13,"turns":3},{"damage":29,"enemies":"Hexaghost","floor":16,"turns":9},{"damage":48,"enemies":"Spheric Guardian","floor":18,"turns":6},{"damage":30,"enemies":"Chosen","floor":19,"turns":5}],"seed_played":"7123149431992607807","potions_obtained":[{"floor":5,"key":"Poison Potion"},{"floor":8,"key":"GamblersBrew"},{"floor":10,"key":"FearPotion"},{"floor":16,"key":"Ancient Potion"},{"floor":18,"key":"Strength Potion"}],"is_trial":false,"path_per_floor":["M","M","?","?","M","R","E","M","T","M","M","R","M","?","R","B",null,"M","M"],"character_chosen":"IRONCLAD","items_purchased":[],"campfire_rested":1,"item_purchase_floors":[],"current_hp_per_floor":[74,75,19,19,25,25,8,8,8,10,16,38,41,41,41,18,61,22,0],"gold":345,"neow_bonus":"THREE_ENEMY_KILL","is_prod":false,"is_daily":false,"chose_seed":false,"campfire_upgraded":1,"win_rate":0,"timestamp":1549752861,"path_taken":["M","M","?","?","M","R","E","?","T","M","M","R","M","?","R","BOSS","M","?"],"build_version":"2019-02-06","purchased_purges":0,"victory":false,"max_hp_per_floor":[75,75,75,75,75,75,75,75,75,75,75,75,75,75,75,75,75,78,78],"card_choices":[{"not_picked":["Sword Boomerang","Havoc"],"picked":"Uppercut","floor":1},{"not_picked":["Iron Wave","Clash"],"picked":"Armaments","floor":2},{"not_picked":["Armaments","Pommel Strike"],"picked":"Uppercut","floor":5},{"not_picked":["Sword Boomerang","Twin Strike"],"picked":"Battle Trance","floor":7},{"not_picked":["Cleave","Perfected Strike","Dual Wield"],"picked":"SKIP","floor":8},{"not_picked":["Clothesline","Twin Strike","Thunderclap"],"picked":"SKIP","floor":10},{"not_picked":["Corruption","Battle Trance"],"picked":"Flame Barrier","floor":11},{"not_picked":["Shockwave","Shrug It Off"],"picked":"Feed","floor":13},{"not_picked":["Dark Embrace","Impervious"],"picked":"Exhume","floor":16},{"not_picked":["Havoc","Body Slam"],"picked":"Shrug It Off","floor":18}],"player_experience":656560,"relics_obtained":[{"floor":7,"key":"StoneCalendar"},{"floor":9,"key":"Mercury Hourglass"}],"event_choices":[{"damage_healed":0,"gold_gain":0,"player_choice":"Success","damage_taken":56,"relics_obtained":["Peace Pipe"],"max_hp_gain":0,"max_hp_loss":0,"event_name":"Scrap Ooze","floor":3,"gold_loss":0},{"damage_healed":0,"gold_gain":0,"player_choice":"Paid Gold","damage_taken":0,"relics_obtained":["Pen Nib"],"max_hp_gain":0,"max_hp_loss":0,"event_name":"WeMeetAgain","floor":4,"gold_loss":52},{"damage_healed":0,"gold_gain":0,"cards_transformed":["Strike_R"],"player_choice":"Transformed","damage_taken":0,"max_hp_gain":0,"max_hp_loss":0,"event_name":"Transmorgrifier","floor":14,"gold_loss":0,"cards_obtained":["Armaments"]}],"is_beta":true,"boss_relics":[{"not_picked":["Orrery","Runic Dome"],"picked":"Eternal Feather"}],"items_purged_floors":[],"is_endless":false,"potions_floor_spawned":[5,8,10,16,18],"killed_by":"Chosen","ascension_level":17}