{"gold_per_floor":[116,116,191,191,201,201,228,228,228,242,242,261,261,261,261,357,357,369,383,13,33,33,67,17,17,42,42,0,0,0,16,16,16],"floor_reached":33,"playtime":3228,"items_purged":["Strike_G","Strike_G"],"score":286,"play_id":"3e539bb6-948e-4156-8bef-5f034bfa0751","local_time":"20190207025544","is_ascension_mode":false,"campfire_choices":[{"data":"Leg Sweep","floor":6,"key":"SMITH"},{"data":"Footwork","floor":11,"key":"SMITH"},{"data":"Backstab","floor":13,"key":"SMITH"},{"floor":15,"key":"REST"},{"floor":25,"key":"REST"},{"data":"Crippling Poison","floor":32,"key":"SMITH"}],"neow_cost":"NONE","seed_source_timestamp":7198566915100,"circlet_count":0,"master_deck":["Defend_G","Defend_G","Defend_G","Defend_G","Defend_G","Strike_G","Strike_G","Survivor","Neutralize","Sucker Punch","Leg Sweep+1","Footwork+1","Backflip","Backstab+1","Burst","Crippling Poison+1","Poisoned Stab","Backstab","Infinite Blades","Cloak And Dagger+1","Corpse Explosion","Dash"],"relics":["Ring of the Serpent","NeowsBlessing","Dodecahedron","Pocketwatch","Bronze Scales","Smiling Mask","Omamori"],"potions_floor_usage":[16,16,16,23,33,33],"damage_taken":[{"damage":0,"enemies":"Jaw Worm","floor":1,"turns":1},{"damage":0,"enemies":"Small Slimes","floor":5,"turns":1},{"damage":0,"enemies":"Gremlin Nob","floor":7,"turns":1},{"damage":0,"enemies":"Cultist","floor":10,"turns":6},{"damage":5,"enemies":"2 Fungi Beasts","floor":12,"turns":6},{"damage":34,"enemies":"Slime Boss","floor":16,"turns":38},{"damage":0,"enemies":"Shell Parasite","floor":18,"turns":10},{"damage":0,"enemies":"3 Byrds","floor":19,"turns":10},{"damage":0,"enemies":"Centurion and Healer","floor":21,"turns":9},{"damage":58,"enemies":"Slavers","floor":23,"turns":5},{"damage":0,"enemies":"Snecko","floor":31,"turns":6},{"damage":68,"enemies":"Collector","floor":33,"turns":11}],"seed_played":"-8002156799594724838","potions_obtained":[{"floor":7,"key":"Swift Potion"},{"floor":12,"key":"Swift Potion"},{"floor":14,"key":"Fruit Juice"},{"floor":14,"key":"Block Potion"},{"floor":14,"key":"Poison Potion"},{"floor":21,"key":"LiquidBronze"},{"floor":23,"key":"Fire Potion"},{"floor":31,"key":"Block Potion"}],"is_trial":false,"path_per_floor":["M","?","?","?","M","R","E","?","T","M","R","M","R","?","R","B",null,"M","M","$","M","?","E","$","R","T","$","?","?","$","M","R","B"],"character_chosen":"THE_SILENT","items_purchased":["Bronze Scales","Backstab","Infinite Blades"],"campfire_rested":2,"item_purchase_floors":[20,20,20],"current_hp_per_floor":[70,70,59,59,59,59,59,59,59,59,59,54,54,54,70,41,75,75,75,75,75,75,17,17,39,39,39,39,64,64,64,64,0],"gold":16,"neow_bonus":"THREE_ENEMY_KILL","is_prod":false,"is_daily":false,"chose_seed":false,"campfire_upgraded":4,"win_rate":0.0,"timestamp":1549536944,"path_taken":["M","?","?","?","M","R","E","?","T","M","R","?","R","?","R","BOSS","M","M","$","?","?","E","?","R","T","$","?","?","?","M","R","BOSS"],"build_version":"2019-01-23","purchased_purges":2,"victory":false,"max_hp_per_floor":[70,70,70,70,70,70,70,70,70,70,70,70,70,70,70,75,75,75,75,75,75,75,75,75,75,75,75,75,75,75,75,75,75],"card_choices":[{"not_picked":["Prepared","Finisher"],"picked":"Sucker Punch","floor":1},{"not_picked":["Distraction","Endless Agony"],"picked":"Leg Sweep","floor":5},{"not_picked":["Dagger Spray","Cloak And Dagger"],"picked":"Footwork","floor":7},{"not_picked":["Underhanded Strike","Heel Hook"],"picked":"Backflip","floor":10},{"not_picked":["Dash","Bane"],"picked":"Backstab","floor":12},{"not_picked":["Storm of Steel","Venomology"],"picked":"Burst","floor":16},{"not_picked":["Outmaneuver","Deflect+1"],"picked":"Crippling Poison","floor":18},{"not_picked":["Dodge and Roll","Outmaneuver"],"picked":"Poisoned Stab","floor":19},{"not_picked":["PiercingWail+1","Acrobatics"],"picked":"Cloak And Dagger+1","floor":21},{"not_picked":["Leg Sweep","Underhanded Strike"],"picked":"Corpse Explosion","floor":23},{"not_picked":["Underhanded Strike+1","Dodge and Roll"],"picked":"Dash","floor":31}],"player_experience":82526,"relics_obtained":[{"floor":7,"key":"Dodecahedron"},{"floor":9,"key":"Pocketwatch"},{"floor":23,"key":"Smiling Mask"},{"floor":26,"key":"Omamori"}],"event_choices":[{"damage_healed":0,"gold_gain":0,"player_choice":"Ignored","damage_taken":0,"max_hp_gain":0,"max_hp_loss":0,"event_name":"Liars Game","floor":2,"gold_loss":0},{"damage_healed":0,"gold_gain":75,"player_choice":"Gather Gold","damage_taken":11,"max_hp_gain":0,"max_hp_loss":0,"event_name":"World of Goop","floor":3,"gold_loss":0},{"damage_healed":0,"gold_gain":0,"player_choice":"Ignored","damage_taken":0,"max_hp_gain":0,"max_hp_loss":0,"event_name":"Golden Wing","floor":4,"gold_loss":0},{"cards_removed":["Strike_G"],"damage_healed":0,"gold_gain":0,"player_choice":"Purged","damage_taken":0,"max_hp_gain":0,"max_hp_loss":0,"event_name":"Purifier","floor":8,"gold_loss":0},{"damage_healed":0,"gold_gain":0,"player_choice":"Got Potions","damage_taken":0,"max_hp_gain":0,"max_hp_loss":0,"event_name":"Lab","floor":14,"gold_loss":0},{"damage_healed":0,"gold_gain":0,"player_choice":"Ignored","damage_taken":0,"max_hp_gain":0,"max_hp_loss":0,"event_name":"Ghosts","floor":22,"gold_loss":0},{"damage_healed":0,"gold_gain":0,"player_choice":"Paid Fearfully","damage_taken":0,"max_hp_gain":0,"max_hp_loss":0,"event_name":"Masked Bandits","floor":28,"gold_loss":42},{"damage_healed":25,"gold_gain":0,"player_choice":"Heal","damage_taken":0,"max_hp_gain":0,"max_hp_loss":0,"event_name":"The Library","floor":29,"gold_loss":0}],"is_beta":false,"boss_relics":[{"not_picked":["Tiny House","Cursed Key"],"picked":"Ring of the Serpent"}],"items_purged_floors":[20,24],"is_endless":false,"potions_floor_spawned":[7,12,21,23,31],"killed_by":"Collector","ascension_level":0}