{"path_per_floor":["M","?","?","$","M","E","M","M","T","R","?","E","?","M","R","B",null,"M","M","$","M","?","E","R","E","T","R","?","?","M","E","R","B",null,"M","?","M","M","?","E","$","R","T","E","M","R","E","M","R","B"],"character_chosen":"THE_SILENT","items_purchased":["Master of Strategy","Bag of Marbles","Block Potion"],"gold_per_floor":[114,214,214,139,164,197,216,231,256,256,331,366,366,386,386,511,511,451,451,125,125,50,50,50,50,50,50,50,50,50,50,50,50,50,50,50,50,50,50,50,1,1,1,1,1,1,1,1,1,1],"floor_reached":51,"campfire_rested":0,"playtime":5502,"current_hp_per_floor":[70,70,65,65,65,65,58,57,57,57,46,49,49,51,51,17,65,57,59,59,61,61,63,63,40,40,40,24,24,23,32,32,54,65,65,65,65,51,65,37,37,37,37,55,71,71,75,75,75,75],"items_purged":["Defend_G"],"gold":1,"play_id":"276d8835-443e-4144-a123-db78bab83b5e","is_prod":false,"is_daily":false,"campfire_rituals":0,"campfire_upgraded":8,"is_hardmode":false,"path_taken":["M","?","?","$","M","E","M","?","T","R","?","E","?","M","R","BOSS","M","M","?","M","?","E","R","E","T","R","?","?","?","E","R","BOSS","M","?","?","M","?","E","?","R","T","E","M","R","E","M","R","BOSS"],"build_version":"2018-01-18-PROD4","purchased_purges":5,"victory":true,"master_deck":["Defend_G","Defend_G","Defend_G","Survivor","Neutralize","Heel Hook","Flying Knee","Heel Hook","Tools of the Trade","Quick Slash","Footwork","Dash","Master of Strategy","Blur","Dagger Spray","Noxious Fumes","Bite_G","Bite_G","Bite_G","Bite_G","Bite_G","After Image","Adrenaline","Outmaneuver","Heel Hook","Quick Slash","Prepared","Well Laid Plans","Leg Sweep"],"max_hp_per_floor":[70,70,65,65,65,65,65,65,65,65,65,65,65,65,65,65,65,65,65,65,65,65,65,65,65,65,65,65,65,65,65,65,65,65,65,65,65,65,65,65,65,65,65,75,75,75,75,75,75,75],"relics":["Ring of the Snake","NeowsBlessing","Golden Idol","Happy Flower","Gremlin Horn","Ectoplasm","Bag of Marbles","Shuriken","Ancient Tea Set","Toolbox","Nilry\u0027s Codex","Paper Crane","Black Star","Sundial","Ninja Scroll","Letter Opener","Juzu Bracelet","Mercury Hourglass","Pear","Bottled Lightning","Kunai"],"campfire_meditates":0,"card_choices":[{"not_picked":["Prepared","Outmaneuver"],"picked":"Heel Hook"},{"not_picked":["Deadly Poison","Outmaneuver"],"picked":"Flying Knee"},{"not_picked":["Distraction","Flying Knee"],"picked":"Heel Hook"},{"not_picked":["Dash","All Out Attack"],"picked":"Tools of the Trade"},{"not_picked":["Eviscerate","Dagger Spray"],"picked":"Quick Slash"},{"not_picked":["Deflect","Deadly Poison"],"picked":"Footwork"},{"not_picked":["Bane","Sucker Punch"],"picked":"Dash"},{"not_picked":["Deadly Poison","Deflect"],"picked":"Blur"},{"not_picked":["Prepared","Dagger Throw"],"picked":"Dagger Spray"},{"not_picked":["Backstab","Envenom"],"picked":"Noxious Fumes"},{"not_picked":["Dagger Throw","Acrobatics"],"picked":"After Image"},{"not_picked":["After Image","A Thousand Cuts"],"picked":"Adrenaline"},{"not_picked":["Bane","Dodge and Roll"],"picked":"Outmaneuver"},{"not_picked":["Infinite Blades","Outmaneuver"],"picked":"Heel Hook"},{"not_picked":["Blur","Backflip"],"picked":"Quick Slash"},{"not_picked":["Blade Dance","Dagger Throw"],"picked":"Prepared"},{"not_picked":["Backflip","Dagger Throw"],"picked":"Well Laid Plans"},{"not_picked":["Malaise","Dash"],"picked":"Leg Sweep"}],"player_experience":31470,"potions_floor_usage":[8,12,16,30,38,39,50,50],"damage_taken":[{"damage":0,"enemies":"2 Louse","floor":1,"turns":1},{"damage":0,"enemies":"Cultist","floor":5,"turns":1},{"damage":0,"enemies":"3 Sentries","floor":6,"turns":1},{"damage":7,"enemies":"Blue Slaver","floor":7,"turns":4},{"damage":1,"enemies":"2 Fungi Beasts","floor":8,"turns":3},{"damage":14,"enemies":"Lagavulin","floor":12,"turns":7},{"damage":0,"enemies":"Looter","floor":14,"turns":2},{"damage":36,"enemies":"The Guardian","floor":16,"turns":12},{"damage":8,"enemies":"2 Thieves","floor":18,"turns":4},{"damage":0,"enemies":"Spheric Guardian","floor":19,"turns":4},{"damage":0,"enemies":"Chosen and Byrds","floor":21,"turns":6},{"damage":0,"enemies":"Book of Stabbing","floor":23,"turns":8},{"damage":25,"enemies":"Slavers","floor":25,"turns":5},{"damage":15,"enemies":"Snake Plant","floor":30,"turns":5},{"damage":9,"enemies":"Book of Stabbing","floor":31,"turns":7},{"damage":0,"enemies":"Automaton","floor":33,"turns":8},{"damage":3,"enemies":"3 Darklings","floor":35,"turns":3},{"damage":0,"enemies":"Orb Walker","floor":37,"turns":2},{"damage":22,"enemies":"4 Shapes","floor":38,"turns":3},{"damage":2,"enemies":"Mysterious Sphere","floor":39,"turns":5},{"damage":30,"enemies":"Nemesis","floor":40,"turns":10},{"damage":0,"enemies":"2 Orb Walkers","floor":44,"turns":3},{"damage":0,"enemies":"Maw","floor":45,"turns":5},{"damage":0,"enemies":"Giant Head","floor":47,"turns":5},{"damage":0,"enemies":"3 Darklings","floor":48,"turns":4},{"damage":0,"enemies":"Time Eater","floor":50,"turns":9}],"event_choices":[{"event_name":"Golden Shrine","player_choice":"Pray","floor":2,"damage_taken":0},{"event_name":"Golden Idol","player_choice":"Lose Max HP","floor":3,"damage_taken":0},{"event_name":"World of Goop","player_choice":"Gather Gold","floor":11,"damage_taken":0},{"event_name":"Living Wall","player_choice":"Grow","floor":13,"damage_taken":0},{"event_name":"Beggar","player_choice":"Gave Gold","floor":22,"damage_taken":0},{"event_name":"Cursed Tome","player_choice":"Obtained Book","floor":28,"damage_taken":0},{"event_name":"Vampires","player_choice":"Became a vampire (Vial)","floor":29,"damage_taken":0},{"event_name":"Mysterious Sphere","player_choice":"Fight","floor":39,"damage_taken":0}],"boss_relics":[{"not_picked":["Eternal Feather","Question Card"],"picked":"Ectoplasm"},{"not_picked":["Orrery","Sozu"],"picked":"Black Star"}],"potions_floor_spawned":[5,8,14,19,23,30,37,39,44,45,48],"seed_played":"6744588261522331716","is_trial":false}