{"gold_per_floor":[114,64,24,35,55,55,117,117,140,169,169,23,23,42,42,141,141,151,161,161,178,193,193,212,212,212,223,223,223,241,241],"floor_reached":31,"playtime":954,"items_purged":["Defend_B"],"score":296,"play_id":"62bd1ec9-9681-45e0-9935-d7a7cd54f8f3","local_time":"20181223233923","is_ascension_mode":true,"campfire_choices":[{"data":"Zap","floor":6,"key":"SMITH"},{"data":"Consume","floor":8,"key":"SMITH"},{"data":"Dualcast","floor":13,"key":"SMITH"},{"floor":15,"key":"REST"},{"floor":23,"key":"REST"},{"data":"Defragment","floor":25,"key":"SMITH"},{"floor":29,"key":"REST"}],"neow_cost":"NONE","seed_source_timestamp":351260923846578,"circlet_count":0,"master_deck":["Strike_B","Strike_B","Defend_B","Defend_B","Defend_B","Zap+1","Dualcast+1","Ball Lightning","Reinforced Body","BootSequence","Consume+1","Loop","Coolheaded","Multi-Cast+1","Chaos+1","Double Energy","Defragment+1","Capacitor+1"],"relics":["Sozu","Tiny Chest","Bag of Marbles","Turnip","Philosopher\u0027s Stone","Molten Egg 2"],"potions_floor_usage":[],"damage_taken":[{"damage":4,"enemies":"Jaw Worm","floor":1,"turns":4},{"damage":0,"enemies":"Cultist","floor":4,"turns":3},{"damage":0,"enemies":"2 Louse","floor":5,"turns":2},{"damage":41,"enemies":"Gremlin Nob","floor":7,"turns":5},{"damage":11,"enemies":"Lagavulin","floor":10,"turns":6},{"damage":1,"enemies":"Exordium Wildlife","floor":14,"turns":4},{"damage":10,"enemies":"The Guardian","floor":16,"turns":9},{"damage":9,"enemies":"Spheric Guardian","floor":18,"turns":4},{"damage":9,"enemies":"Shell Parasite","floor":19,"turns":4},{"damage":5,"enemies":"Centurion and Healer","floor":21,"turns":4},{"damage":26,"enemies":"Chosen and Byrds","floor":22,"turns":7},{"damage":13,"enemies":"3 Cultists","floor":24,"turns":4},{"damage":18,"enemies":"Snake Plant","floor":27,"turns":4},{"damage":30,"enemies":"Cultist and Chosen","floor":30,"turns":6},{"damage":17,"enemies":"Slavers","floor":31,"turns":1}],"seed_played":"-3076570478149136168","potions_obtained":[],"is_trial":false,"path_per_floor":["M","?","?","M","M","R","E","R","T","E","?","$","R","M","R","B",null,"M","M","?","M","M","R","M","R","T","M","?","R","M","E"],"character_chosen":"DEFECT","items_purchased":["Loop"],"campfire_rested":3,"item_purchase_floors":[12],"current_hp_per_floor":[71,71,71,71,71,71,30,30,30,19,19,19,19,18,40,30,75,66,57,57,52,26,48,35,35,35,17,17,39,9,0],"gold":241,"neow_bonus":"BOSS_RELIC","is_prod":false,"is_daily":false,"chose_seed":false,"campfire_upgraded":4,"win_rate":0,"timestamp":1545629963,"path_taken":["M","?","?","?","M","R","E","R","T","E","?","?","R","M","R","BOSS","M","M","?","M","?","R","M","R","T","M","?","R","M","E"],"build_version":"2018-12-20","purchased_purges":1,"victory":false,"max_hp_per_floor":[75,75,75,75,75,75,75,75,75,75,75,75,75,75,75,75,75,75,75,75,75,75,75,75,75,75,75,75,75,75,75],"card_choices":[{"not_picked":["Steam","Turbo"],"picked":"Ball Lightning","floor":1},{"not_picked":["Go for the Eyes","Steam"],"picked":"Reinforced Body","floor":4},{"not_picked":["Gash","Rebound"],"picked":"BootSequence","floor":5},{"not_picked":["Sweeping Beam","Steam"],"picked":"Consume","floor":7},{"not_picked":["Sweeping Beam","Conserve Battery","Redo"],"picked":"SKIP","floor":10},{"not_picked":["Barrage","Melter"],"picked":"Coolheaded","floor":14},{"not_picked":["Machine Learning","Thunder Strike"],"picked":"Multi-Cast","floor":16},{"not_picked":["Chill","Leap"],"picked":"Chaos+1","floor":18},{"not_picked":["BootSequence","Coolheaded"],"picked":"Double Energy","floor":19},{"not_picked":["Redo","Hologram+1"],"picked":"Defragment","floor":21},{"not_picked":["Consume","Beam Cell+1","Redo"],"picked":"SKIP","floor":22},{"not_picked":["Force Field","Steam Power","Reprogram"],"picked":"SKIP","floor":24},{"not_picked":["Genetic Algorithm","Leap+1"],"picked":"Capacitor+1","floor":27},{"not_picked":["Steam Power","Compile Driver+1","White Noise"],"picked":"SKIP","floor":30}],"player_experience":81938,"relics_obtained":[{"floor":7,"key":"Tiny Chest"},{"floor":9,"key":"Bag of Marbles"},{"floor":10,"key":"Turnip"},{"floor":26,"key":"Molten Egg 2"}],"event_choices":[{"cards_removed":["Strike_B"],"damage_healed":0,"gold_gain":0,"player_choice":"Card Removal","damage_taken":0,"max_hp_gain":0,"max_hp_loss":0,"event_name":"The Cleric","floor":2,"gold_loss":50},{"damage_healed":0,"gold_gain":0,"player_choice":"Bought 3 Potions","damage_taken":0,"max_hp_gain":0,"max_hp_loss":0,"event_name":"The Woman in Blue","floor":3,"gold_loss":0},{"cards_removed":["Strike_B"],"damage_healed":0,"gold_gain":0,"player_choice":"Forget","damage_taken":0,"max_hp_gain":0,"max_hp_loss":0,"event_name":"Living Wall","floor":11,"gold_loss":0},{"damage_healed":0,"gold_gain":0,"player_choice":"Upgraded","damage_taken":0,"max_hp_gain":0,"max_hp_loss":0,"event_name":"Upgrade Shrine","floor":20,"gold_loss":0,"cards_upgraded":["Multi-Cast"]},{"damage_healed":0,"gold_gain":0,"player_choice":"Ignored","damage_taken":0,"max_hp_gain":0,"max_hp_loss":0,"event_name":"Ghosts","floor":28,"gold_loss":0}],"is_beta":false,"boss_relics":[{"not_picked":["Inserter","Runic Dome"],"picked":"Philosopher\u0027s Stone"}],"items_purged_floors":[12],"is_endless":false,"potions_floor_spawned":[4,7,10,18,22,24,27],"killed_by":"Slavers","ascension_level":4}