{"gold_per_floor":[11,11,11,21,38,72,82,82,106,76,94,94,119,151,163,280,292,315,346,358,370],"floor_reached":21,"playtime":737,"items_purged":[],"score":287,"play_id":"fec58c74-3b4f-44f5-bb15-2117374ab10a","local_time":"20181222025217","is_ascension_mode":true,"campfire_choices":[{"floor":8,"key":"REST"},{"floor":12,"key":"DIG"},{"floor":15,"key":"REST"}],"neow_cost":"NO_GOLD","seed_source_timestamp":723385916462583,"circlet_count":0,"master_deck":["AscendersBane","Strike_R","Strike_R","Defend_R","Defend_R","Defend_R","Bash","Headbutt","Sword Boomerang","Combust","Rupture","Fire Breathing","Juggernaut","Corruption","Body Slam","Limit Break","Evolve","Iron Wave","Perfected Strike","Bloodletting"],"relics":["Burning Blood","Mummified Hand","Shovel","Anchor","Kunai","MawBank","Sozu"],"potions_floor_usage":[14,16],"damage_taken":[{"damage":19,"enemies":"Jaw Worm","floor":1,"turns":5},{"damage":1,"enemies":"Cultist","floor":4,"turns":3},{"damage":14,"enemies":"Small Slimes","floor":5,"turns":4},{"damage":23,"enemies":"Gremlin Nob","floor":6,"turns":4},{"damage":14,"enemies":"Red Slaver","floor":7,"turns":3},{"damage":27,"enemies":"Gremlin Gang","floor":11,"turns":4},{"damage":29,"enemies":"3 Sentries","floor":13,"turns":6},{"damage":3,"enemies":"Looter","floor":14,"turns":3},{"damage":33,"enemies":"Slime Boss","floor":16,"turns":8},{"damage":12,"enemies":"Chosen","floor":18,"turns":4},{"damage":30,"enemies":"Shell Parasite","floor":19,"turns":5},{"damage":33,"enemies":"Shelled Parasite and Fungi","floor":21,"turns":3}],"seed_played":"8095868707073116164","potions_obtained":[{"floor":5,"key":"SpeedPotion"},{"floor":10,"key":"SteroidPotion"},{"floor":10,"key":"LiquidBronze"},{"floor":11,"key":"Block Potion"},{"floor":13,"key":"Block Potion"},{"floor":14,"key":"SpeedPotion"}],"is_trial":false,"path_per_floor":["M","?","T","M","M","E","M","R","T","?","M","R","E","M","R","B",null,"M","M","?","M"],"character_chosen":"IRONCLAD","items_purchased":[],"campfire_rested":2,"item_purchase_floors":[],"current_hp_per_floor":[59,59,59,64,56,39,31,55,55,55,34,34,11,14,38,11,63,57,33,33,0],"gold":370,"neow_bonus":"REMOVE_TWO","is_prod":false,"is_daily":false,"chose_seed":false,"campfire_upgraded":0,"win_rate":0,"timestamp":1545465137,"path_taken":["M","?","?","M","?","E","M","R","T","?","?","R","E","M","R","BOSS","M","?","?","M"],"build_version":"2018-12-20","purchased_purges":0,"victory":false,"max_hp_per_floor":[80,80,80,80,80,80,80,80,80,80,80,80,80,80,80,80,80,80,80,80,80],"card_choices":[{"not_picked":["Warcry","Evolve"],"picked":"Headbutt","floor":1},{"not_picked":["Flex","Perfected Strike"],"picked":"Sword Boomerang","floor":4},{"not_picked":["Power Through","Spot Weakness"],"picked":"Combust","floor":5},{"not_picked":["Wild Strike","Bloodletting"],"picked":"Rupture","floor":6},{"not_picked":["Sentinel","Twin Strike"],"picked":"Fire Breathing","floor":7},{"not_picked":["Sword Boomerang","Clothesline"],"picked":"Juggernaut","floor":11},{"not_picked":["Havoc","Entrench"],"picked":"Corruption","floor":13},{"not_picked":["Flex","Warcry"],"picked":"Body Slam","floor":14},{"not_picked":["Fiend Fire","Berserk"],"picked":"Limit Break","floor":16},{"not_picked":["Cleave","True Grit"],"picked":"Evolve","floor":18},{"not_picked":["Clash","Cleave+1"],"picked":"Iron Wave","floor":19}],"player_experience":419952,"relics_obtained":[{"floor":3,"key":"Mummified Hand"},{"floor":6,"key":"Shovel"},{"floor":9,"key":"Anchor"},{"floor":12,"key":"Kunai"},{"floor":13,"key":"MawBank"}],"event_choices":[{"damage_healed":0,"gold_gain":0,"player_choice":"Leave","damage_taken":0,"max_hp_gain":0,"max_hp_loss":0,"event_name":"The Cleric","floor":2,"gold_loss":0},{"damage_healed":0,"gold_gain":0,"player_choice":"Bought 2 Potions","damage_taken":0,"max_hp_gain":0,"max_hp_loss":0,"event_name":"The Woman in Blue","floor":10,"gold_loss":0},{"damage_healed":0,"gold_gain":0,"cards_transformed":["Strike_R","Strike_R"],"player_choice":"Became Test Subject","damage_taken":0,"max_hp_gain":0,"max_hp_loss":0,"event_name":"Drug Dealer","floor":20,"gold_loss":0,"cards_obtained":["Perfected Strike","Bloodletting"]}],"is_beta":false,"boss_relics":[{"not_picked":["Cursed Key","White Beast Statue"],"picked":"Sozu"}],"items_purged_floors":[],"is_endless":false,"potions_floor_spawned":[5,11,13,14,18],"killed_by":"Shelled Parasite and Fungi","ascension_level":10}