{"gold_per_floor":[115,115,126,139,155,181,192,192,192,92,367,147,164,194,194,194],"floor_reached":16,"playtime":437,"items_purged":["Regret"],"score":206,"play_id":"48a59a26-efda-4035-861e-26af045850d6","local_time":"20181215182115","is_ascension_mode":true,"campfire_choices":[{"data":"Body Slam","floor":8,"key":"SMITH"},{"floor":15,"key":"REST"}],"neow_cost":"NONE","seed_source_timestamp":29184079687375,"circlet_count":0,"master_deck":["AscendersBane","Strike_R","Strike_R","Strike_R","Strike_R","Defend_R","Defend_R","Defend_R","Defend_R","Bash","Anger","Body Slam+1","Clash"],"relics":["Runic Pyramid","Centennial Puzzle","Bottled Lightning","PreservedInsect","Oddly Smooth Stone"],"potions_floor_usage":[6,6,7,13,14,14],"damage_taken":[{"damage":3,"enemies":"Jaw Worm","floor":1,"turns":5},{"damage":0,"enemies":"Cultist","floor":3,"turns":3},{"damage":0,"enemies":"Small Slimes","floor":4,"turns":3},{"damage":32,"enemies":"Exordium Wildlife","floor":5,"turns":5},{"damage":15,"enemies":"Lagavulin","floor":6,"turns":6},{"damage":18,"enemies":"Lots of Slimes","floor":7,"turns":4},{"damage":0,"enemies":"2 Fungi Beasts","floor":13,"turns":1},{"damage":0,"enemies":"3 Sentries","floor":14,"turns":4},{"damage":31,"enemies":"The Guardian","floor":16,"turns":7}],"seed_played":"-4830390393609410673","potions_obtained":[{"floor":1,"key":"AttackPotion"},{"floor":4,"key":"Strength Potion"},{"floor":5,"key":"Strength Potion"},{"floor":7,"key":"Explosive Potion"}],"is_trial":false,"path_per_floor":["M","?","M","M","M","E","M","R","T","$","?","$","M","E","R","B"],"character_chosen":"IRONCLAD","items_purchased":["Fire Potion","Fire Potion","PreservedInsect"],"campfire_rested":1,"item_purchase_floors":[10,10,12],"current_hp_per_floor":[69,69,69,69,37,22,4,4,4,4,4,4,4,4,28,0],"gold":194,"neow_bonus":"BOSS_RELIC","is_prod":false,"is_daily":false,"chose_seed":false,"campfire_upgraded":1,"win_rate":0,"timestamp":1544916075,"path_taken":["M","?","M","M","?","E","M","R","T","$","?","?","M","E","R","BOSS"],"build_version":"2018-12-13","purchased_purges":1,"victory":false,"max_hp_per_floor":[80,80,80,80,80,80,80,80,80,80,80,80,80,80,80,80],"card_choices":[{"not_picked":["Battle Trance","Pommel Strike"],"picked":"Anger","floor":1},{"not_picked":["Feel No Pain","Sword Boomerang","Pummel"],"picked":"SKIP","floor":3},{"not_picked":["Iron Wave","Infernal Blade"],"picked":"Body Slam","floor":4},{"not_picked":["True Grit","Inflame","Dual Wield"],"picked":"SKIP","floor":5},{"not_picked":["Metallicize","Clothesline","Second Wind"],"picked":"SKIP","floor":6},{"not_picked":["Hemokinesis","Iron Wave"],"picked":"Clash","floor":7},{"not_picked":["Sever Soul","Iron Wave","Pommel Strike"],"picked":"SKIP","floor":13},{"not_picked":["Infernal Blade","Perfected Strike","Limit Break"],"picked":"SKIP","floor":14}],"player_experience":588116,"relics_obtained":[{"floor":6,"key":"Centennial Puzzle"},{"floor":9,"key":"Bottled Lightning"},{"floor":14,"key":"Oddly Smooth Stone"}],"event_choices":[{"cards_removed":["Strike_R"],"damage_healed":0,"gold_gain":0,"player_choice":"Purged","damage_taken":0,"max_hp_gain":0,"max_hp_loss":0,"event_name":"Purifier","floor":2,"gold_loss":0},{"damage_healed":0,"gold_gain":275,"player_choice":"Desecrate","damage_taken":0,"max_hp_gain":0,"max_hp_loss":0,"event_name":"Golden Shrine","floor":11,"gold_loss":0,"cards_obtained":["Regret"]}],"is_beta":true,"boss_relics":[],"items_purged_floors":[12],"is_endless":false,"potions_floor_spawned":[1,4,5,7],"killed_by":"The Guardian","ascension_level":10}