{"gold_per_floor":[115,115,46,46,121,121,146,146,146,146,185,131,152,183,183,278,278,294,219,269,269,7,21,21],"floor_reached":24,"playtime":1477,"items_purged":["Strike_R"],"score":350,"play_id":"5a6fb0bc-63a8-4fb6-81fc-73dad6cd25cd","local_time":"20190202105223","is_ascension_mode":true,"campfire_choices":[{"data":"Metallicize","floor":6,"key":"SMITH"},{"data":"Spot Weakness","floor":8,"key":"SMITH"},{"floor":10,"key":"REST"},{"data":"True Grit","floor":15,"key":"SMITH"}],"neow_cost":"NONE","seed_source_timestamp":1206755660714601,"circlet_count":0,"master_deck":["AscendersBane","Strike_R","Strike_R","Strike_R+1","Strike_R","Defend_R+1","Defend_R+1","Defend_R+1","Defend_R","Bash","Cleave","Metallicize+1","Spot Weakness+1","True Grit+1","Sword Boomerang","Shrug It Off","Limit Break","True Grit","Heavy Blade+1","Shrug It Off","Exhume","Pommel Strike+1"],"relics":["Burning Blood","War Paint","Golden Idol","Omamori","Bottled Flame","Self Forming Clay","Mark of Pain"],"potions_floor_usage":[11,14,14],"damage_taken":[{"damage":6,"enemies":"2 Louse","floor":1,"turns":3},{"damage":0,"enemies":"Jaw Worm","floor":7,"turns":4},{"damage":1,"enemies":"3 Sentries","floor":11,"turns":8},{"damage":4,"enemies":"Small Slimes","floor":13,"turns":3},{"damage":9,"enemies":"Gremlin Nob","floor":14,"turns":4},{"damage":18,"enemies":"Slime Boss","floor":16,"turns":10},{"damage":24,"enemies":"3 Byrds","floor":18,"turns":7},{"damage":18,"enemies":"2 Thieves","floor":19,"turns":5},{"damage":15,"enemies":"Centurion and Healer","floor":23,"turns":5},{"damage":30,"enemies":"3 Cultists","floor":24,"turns":5}],"seed_played":"-4908793994583203197","potions_obtained":[{"floor":1,"key":"SpeedPotion"},{"floor":7,"key":"PowerPotion"},{"floor":11,"key":"Weak Potion"},{"floor":23,"key":"GamblersBrew"}],"is_trial":false,"path_per_floor":["M","?","$","?","?","R","M","R","T","R","E","$","M","E","R","B",null,"M","M","?","?","$","M","M"],"character_chosen":"IRONCLAD","items_purchased":["Metallicize","Sword Boomerang","Shrug It Off","Exhume"],"campfire_rested":1,"item_purchase_floors":[3,12,22,22],"current_hp_per_floor":[68,45,45,45,34,34,40,40,40,60,65,65,67,64,64,52,64,46,34,34,34,34,25,0],"gold":21,"neow_bonus":"RANDOM_COMMON_RELIC","is_prod":false,"is_daily":false,"chose_seed":false,"campfire_upgraded":3,"win_rate":0,"timestamp":1549104743,"path_taken":["M","?","$","?","?","R","M","R","T","R","E","?","?","E","R","BOSS","M","M","?","?","$","M","M"],"build_version":"2019-01-23","purchased_purges":1,"victory":false,"max_hp_per_floor":[75,75,75,68,68,68,68,68,68,68,68,68,68,68,68,68,68,68,68,68,68,68,68,68],"card_choices":[{"not_picked":["Battle Trance","Rage"],"picked":"Cleave","floor":1},{"not_picked":["Battle Trance","Heavy Blade"],"picked":"Spot Weakness","floor":7},{"not_picked":["Headbutt","Pommel Strike"],"picked":"True Grit","floor":11},{"not_picked":["True Grit","Wild Strike"],"picked":"Shrug It Off","floor":13},{"not_picked":["Iron Wave","Hemokinesis","Inflame"],"picked":"SKIP","floor":14},{"not_picked":["Brutality","Feed"],"picked":"Limit Break","floor":16},{"not_picked":["Warcry+1","Reckless Charge"],"picked":"True Grit","floor":18},{"not_picked":["Battle Trance","Armaments+1"],"picked":"Heavy Blade+1","floor":19},{"not_picked":["Anger","Body Slam"],"picked":"Pommel Strike+1","floor":23}],"player_experience":1250107,"relics_obtained":[{"floor":9,"key":"Omamori"},{"floor":11,"key":"Bottled Flame"},{"floor":14,"key":"Self Forming Clay"}],"event_choices":[{"damage_healed":0,"gold_gain":0,"player_choice":"Entered Light","damage_taken":23,"max_hp_gain":0,"max_hp_loss":0,"event_name":"Shining Light","floor":2,"gold_loss":0,"cards_upgraded":["Defend_R","Strike_R"]},{"damage_healed":0,"gold_gain":0,"player_choice":"Lose Max HP","damage_taken":0,"relics_obtained":["Golden Idol"],"max_hp_gain":0,"max_hp_loss":7,"event_name":"Golden Idol","floor":4,"gold_loss":0},{"damage_healed":0,"gold_gain":75,"player_choice":"Gather Gold","damage_taken":11,"max_hp_gain":0,"max_hp_loss":0,"event_name":"World of Goop","floor":5,"gold_loss":0},{"damage_healed":0,"gold_gain":50,"player_choice":"Stole From Cult","damage_taken":0,"max_hp_gain":0,"max_hp_loss":0,"event_name":"Nest","floor":20,"gold_loss":0},{"damage_healed":0,"gold_gain":0,"player_choice":"Ignored","damage_taken":0,"max_hp_gain":0,"max_hp_loss":0,"event_name":"Beggar","floor":21,"gold_loss":0}],"is_beta":false,"boss_relics":[{"not_picked":["White Beast Statue","Lizard Tail"],"picked":"Mark of Pain"}],"items_purged_floors":[22],"is_endless":false,"potions_floor_spawned":[1,7,11,23],"killed_by":"3 Cultists","ascension_level":15}