{"gold_per_floor":[119,194,140,151,162,162,193,210,210,223,223,258,258,14,14,114,114,125,224,224,237,86,115,52,152,152,152,152,187,211,249,261,374,386,418,475,487,269,287,312,312,80,80,135,135,149,180,200,200,200,200,200,14,46,46],"floor_reached":55,"playtime":1316,"items_purged":["Strike_B","Coolheaded","Streamline","Reprogram","Rebound","Redo+1"],"score":844,"play_id":"b03469c7-d336-4866-b914-f4ded8748f6e","local_time":"20181102205928","is_ascension_mode":false,"campfire_choices":[{"data":"Electrodynamics","floor":6,"key":"SMITH"},{"data":"Dualcast","floor":11,"key":"SMITH"},{"data":"Biased Cognition","floor":15,"key":"SMITH"},{"floor":27,"key":"RECALL"},{"data":"Redo","floor":28,"key":"SMITH"},{"data":"Gash","floor":32,"key":"SMITH"},{"floor":41,"key":"REST"},{"floor":49,"key":"REST"},{"data":"BootSequence","floor":52,"key":"SMITH"}],"neow_cost":"NONE","seed_source_timestamp":268797761481560,"circlet_count":0,"master_deck":["Zap+1","Dualcast+1","Electrodynamics+1","Biased Cognition+1","BootSequence+1","Gash+1","Cold Snap","Barrage"],"relics":["Cracked Core","Mango","WingedGreaves","Thread and Needle","Centennial Puzzle","Emotion Chip","Membership Card","Pandora\u0027s Box","Runic Capacitor","Kunai","MawBank","Omamori","Inserter","Du-Vu Doll","Orichalcum","Oddly Smooth Stone","Anchor","Incense Burner","Bag of Marbles","Vajra","GremlinMask","Singing Bowl","Strawberry"],"potions_floor_usage":[12,16,16,16,29,33,40,47,50,50,50,55],"damage_taken":[{"damage":0,"enemies":"Cultist","floor":1,"turns":2},{"damage":0,"enemies":"2 Louse","floor":4,"turns":1},{"damage":0,"enemies":"Small Slimes","floor":5,"turns":2},{"damage":13,"enemies":"3 Sentries","floor":7,"turns":3},{"damage":0,"enemies":"3 Louse","floor":8,"turns":1},{"damage":0,"enemies":"Exordium Thugs","floor":10,"turns":2},{"damage":9,"enemies":"Lagavulin","floor":12,"turns":5},{"damage":20,"enemies":"Hexaghost","floor":16,"turns":9},{"damage":0,"enemies":"3 Byrds","floor":18,"turns":2},{"damage":6,"enemies":"2 Thieves","floor":21,"turns":2},{"damage":0,"enemies":"Gremlin Leader","floor":23,"turns":3},{"damage":21,"enemies":"Book of Stabbing","floor":29,"turns":4},{"damage":0,"enemies":"Centurion and Healer","floor":30,"turns":3},{"damage":17,"enemies":"Gremlin Leader","floor":31,"turns":3},{"damage":7,"enemies":"Collector","floor":33,"turns":5},{"damage":0,"enemies":"3 Shapes","floor":35,"turns":1},{"damage":11,"enemies":"2 Orb Walkers","floor":36,"turns":2},{"damage":0,"enemies":"3 Darklings","floor":39,"turns":2},{"damage":62,"enemies":"Nemesis","floor":40,"turns":5},{"damage":0,"enemies":"Transient","floor":46,"turns":5},{"damage":46,"enemies":"Giant Head","floor":47,"turns":7},{"damage":0,"enemies":"Jaw Worm Horde","floor":48,"turns":1},{"damage":34,"enemies":"Donu and Deca","floor":50,"turns":3},{"damage":28,"enemies":"Shield and Spear","floor":54,"turns":4},{"damage":72,"enemies":"The Heart","floor":55,"turns":3}],"seed_played":"-1306885187761699493","potions_obtained":[{"floor":4,"key":"FocusPotion"},{"floor":8,"key":"SneckoOil"},{"floor":10,"key":"PowerPotion"},{"floor":12,"key":"EssenceOfSteel"},{"floor":16,"key":"AttackPotion"},{"floor":18,"key":"Weak Potion"},{"floor":23,"key":"LiquidBronze"},{"floor":29,"key":"LiquidBronze"},{"floor":36,"key":"Regen Potion"},{"floor":40,"key":"SkillPotion"},{"floor":48,"key":"SkillPotion"}],"is_trial":false,"path_per_floor":["M","?","?","M","M","R","E","M","T","M","R","E","?","$","R","B",null,"M","?","?","M","$","E","$","?","T","R","R","E","M","E","R","B",null,"M","?","?","$","M","E","R","$","T","T","?","M","E","M","R","B",null,"R","$","E","B"],"character_chosen":"DEFECT","items_purchased":["Membership Card","Runic Capacitor","Orichalcum","Oddly Smooth Stone","Incense Burner","Cold Snap","EssenceOfSteel","Energy Potion"],"campfire_rested":2,"item_purchase_floors":[14,22,38,38,42,53,53,53],"current_hp_per_floor":[75,64,78,78,78,78,65,65,65,65,65,56,38,38,38,18,89,89,89,89,83,83,83,83,83,83,83,83,62,62,45,45,38,89,89,78,89,89,89,36,62,62,62,62,62,62,18,20,47,13,93,93,93,72,0],"gold":46,"neow_bonus":"ONE_RANDOM_RARE_CARD","is_prod":false,"is_daily":false,"chose_seed":false,"campfire_upgraded":6,"win_rate":0,"timestamp":1541206768,"path_taken":["M","?","?","M","M","R","E","?","T","M","R","E","?","$","R","BOSS","M","?","?","?","$","E","$","?","T","R","R","E","?","E","R","BOSS","M","?","?","$","M","E","R","$","T","?","?","M","E","M","R","BOSS","R","$","E","BOSS"],"build_version":"2018-11-01v2","purchased_purges":6,"victory":false,"max_hp_per_floor":[75,75,89,89,89,89,89,89,89,89,89,89,89,89,89,89,89,89,89,89,89,89,89,89,89,89,89,89,89,89,89,89,89,89,89,89,89,89,89,89,89,89,89,89,89,89,91,93,93,93,93,93,93,100,100],"card_choices":[{"not_picked":["Cold Snap","Turbo","Chill"],"picked":"SKIP","floor":1},{"not_picked":["Go for the Eyes","Recycle","Hologram"],"picked":"SKIP","floor":4},{"not_picked":["Steam","Reprogram","Cold Snap"],"picked":"SKIP","floor":5},{"not_picked":["Conserve Battery","Cold Snap"],"picked":"Biased Cognition","floor":7},{"not_picked":["Undo","Streamline","Leap"],"picked":"SKIP","floor":8},{"not_picked":["Static Discharge","Ball Lightning","Chill"],"picked":"SKIP","floor":10},{"not_picked":["Glacier","Coolheaded","Stack"],"picked":"SKIP","floor":12},{"not_picked":["Barrage","Leap","Hello World"],"picked":"SKIP","floor":18},{"not_picked":["Chaos","Coolheaded","Barrage+1"],"picked":"SKIP","floor":21},{"not_picked":["Sunder","Fusion+1","Skim+1"],"picked":"SKIP","floor":23},{"not_picked":["Genetic Algorithm","Rebound","Ball Lightning"],"picked":"SKIP","floor":29},{"not_picked":["Stack","Cold Snap","Tempest"],"picked":"SKIP","floor":30},{"not_picked":["Recycle","Stack","Beam Cell+1"],"picked":"SKIP","floor":31},{"not_picked":["Redo","Stack+1","Fusion+1"],"picked":"SKIP","floor":35},{"not_picked":["Redo","Barrage","Aggregate"],"picked":"SKIP","floor":39},{"not_picked":["Multi-Cast","Turbo","Hologram"],"picked":"SKIP","floor":40},{"not_picked":["Cold Snap","Conserve Battery","Steam"],"picked":"SKIP","floor":46},{"not_picked":["Leap+1","Sweeping Beam+1","Hello World+1"],"picked":"Singing Bowl","floor":47},{"not_picked":["Melter","Hologram","FTL"],"picked":"Singing Bowl","floor":48},{"not_picked":["Tempest","Conserve Battery"],"picked":"Barrage","floor":54}],"player_experience":545794,"relics_obtained":[{"floor":7,"key":"WingedGreaves"},{"floor":9,"key":"Thread and Needle"},{"floor":12,"key":"Centennial Puzzle"},{"floor":23,"key":"Kunai"},{"floor":29,"key":"MawBank"},{"floor":31,"key":"Omamori"},{"floor":36,"key":"Du-Vu Doll"},{"floor":40,"key":"Anchor"},{"floor":43,"key":"Bag of Marbles"},{"floor":44,"key":"Vajra"},{"floor":47,"key":"Singing Bowl"},{"floor":54,"key":"Strawberry"}],"event_choices":[{"damage_healed":0,"gold_gain":75,"player_choice":"Gather Gold","damage_taken":11,"max_hp_gain":0,"max_hp_loss":0,"event_name":"World of Goop","floor":2,"gold_loss":0},{"damage_healed":0,"gold_gain":0,"player_choice":"Paid Gold","damage_taken":0,"relics_obtained":["Mango"],"max_hp_gain":0,"max_hp_loss":0,"event_name":"WeMeetAgain","floor":3,"gold_loss":54},{"damage_healed":0,"gold_gain":0,"player_choice":"Success","damage_taken":18,"relics_obtained":["Emotion Chip"],"max_hp_gain":0,"max_hp_loss":0,"event_name":"Scrap Ooze","floor":13,"gold_loss":0},{"damage_healed":0,"gold_gain":99,"player_choice":"Stole From Cult","damage_taken":0,"max_hp_gain":0,"max_hp_loss":0,"event_name":"Nest","floor":19,"gold_loss":0},{"damage_healed":0,"gold_gain":0,"player_choice":"Upgraded","damage_taken":0,"max_hp_gain":0,"max_hp_loss":0,"event_name":"Upgrade Shrine","floor":20,"gold_loss":0,"cards_upgraded":["Zap"]},{"damage_healed":0,"gold_gain":100,"player_choice":"Pray","damage_taken":0,"max_hp_gain":0,"max_hp_loss":0,"event_name":"Golden Shrine","floor":25,"gold_loss":0},{"damage_healed":0,"gold_gain":0,"player_choice":"Fight","damage_taken":0,"max_hp_gain":0,"max_hp_loss":0,"event_name":"Mysterious Sphere","floor":36,"gold_loss":0},{"damage_healed":22,"gold_gain":0,"player_choice":"Writhe","damage_taken":0,"max_hp_gain":0,"max_hp_loss":0,"event_name":"Winding Halls","floor":37,"gold_loss":0,"cards_obtained":["Writhe"]},{"damage_healed":0,"gold_gain":0,"player_choice":"Trade","damage_taken":0,"relics_obtained":["GremlinMask"],"max_hp_gain":0,"max_hp_loss":0,"event_name":"FaceTrader","floor":45,"gold_loss":0}],"is_beta":true,"boss_relics":[{"not_picked":["Fusion Hammer","Calling Bell"],"picked":"Pandora\u0027s Box"},{"not_picked":["Astrolabe","Runic Dome"],"picked":"Inserter"}],"items_purged_floors":[14,22,24,38,42,53],"is_endless":false,"potions_floor_spawned":[4,8,10,12,16,18,23,29,36,40,48],"killed_by":"The Heart","ascension_level":0}