{"gold_per_floor":[116,116,131,144,144,144,144,144,169,182,200,234,254,38,38,133,133,106,106,126,136,82,82,82],"floor_reached":24,"playtime":2140,"items_purged":[],"score":297,"play_id":"80e78059-8ced-4329-bac4-1443a000f819","local_time":"20190208190836","is_ascension_mode":true,"campfire_choices":[{"floor":6,"key":"REST"},{"data":"Neutralize","floor":8,"key":"SMITH"},{"floor":15,"key":"REST"},{"floor":23,"key":"REST"}],"neow_cost":"NONE","seed_source_timestamp":1221805196659387,"circlet_count":0,"master_deck":["AscendersBane","Defend_G","Defend_G+1","Defend_G+1","Strike_G","Strike_G","Strike_G","Survivor+1","Neutralize+1","Quick Slash+1","Dagger Throw","Die Die Die","Crippling Poison","Caltrops","Blur","PiercingWail","Tools of the Trade","Well Laid Plans","Caltrops","Concentrate","Prepared+1","Underhanded Strike","Deadly Poison"],"relics":["Ring of the Snake","Ice Cream","War Paint","Matryoshka","Medical Kit","White Beast Statue"],"potions_floor_usage":[12,16,21,21,21,24],"damage_taken":[{"damage":4,"enemies":"Small Slimes","floor":1,"turns":5},{"damage":0,"enemies":"2 Louse","floor":3,"turns":3},{"damage":0,"enemies":"Jaw Worm","floor":4,"turns":4},{"damage":0,"enemies":"Exordium Wildlife","floor":10,"turns":2},{"damage":1,"enemies":"Blue Slaver","floor":11,"turns":4},{"damage":16,"enemies":"Lagavulin","floor":12,"turns":7},{"damage":0,"enemies":"Looter","floor":13,"turns":2},{"damage":40,"enemies":"Slime Boss","floor":16,"turns":18},{"damage":26,"enemies":"2 Thieves","floor":18,"turns":5},{"damage":26,"enemies":"Spheric Guardian","floor":20,"turns":6},{"damage":3,"enemies":"Snecko","floor":21,"turns":3},{"damage":28,"enemies":"Book of Stabbing","floor":24,"turns":4}],"seed_played":"-6748202323841647862","potions_obtained":[{"floor":1,"key":"PowerPotion"},{"floor":12,"key":"FearPotion"},{"floor":13,"key":"Strength Potion"},{"floor":16,"key":"Strength Potion"},{"floor":18,"key":"AttackPotion"},{"floor":21,"key":"SkillPotion"}],"is_trial":false,"path_per_floor":["M","?","M","M","?","R","?","R","T","M","M","E","M","$","R","B",null,"M","?","M","M","$","R","E"],"character_chosen":"THE_SILENT","items_purchased":["Medical Kit","PiercingWail","Deadly Poison"],"campfire_rested":3,"item_purchase_floors":[14,14,22],"current_hp_per_floor":[59,47,47,47,33,54,54,54,54,54,53,37,37,37,58,18,57,31,31,5,2,2,23,0],"gold":82,"neow_bonus":"REMOVE_CARD","is_prod":false,"is_daily":false,"chose_seed":false,"campfire_upgraded":1,"win_rate":0,"timestamp":1549649316,"path_taken":["M","?","M","M","?","R","?","R","T","M","M","E","?","$","R","BOSS","M","?","M","M","$","R","E"],"build_version":"2019-01-23","purchased_purges":0,"victory":false,"max_hp_per_floor":[70,70,70,70,70,70,70,70,70,70,70,70,70,70,70,70,70,70,70,70,70,70,70,70],"card_choices":[{"not_picked":["Terror","Deadly Poison"],"picked":"Quick Slash","floor":1},{"not_picked":["Quick Slash","Poisoned Stab","Dagger Spray"],"picked":"SKIP","floor":3},{"not_picked":["Bouncing Flask","Choke"],"picked":"Dagger Throw","floor":4},{"not_picked":["Bouncing Flask","Expertise"],"picked":"Crippling Poison","floor":10},{"not_picked":["Distraction","Bouncing Flask"],"picked":"Caltrops","floor":11},{"not_picked":["Deflect","Accuracy","Unload"],"picked":"SKIP","floor":12},{"not_picked":["Dagger Spray","Backstab"],"picked":"Blur","floor":13},{"not_picked":["Burst","Glass Knife"],"picked":"Tools of the Trade","floor":16},{"not_picked":["Poisoned Stab","Bane"],"picked":"Well Laid Plans","floor":18},{"not_picked":["Finisher","Choke"],"picked":"Prepared+1","floor":20},{"not_picked":["Backflip","Skewer"],"picked":"Underhanded Strike","floor":21}],"player_experience":313127,"relics_obtained":[{"floor":9,"key":"War Paint"},{"floor":12,"key":"Matryoshka"}],"event_choices":[{"damage_healed":0,"gold_gain":0,"player_choice":"Success","damage_taken":12,"relics_obtained":["Ice Cream"],"max_hp_gain":0,"max_hp_loss":0,"event_name":"Scrap Ooze","floor":2,"gold_loss":0},{"damage_healed":0,"gold_gain":0,"player_choice":"Entered Light","damage_taken":14,"max_hp_gain":0,"max_hp_loss":0,"event_name":"Shining Light","floor":5,"gold_loss":0,"cards_upgraded":["Quick Slash","Defend_G"]},{"damage_healed":0,"gold_gain":0,"cards_transformed":["Defend_G"],"player_choice":"Change","damage_taken":0,"max_hp_gain":0,"max_hp_loss":0,"event_name":"Living Wall","floor":7,"gold_loss":0,"cards_obtained":["Die Die Die"]},{"damage_healed":0,"gold_gain":0,"cards_transformed":["Defend_G","Strike_G"],"player_choice":"Became Test Subject","damage_taken":0,"max_hp_gain":0,"max_hp_loss":0,"event_name":"Drug Dealer","floor":19,"gold_loss":0,"cards_obtained":["Caltrops","Concentrate"]}],"is_beta":false,"boss_relics":[{"not_picked":["Fusion Hammer","Velvet Choker"],"picked":"White Beast Statue"}],"items_purged_floors":[],"is_endless":false,"potions_floor_spawned":[1,12,13,16,18,20,21],"killed_by":"Book of Stabbing","ascension_level":10}