{"gold_per_floor":[369,151,151,151,151,151,169,181,259,272,285,285,303,318,318,416,416,428,343,343,357,158,158,175,175,175,175,192,192,224,238,238,337,337,347,52,152,152,167,167,192,204,240,283,295,317,329,351,363,375],"floor_reached":51,"playtime":2464,"items_purged":["Normality","Streamline"],"score":1139,"play_id":"2e7019fa-9c1a-48e4-94fd-d30bbf0c41de","local_time":"20190210142923","is_ascension_mode":true,"campfire_choices":[{"data":"Blind","floor":6,"key":"SMITH"},{"data":"Hologram","floor":12,"key":"SMITH"},{"data":"Zap","floor":15,"key":"SMITH"},{"data":"Storm","floor":23,"key":"SMITH"},{"data":"Defragment","floor":27,"key":"SMITH"},{"data":"Dualcast","floor":32,"key":"SMITH"},{"data":"Biased Cognition","floor":40,"key":"SMITH"},{"data":"Fission","floor":42,"key":"SMITH"},{"data":"Creative AI","floor":45,"key":"SMITH"},{"data":"Skim","floor":47,"key":"SMITH"},{"data":"Lockon","floor":49,"key":"SMITH"}],"neow_cost":"CURSE","seed_source_timestamp":766235738578000,"circlet_count":0,"master_deck":["Strike_B+1","Defend_B","Defend_B","Defend_B","Defend_B+1","Zap+1","Dualcast+1","Blind+1","Hologram+1","Ball Lightning","Skim+1","Biased Cognition+1","Storm+1","Echo Form","Coolheaded+1","Ghostly","Ghostly","Ghostly","Ghostly","Ghostly","Steam","Self Repair","Defragment+1","Lockon+1","Self Repair","Conserve Battery","Creative AI+1","Echo Form","Finesse","Fission+1"],"relics":["Cracked Core","Question Card","Gremlin Horn","Empty Cage","Sundial","Strange Spoon","Orichalcum","Omamori","Busted Crown","DollysMirror","Thread and Needle","MawBank","Pen Nib","Regal Pillow"],"potions_floor_usage":[11,16,30,50,50],"damage_taken":[{"damage":0,"enemies":"2 Louse","floor":1,"turns":2},{"damage":2,"enemies":"Small Slimes","floor":7,"turns":4},{"damage":2,"enemies":"Jaw Worm","floor":8,"turns":3},{"damage":0,"enemies":"2 Fungi Beasts","floor":10,"turns":3},{"damage":0,"enemies":"Large Slime","floor":11,"turns":2},{"damage":6,"enemies":"Looter","floor":13,"turns":2},{"damage":0,"enemies":"Blue Slaver","floor":14,"turns":3},{"damage":21,"enemies":"Hexaghost","floor":16,"turns":8},{"damage":16,"enemies":"Spheric Guardian","floor":18,"turns":4},{"damage":0,"enemies":"Shell Parasite","floor":21,"turns":8},{"damage":2,"enemies":"3 Cultists","floor":24,"turns":6},{"damage":2,"enemies":"Chosen and Byrds","floor":28,"turns":6},{"damage":5,"enemies":"Book of Stabbing","floor":30,"turns":6},{"damage":18,"enemies":"Snake Plant","floor":31,"turns":5},{"damage":0,"enemies":"Collector","floor":33,"turns":10},{"damage":0,"enemies":"3 Shapes","floor":35,"turns":5},{"damage":0,"enemies":"Mind Bloom Boss Battle","floor":37,"turns":5},{"damage":11,"enemies":"3 Darklings","floor":39,"turns":5},{"damage":6,"enemies":"Reptomancer","floor":41,"turns":7},{"damage":0,"enemies":"Nemesis","floor":44,"turns":5},{"damage":7,"enemies":"Spire Growth","floor":46,"turns":5},{"damage":0,"enemies":"Maw","floor":48,"turns":6},{"damage":11,"enemies":"Awakened One","floor":50,"turns":9}],"seed_played":"-5973000691493628452","potions_obtained":[{"floor":7,"key":"Block Potion"},{"floor":11,"key":"Poison Potion"},{"floor":13,"key":"SneckoOil"},{"floor":16,"key":"Fire Potion"},{"floor":24,"key":"FairyPotion"},{"floor":33,"key":"Weak Potion"},{"floor":41,"key":"Dexterity Potion"},{"floor":48,"key":"Dexterity Potion"}],"is_trial":false,"path_per_floor":["M","$","?","?","?","R","M","M","T","M","M","R","M","M","R","B",null,"M","?","?","M","$","R","M","?","T","R","M","?","E","M","R","B",null,"M","$","?","?","M","R","E","R","T","E","R","M","R","M","R","B",null],"character_chosen":"DEFECT","items_purchased":["Beam Cell","Blind","Strange Spoon","DollysMirror"],"campfire_rested":0,"item_purchase_floors":[2,2,22,36],"current_hp_per_floor":[68,68,53,46,34,34,32,30,30,30,30,30,24,24,24,3,57,41,41,37,37,37,37,35,35,35,35,33,33,35,31,31,37,37,37,37,37,37,37,37,37,37,37,37,37,37,37,37,37,37],"gold":387,"neow_bonus":"TWO_FIFTY_GOLD","is_prod":false,"is_daily":false,"chose_seed":false,"campfire_upgraded":11,"win_rate":0,"timestamp":1549834163,"path_taken":["M","$","?","?","?","R","M","M","T","?","M","R","M","M","R","BOSS","M","?","?","M","$","R","M","?","T","R","M","?","E","M","R","BOSS","M","$","?","?","M","R","E","R","T","E","R","M","R","M","R","BOSS"],"build_version":"2019-01-23","purchased_purges":2,"victory":true,"max_hp_per_floor":[75,75,75,75,75,75,75,75,75,75,75,75,75,75,75,75,75,75,75,37,37,37,37,37,37,37,37,37,37,37,37,37,37,37,37,37,37,37,37,37,37,37,37,37,37,37,37,37,37,37],"card_choices":[{"not_picked":["Turbo","Cold Snap"],"picked":"Gash","floor":1},{"not_picked":["Steam Power","Redo","Melter"],"picked":"Hologram","floor":7},{"not_picked":["BootSequence","Coolheaded","Cold Snap"],"picked":"Ball Lightning","floor":8},{"not_picked":["Sweeping Beam","Beam Cell","Redo"],"picked":"Skim","floor":10},{"not_picked":["Turbo","Leap","Stack"],"picked":"Biased Cognition","floor":11},{"not_picked":["Stack","Skim","Consume"],"picked":"Storm","floor":13},{"not_picked":["Cold Snap","Recycle","Chaos","Force Field"],"picked":"SKIP","floor":14},{"not_picked":["Rainbow","Multi-Cast","Amplify"],"picked":"Echo Form","floor":16},{"not_picked":["Go for the Eyes","Rebound","Barrage"],"picked":"Coolheaded+1","floor":18},{"not_picked":["Auto Shields","Lockon","Streamline"],"picked":"Steam","floor":21},{"not_picked":["Darkness","Compile Driver","Blizzard"],"picked":"Self Repair","floor":24},{"not_picked":["Redo","Recycle","Genetic Algorithm","Chaos"],"picked":"SKIP","floor":28},{"not_picked":["Auto Shields","Turbo+1","BootSequence"],"picked":"Self Repair","floor":30},{"not_picked":["Doom and Gloom","Sweeping Beam","Beam Cell"],"picked":"Conserve Battery","floor":31},{"not_picked":["Seek","Machine Learning","Reboot"],"picked":"Creative AI","floor":33},{"not_picked":["Melter","Conserve Battery"],"picked":"SKIP","floor":35},{"not_picked":["The Bomb"],"picked":"Finesse","floor":38},{"not_picked":["Leap+1","Beam Cell+1"],"picked":"SKIP","floor":39},{"not_picked":["Rebound+1"],"picked":"Fission","floor":41},{"not_picked":["FTL","Barrage"],"picked":"SKIP","floor":44},{"not_picked":["Conserve Battery+1","BootSequence"],"picked":"SKIP","floor":46},{"not_picked":["Reprogram+1","Compile Driver"],"picked":"SKIP","floor":48}],"player_experience":340677,"relics_obtained":[{"floor":9,"key":"Gremlin Horn"},{"floor":26,"key":"Orichalcum"},{"floor":30,"key":"Omamori"},{"floor":37,"key":"Thread and Needle"},{"floor":41,"key":"MawBank"},{"floor":43,"key":"Pen Nib"},{"floor":44,"key":"Regal Pillow"}],"event_choices":[{"damage_healed":0,"gold_gain":0,"player_choice":"Entered Light","damage_taken":15,"max_hp_gain":0,"max_hp_loss":0,"event_name":"Shining Light","floor":3,"gold_loss":0,"cards_upgraded":["Defend_B","Strike_B"]},{"cards_removed":["Strike_B"],"damage_healed":0,"gold_gain":0,"player_choice":"Card Removal","damage_taken":7,"max_hp_gain":0,"max_hp_loss":0,"event_name":"Golden Wing","floor":4,"gold_loss":0},{"damage_healed":0,"gold_gain":0,"player_choice":"Success","damage_taken":12,"relics_obtained":["Question Card"],"max_hp_gain":0,"max_hp_loss":0,"event_name":"Scrap Ooze","floor":5,"gold_loss":0},{"damage_healed":0,"gold_gain":0,"player_choice":"Obtained Relic","damage_taken":0,"relics_obtained":["Sundial"],"max_hp_gain":0,"max_hp_loss":0,"event_name":"Addict","floor":19,"gold_loss":85},{"damage_healed":0,"gold_gain":0,"player_choice":"Became a Ghost","damage_taken":0,"max_hp_gain":0,"max_hp_loss":38,"event_name":"Ghosts","floor":20,"gold_loss":0,"cards_obtained":["Ghostly","Ghostly","Ghostly","Ghostly","Ghostly"]},{"damage_healed":0,"gold_gain":0,"player_choice":"Read","damage_taken":0,"max_hp_gain":0,"max_hp_loss":0,"event_name":"The Library","floor":25,"gold_loss":0,"cards_obtained":["Defragment"]},{"damage_healed":0,"gold_gain":0,"cards_transformed":["Gash","Beam Cell"],"player_choice":"Became Test Subject","damage_taken":0,"max_hp_gain":0,"max_hp_loss":0,"event_name":"Drug Dealer","floor":29,"gold_loss":0,"cards_obtained":["Streamline","Lockon"]},{"damage_healed":0,"gold_gain":0,"player_choice":"Fight","damage_taken":0,"max_hp_gain":0,"max_hp_loss":0,"event_name":"MindBloom","floor":37,"gold_loss":0},{"damage_healed":0,"gold_gain":0,"player_choice":"Memory 1","damage_taken":0,"max_hp_gain":0,"max_hp_loss":0,"event_name":"SensoryStone","floor":38,"gold_loss":0}],"is_beta":false,"boss_relics":[{"not_picked":["Fusion Hammer","Lizard Tail"],"picked":"Empty Cage"},{"not_picked":["Pandora\u0027s Box","Coffee Dripper"],"picked":"Busted Crown"}],"items_purged_floors":[2,36],"is_endless":false,"potions_floor_spawned":[7,11,13,16,24,28,33,37,41,44,48],"ascension_level":8}