{"gold_per_floor":[114,42,42,57,75,75,75,75,75,87,87,97,113,9,9,104,104,116,116,129,148,73,73,85,118,118,118,118,18,29,29,29,124,124,137,37,47,47,47,47,47,47,47,60,74,74,86,106,106,106],"floor_reached":50,"playtime":3677,"items_purged":["Strike_G+1","Strike_G+1"],"score":704,"play_id":"ef53a540-4f4a-4030-8a24-e659719377cd","local_time":"20190209193409","is_ascension_mode":true,"campfire_choices":[{"data":"Neutralize","floor":6,"key":"SMITH"},{"data":"Sucker Punch","floor":8,"key":"SMITH"},{"data":"Crippling Poison","floor":15,"key":"SMITH"},{"data":"Skewer","floor":23,"key":"SMITH"},{"data":"After Image","floor":27,"key":"SMITH"},{"data":"Concentrate","floor":32,"key":"SMITH"},{"data":"Tactician","floor":40,"key":"SMITH"},{"data":"Noxious Fumes","floor":42,"key":"SMITH"},{"data":"Noxious Fumes","floor":46,"key":"SMITH"},{"data":"Leg Sweep","floor":49,"key":"SMITH"}],"neow_cost":"NONE","seed_source_timestamp":1308199734789224,"circlet_count":0,"master_deck":["AscendersBane","Defend_G+1","Defend_G+1","Defend_G+1","Defend_G+1","Strike_G+1","Survivor","Neutralize+1","Cloak And Dagger","Noxious Fumes+1","Corpse Explosion+1","Noxious Fumes+1","Sucker Punch+1","Heel Hook","Expertise","Crippling Poison+1","Concentrate+1","After Image+1","Skewer+1","Predator","Backstab","Tactician+1","Heel Hook+1","Backstab+1","PiercingWail","Well Laid Plans+1","Venomology","Leg Sweep+1","Footwork+1","Parasite","Tactician+1","Well Laid Plans+1"],"relics":["Coffee Dripper","Ice Cream","Bottled Flame","Orrery","Tough Bandages","Frozen Egg 2","MutagenicStrength","Cursed Key","Toxic Egg 2"],"potions_floor_usage":[25,31,35,44,45,47,48,50,50],"damage_taken":[{"damage":3,"enemies":"Small Slimes","floor":1,"turns":6},{"damage":0,"enemies":"Cultist","floor":4,"turns":4},{"damage":10,"enemies":"2 Louse","floor":5,"turns":2},{"damage":0,"enemies":"Exordium Wildlife","floor":10,"turns":4},{"damage":0,"enemies":"Exordium Thugs","floor":12,"turns":4},{"damage":0,"enemies":"2 Fungi Beasts","floor":13,"turns":2},{"damage":4,"enemies":"The Guardian","floor":16,"turns":8},{"damage":0,"enemies":"Spheric Guardian","floor":18,"turns":3},{"damage":0,"enemies":"Chosen","floor":20,"turns":4},{"damage":6,"enemies":"Sentry and Sphere","floor":21,"turns":4},{"damage":1,"enemies":"Snake Plant","floor":24,"turns":4},{"damage":17,"enemies":"Book of Stabbing","floor":25,"turns":4},{"damage":7,"enemies":"Centurion and Healer","floor":30,"turns":4},{"damage":0,"enemies":"Colosseum Slavers","floor":31,"turns":3},{"damage":9,"enemies":"Champ","floor":33,"turns":11},{"damage":0,"enemies":"3 Shapes","floor":35,"turns":3},{"damage":6,"enemies":"3 Darklings","floor":37,"turns":3},{"damage":13,"enemies":"Transient","floor":44,"turns":5},{"damage":0,"enemies":"Writhing Mass","floor":45,"turns":7},{"damage":6,"enemies":"Sphere and 2 Shapes","floor":47,"turns":5},{"damage":19,"enemies":"Transient","floor":48,"turns":5},{"damage":14,"enemies":"Time Eater","floor":50,"turns":2}],"seed_played":"-8653524336856261360","potions_obtained":[{"floor":12,"key":"Poison Potion"},{"floor":13,"key":"GhostInAJar"},{"floor":25,"key":"Fire Potion"},{"floor":30,"key":"Dexterity Potion"},{"floor":33,"key":"Strength Potion"},{"floor":44,"key":"Swift Potion"},{"floor":48,"key":"PowerPotion"}],"is_trial":false,"path_per_floor":["M","$","?","M","M","R","?","R","T","M","?","M","M","$","R","B",null,"M","?","M","M","?","R","M","E","T","R","?","$","M","?","R","B",null,"M","$","M","?","$","R","?","R","T","M","M","R","M","M","R","B"],"character_chosen":"THE_SILENT","items_purchased":["Noxious Fumes","Crippling Poison","Concentrate","PiercingWail"],"campfire_rested":0,"item_purchase_floors":[2,14,14,29],"current_hp_per_floor":[60,60,60,60,50,50,50,50,50,50,36,36,36,36,36,32,61,61,61,61,55,55,55,54,37,37,37,37,37,30,30,30,21,58,58,58,52,52,52,52,52,52,52,39,39,39,33,14,14,0],"gold":106,"neow_bonus":"BOSS_RELIC","is_prod":false,"is_daily":false,"chose_seed":false,"campfire_upgraded":10,"win_rate":0,"timestamp":1549737249,"path_taken":["M","$","?","M","M","R","?","R","T","?","?","M","M","?","R","BOSS","M","?","M","M","?","R","M","E","T","R","?","$","?","?","R","BOSS","M","$","M","?","$","R","?","R","T","M","M","R","M","?","R","BOSS"],"build_version":"2019-01-23","purchased_purges":2,"victory":false,"max_hp_per_floor":[70,70,70,70,70,70,70,70,70,70,70,70,70,70,70,70,70,70,70,70,70,70,70,70,70,70,70,70,70,70,70,70,70,70,70,70,70,70,70,70,70,70,70,70,70,70,70,70,70,70],"card_choices":[{"not_picked":["Prepared","Choke"],"picked":"Cloak And Dagger","floor":1},{"not_picked":["Bane","Deflect"],"picked":"Noxious Fumes","floor":4},{"not_picked":["Reflex","Concentrate"],"picked":"Sucker Punch","floor":5},{"not_picked":["Bane","Sucker Punch"],"picked":"Heel Hook","floor":10},{"not_picked":["Eviscerate","Bane","Dodge and Roll"],"picked":"SKIP","floor":12},{"not_picked":["Reflex","Riddle With Holes"],"picked":"Expertise","floor":13},{"not_picked":["Corpse Explosion","Doppelganger"],"picked":"After Image","floor":16},{"not_picked":["Flechettes","Underhanded Strike"],"picked":"Skewer","floor":17},{"not_picked":["Dagger Spray","Riddle With Holes"],"picked":"Predator","floor":17},{"not_picked":["All Out Attack","Concentrate"],"picked":"Backstab","floor":17},{"not_picked":["Outmaneuver","Slice"],"picked":"Tactician","floor":17},{"not_picked":["Underhanded Strike","Endless Agony","Tactician"],"picked":"SKIP","floor":18},{"not_picked":["Accuracy","Quick Slash","Outmaneuver"],"picked":"SKIP","floor":20},{"not_picked":["Dodge and Roll","Dagger Throw","Quick Slash"],"picked":"SKIP","floor":21},{"not_picked":["A Thousand Cuts","Dagger Spray"],"picked":"Heel Hook+1","floor":24},{"not_picked":["Riddle With Holes","Poisoned Stab"],"picked":"Backstab+1","floor":25},{"not_picked":["Prepared+1","Crippling Poison"],"picked":"Well Laid Plans+1","floor":30},{"not_picked":["Unload","Wraith Form v2+1"],"picked":"Venomology","floor":33},{"not_picked":["Infinite Blades+1","Riddle With Holes"],"picked":"Leg Sweep","floor":35},{"not_picked":["Acrobatics+1","Accuracy+1"],"picked":"Footwork+1","floor":37},{"not_picked":["Riddle With Holes+1","Deadly Poison+1","Dagger Throw+1"],"picked":"SKIP","floor":44},{"not_picked":["Finisher","Outmaneuver+1","Deadly Poison+1"],"picked":"SKIP","floor":45},{"not_picked":["Bouncing Flask+1","Riddle With Holes"],"picked":"Tactician+1","floor":47},{"not_picked":["Slice","Expertise+1"],"picked":"Well Laid Plans+1","floor":48}],"player_experience":334278,"relics_obtained":[{"floor":7,"key":"Ice Cream"},{"floor":9,"key":"Bottled Flame"},{"floor":25,"key":"Tough Bandages"},{"floor":26,"key":"Frozen Egg 2"},{"floor":43,"key":"Toxic Egg 2"}],"event_choices":[{"damage_healed":0,"gold_gain":0,"cards_transformed":["Strike_G"],"player_choice":"Change","damage_taken":0,"max_hp_gain":0,"max_hp_loss":0,"event_name":"Living Wall","floor":3,"gold_loss":0,"cards_obtained":["Corpse Explosion"]},{"damage_healed":0,"gold_gain":0,"player_choice":"Relic","damage_taken":0,"max_hp_gain":0,"max_hp_loss":0,"event_name":"Wheel of Change","floor":7,"gold_loss":0},{"damage_healed":0,"gold_gain":0,"player_choice":"Entered Light","damage_taken":14,"max_hp_gain":0,"max_hp_loss":0,"event_name":"Shining Light","floor":11,"gold_loss":0,"cards_upgraded":["Defend_G","Corpse Explosion"]},{"damage_healed":0,"gold_gain":0,"player_choice":"Simplicity","damage_taken":0,"max_hp_gain":0,"max_hp_loss":0,"event_name":"Back to Basics","floor":19,"gold_loss":0,"cards_upgraded":["Defend_G","Defend_G","Defend_G","Defend_G","Strike_G","Strike_G","Strike_G","Strike_G"]},{"cards_removed":["Strike_G"],"damage_healed":0,"gold_gain":0,"player_choice":"Gave Gold","damage_taken":0,"max_hp_gain":0,"max_hp_loss":0,"event_name":"Beggar","floor":22,"gold_loss":75},{"damage_healed":0,"gold_gain":0,"player_choice":"Inject Mutagens","damage_taken":0,"relics_obtained":["MutagenicStrength"],"max_hp_gain":0,"max_hp_loss":0,"event_name":"Drug Dealer","floor":28,"gold_loss":0},{"damage_healed":0,"gold_gain":0,"player_choice":"Fight","damage_taken":0,"max_hp_gain":0,"max_hp_loss":0,"event_name":"Colosseum","floor":31,"gold_loss":0},{"damage_healed":0,"gold_gain":0,"player_choice":"Fled From Nobs","damage_taken":0,"max_hp_gain":0,"max_hp_loss":0,"event_name":"Colosseum","floor":31,"gold_loss":0},{"cards_removed":["Defend_G"],"damage_healed":0,"gold_gain":0,"player_choice":"Removed Skill","damage_taken":0,"max_hp_gain":0,"max_hp_loss":0,"event_name":"Falling","floor":38,"gold_loss":0},{"damage_healed":0,"gold_gain":0,"player_choice":"Ignored","damage_taken":0,"max_hp_gain":0,"max_hp_loss":0,"event_name":"SecretPortal","floor":41,"gold_loss":0}],"is_beta":false,"boss_relics":[{"not_picked":["HoveringKite","Tiny House"],"picked":"Orrery"},{"not_picked":["Runic Pyramid","Fusion Hammer"],"picked":"Cursed Key"}],"items_purged_floors":[29,36],"is_endless":false,"potions_floor_spawned":[12,13,18,25,30,31,33,44,45,48],"killed_by":"Time Eater","ascension_level":11}