{"gold_per_floor":[114,114,114,128,53,53,70,84,84,97,97,112,112,136,136,262,262,277,547,566,566],"floor_reached":21,"playtime":1295,"items_purged":["Strike_B"],"score":251,"play_id":"6fe79108-96b1-4604-929e-15fb251b9f99","local_time":"20190209224404","is_ascension_mode":true,"campfire_choices":[{"data":"Darkness","floor":6,"key":"SMITH"},{"data":"Dualcast","floor":11,"key":"SMITH"},{"floor":15,"key":"REST"}],"neow_cost":"NONE","seed_source_timestamp":1321978042817371,"circlet_count":0,"master_deck":["Defend_B","Defend_B","Defend_B","Defend_B","Dualcast+1","Go for the Eyes+1","Self Repair","Darkness+1","Biased Cognition","White Noise","Ball Lightning","Reinforced Body","Creative AI","Sweeping Beam+1","Stack+1","Stack+1","Conserve Battery"],"relics":["Cracked Core","Potion Belt","Letter Opener","Golden Idol","Astrolabe"],"potions_floor_usage":[14,14,16,16,21,21],"damage_taken":[{"damage":2,"enemies":"Jaw Worm","floor":1,"turns":3},{"damage":3,"enemies":"Small Slimes","floor":4,"turns":4},{"damage":2,"enemies":"2 Louse","floor":7,"turns":2},{"damage":4,"enemies":"Looter","floor":8,"turns":4},{"damage":9,"enemies":"Red Slaver","floor":10,"turns":3},{"damage":16,"enemies":"Lots of Slimes","floor":12,"turns":3},{"damage":20,"enemies":"Gremlin Gang","floor":14,"turns":3},{"damage":28,"enemies":"Slime Boss","floor":16,"turns":6},{"damage":7,"enemies":"3 Byrds","floor":18,"turns":4},{"damage":15,"enemies":"Shell Parasite","floor":20,"turns":5},{"damage":22,"enemies":"Cultist and Chosen","floor":21,"turns":6}],"seed_played":"-4821024769506022300","potions_obtained":[{"floor":4,"key":"Strength Potion"},{"floor":8,"key":"PowerPotion"},{"floor":10,"key":"Energy Potion"},{"floor":12,"key":"SpeedPotion"},{"floor":16,"key":"Swift Potion"},{"floor":18,"key":"Dexterity Potion"}],"is_trial":false,"path_per_floor":["M","?","?","M","$","R","M","M","T","M","R","M","?","M","R","B",null,"M","?","M","M"],"character_chosen":"DEFECT","items_purchased":[],"campfire_rested":1,"item_purchase_floors":[],"current_hp_per_floor":[66,51,51,55,55,55,60,56,56,47,47,31,31,11,31,10,54,54,30,22,0],"gold":566,"neow_bonus":"RANDOM_COMMON_RELIC","is_prod":false,"is_daily":false,"chose_seed":false,"campfire_upgraded":2,"win_rate":0,"timestamp":1549748644,"path_taken":["M","?","?","M","$","R","M","M","T","M","R","M","?","M","R","BOSS","M","?","M","?"],"build_version":"2019-01-23","purchased_purges":1,"victory":false,"max_hp_per_floor":[75,75,75,75,75,75,75,75,75,75,75,75,69,69,69,69,69,69,69,69,69],"card_choices":[{"not_picked":["Turbo","Beam Cell"],"picked":"Go for the Eyes","floor":1},{"not_picked":["Steam","BootSequence"],"picked":"Darkness","floor":4},{"not_picked":["Cold Snap","Compile Driver"],"picked":"Biased Cognition","floor":7},{"not_picked":["Barrage","Chaos","Sweeping Beam"],"picked":"SKIP","floor":8},{"not_picked":["Turbo","Chill"],"picked":"White Noise","floor":10},{"not_picked":["Scrape","Gash"],"picked":"Ball Lightning","floor":12},{"not_picked":["Beam Cell","Leap"],"picked":"Reinforced Body","floor":14},{"not_picked":["All For One","Echo Form"],"picked":"Creative AI","floor":16},{"not_picked":["Turbo","Go for the Eyes","Reprogram"],"picked":"SKIP","floor":18},{"not_picked":["Leap","Barrage+1"],"picked":"Conserve Battery","floor":20}],"player_experience":347973,"relics_obtained":[{"floor":9,"key":"Letter Opener"}],"event_choices":[{"damage_healed":0,"gold_gain":0,"player_choice":"Entered Light","damage_taken":15,"max_hp_gain":0,"max_hp_loss":0,"event_name":"Shining Light","floor":2,"gold_loss":0,"cards_upgraded":["Go for the Eyes","Strike_B"]},{"damage_healed":0,"gold_gain":0,"cards_transformed":["Strike_B"],"player_choice":"Change","damage_taken":0,"max_hp_gain":0,"max_hp_loss":0,"event_name":"Living Wall","floor":3,"gold_loss":0,"cards_obtained":["Self Repair"]},{"damage_healed":0,"gold_gain":0,"player_choice":"Lose Max HP","damage_taken":0,"relics_obtained":["Golden Idol"],"max_hp_gain":0,"max_hp_loss":6,"event_name":"Golden Idol","floor":13,"gold_loss":0},{"damage_healed":0,"gold_gain":270,"player_choice":"GOLD GOLD GOLD ","damage_taken":24,"max_hp_gain":0,"max_hp_loss":0,"event_name":"Knowing Skull","floor":19,"potions_obtained":[],"gold_loss":0,"cards_obtained":[]}],"is_beta":false,"boss_relics":[{"not_picked":["Inserter","Runic Dome"],"picked":"Astrolabe"}],"items_purged_floors":[5],"is_endless":false,"potions_floor_spawned":[4,8,10,12,16,18],"killed_by":"Cultist and Chosen","ascension_level":9}