{"gold_per_floor":[113,113,113,137,137,137,2,2,29,53,84,84,108,73,73,197,197,221,221,186,42,42,42],"floor_reached":23,"playtime":1304,"items_purged":["Strike_G"],"score":237,"play_id":"a058bf6d-42a6-4e45-b05b-3a6ea30bc25f","local_time":"20190210232257","is_ascension_mode":false,"campfire_choices":[{"data":"Neutralize","floor":6,"key":"SMITH"},{"data":"Blade Dance","floor":8,"key":"SMITH"},{"floor":15,"key":"REST"}],"neow_cost":"NONE","seed_source_timestamp":4931929710800,"circlet_count":0,"master_deck":["Defend_G","Defend_G","Defend_G","Defend_G","Defend_G","Strike_G","Strike_G","Strike_G","Survivor","Neutralize+1","Accuracy","Neutralize+1","Backflip+1","Blade Dance+1","Accuracy","Escape Plan","Phantasmal Killer","Slice","Dash","Caltrops"],"relics":["Ring of the Snake","Bloody Idol","Bag of Preparation","Letter Opener","Black Star","MutagenicStrength"],"potions_floor_usage":[4,16,18],"damage_taken":[{"damage":0,"enemies":"Cultist","floor":1,"turns":6},{"damage":0,"enemies":"Small Slimes","floor":4,"turns":5},{"damage":0,"enemies":"2 Louse","floor":10,"turns":2},{"damage":20,"enemies":"Gremlin Nob","floor":11,"turns":4},{"damage":2,"enemies":"Looter","floor":13,"turns":4},{"damage":0,"enemies":"The Guardian","floor":16,"turns":13},{"damage":10,"enemies":"3 Byrds","floor":18,"turns":6},{"damage":11,"enemies":"2 Thieves","floor":20,"turns":5},{"damage":72,"enemies":"Slavers","floor":23,"turns":6}],"seed_played":"5995698140574260615","potions_obtained":[{"floor":0,"key":"Strength Potion"},{"floor":0,"key":"FairyPotion"},{"floor":0,"key":"Weak Potion"},{"floor":16,"key":"AttackPotion"}],"is_trial":false,"path_per_floor":["M","?","?","M","?","R","$","R","T","M","E","?","M","?","R","B",null,"M","?","M","$","?","E"],"character_chosen":"THE_SILENT","items_purchased":["Blade Dance","Accuracy","Caltrops"],"campfire_rested":1,"item_purchase_floors":[7,7,21],"current_hp_per_floor":[70,53,53,53,39,39,39,39,39,39,19,19,17,34,55,55,70,60,60,59,59,59,0],"gold":42,"neow_bonus":"THREE_SMALL_POTIONS","is_prod":false,"is_daily":false,"chose_seed":false,"campfire_upgraded":2,"win_rate":0.0,"timestamp":1549869777,"path_taken":["M","?","?","?","?","R","$","R","T","M","E","?","M","?","R","BOSS","M","?","M","$","?","E"],"build_version":"2019-01-23","purchased_purges":1,"victory":false,"max_hp_per_floor":[70,70,70,70,70,70,70,70,70,70,70,70,70,70,70,70,70,70,70,70,70,70,70],"card_choices":[{"not_picked":["Quick Slash","Eviscerate"],"picked":"Accuracy","floor":1},{"not_picked":["Acrobatics","Catalyst"],"picked":"Backflip","floor":4},{"not_picked":["Choke","Poisoned Stab","Bane"],"picked":"SKIP","floor":10},{"not_picked":["Acrobatics","Skewer","Expertise"],"picked":"SKIP","floor":11},{"not_picked":["Prepared","Expertise"],"picked":"Escape Plan","floor":13},{"not_picked":["Wraith Form v2","Corpse Explosion"],"picked":"Phantasmal Killer","floor":16},{"not_picked":["Acrobatics+1","Poisoned Stab+1"],"picked":"Slice","floor":18},{"not_picked":["Catalyst","Dodge and Roll"],"picked":"Dash","floor":20}],"player_experience":112083,"relics_obtained":[{"floor":9,"key":"Bag of Preparation"},{"floor":11,"key":"Letter Opener"}],"event_choices":[{"damage_healed":0,"gold_gain":0,"player_choice":"Take Damage","damage_taken":17,"relics_obtained":["Golden Idol"],"max_hp_gain":0,"max_hp_loss":0,"event_name":"Golden Idol","floor":2,"gold_loss":0},{"damage_healed":0,"gold_gain":0,"player_choice":"1 cards matched","damage_taken":0,"max_hp_gain":0,"max_hp_loss":0,"event_name":"Match and Keep!","floor":3,"gold_loss":0,"cards_obtained":["Neutralize"]},{"damage_healed":0,"gold_gain":0,"player_choice":"Entered Light","damage_taken":14,"max_hp_gain":0,"max_hp_loss":0,"event_name":"Shining Light","floor":5,"gold_loss":0,"cards_upgraded":["Backflip","Neutralize"]},{"cards_removed":["Strike_G"],"damage_healed":0,"gold_gain":0,"player_choice":"Forget","damage_taken":0,"max_hp_gain":0,"max_hp_loss":0,"event_name":"Living Wall","floor":12,"gold_loss":0},{"damage_healed":17,"gold_gain":0,"player_choice":"Healed","damage_taken":0,"max_hp_gain":0,"max_hp_loss":0,"event_name":"The Cleric","floor":14,"gold_loss":35},{"damage_healed":0,"gold_gain":0,"player_choice":"Gave Idol","damage_taken":0,"relics_obtained":["Bloody Idol"],"max_hp_gain":0,"max_hp_loss":0,"event_name":"Forgotten Altar","floor":19,"relics_lost":["Golden Idol"],"gold_loss":0},{"damage_healed":0,"gold_gain":0,"player_choice":"Inject Mutagens","damage_taken":0,"relics_obtained":["MutagenicStrength"],"max_hp_gain":0,"max_hp_loss":0,"event_name":"Drug Dealer","floor":22,"gold_loss":0}],"is_beta":false,"boss_relics":[{"not_picked":["Sozu","Snecko Eye"],"picked":"Black Star"}],"items_purged_floors":[21],"is_endless":false,"potions_floor_spawned":[1,16],"killed_by":"Slavers","ascension_level":0}