{"gold_per_floor":[367,387,235,235,16,44,55,55,135,147,147,164,164,174,174,269,269,280,159,84,84,84,84,95,95,95,106,119,119,129,145,145,242,242,260,271,57,57],"floor_reached":38,"playtime":1921,"items_purged":["Strike_B"],"score":529,"play_id":"076757ba-d48c-4257-b8aa-735810e4d685","local_time":"20181128123336","is_ascension_mode":true,"campfire_choices":[{"floor":11,"key":"REST"},{"floor":15,"key":"REST"},{"floor":23,"key":"REST"},{"data":"Hyperbeam","floor":25,"key":"SMITH"},{"floor":29,"key":"REST"},{"floor":32,"key":"REST"}],"neow_cost":"TEN_PERCENT_HP_LOSS","seed_source_timestamp":392546363072728,"circlet_count":0,"master_deck":["Defend_B","Zap+1","Dualcast","Gash","Beam Cell","Hyperbeam+1","Scrape","Glacier","Core Surge","Redo","Beam Cell","Ball Lightning+1","Beam Cell","FTL","Biased Cognition","Redo","Conserve Battery","Necronomicurse","Consume","Doom and Gloom+1","Self Repair","FTL+1","Multi-Cast","Barrage+1","Coolheaded+1","Reprogram+1","Go for the Eyes+1","Sweeping Beam","Hyperbeam","Cold Snap","Parasite"],"relics":["Cracked Core","Potion Belt","Mercury Hourglass","Lizard Tail","Necronomicon","DataDisk","Astrolabe"],"potions_floor_usage":[6,14,24,28,30,31,31,31,31,31,31,31,31,33],"damage_taken":[{"damage":11,"enemies":"2 Louse","floor":1,"turns":3},{"damage":13,"enemies":"Jaw Worm","floor":2,"turns":4},{"damage":13,"enemies":"Lagavulin","floor":6,"turns":6},{"damage":0,"enemies":"Small Slimes","floor":7,"turns":1},{"damage":0,"enemies":"Looter","floor":10,"turns":2},{"damage":3,"enemies":"3 Louse","floor":12,"turns":2},{"damage":9,"enemies":"Lots of Slimes","floor":14,"turns":2},{"damage":10,"enemies":"Slime Boss","floor":16,"turns":5},{"damage":10,"enemies":"3 Byrds","floor":18,"turns":3},{"damage":8,"enemies":"Spheric Guardian","floor":24,"turns":4},{"damage":21,"enemies":"3 Cultists","floor":27,"turns":4},{"damage":30,"enemies":"Snake Plant","floor":28,"turns":3},{"damage":14,"enemies":"Centurion and Healer","floor":30,"turns":3},{"damage":0,"enemies":"Snecko","floor":31,"turns":2},{"damage":42,"enemies":"Automaton","floor":33,"turns":7},{"damage":0,"enemies":"3 Darklings","floor":35,"turns":1},{"damage":3,"enemies":"Orb Walker","floor":36,"turns":2},{"damage":64,"enemies":"Writhing Mass","floor":38,"turns":6}],"seed_played":"943616172092316748","potions_obtained":[{"floor":1,"key":"Strength Potion"},{"floor":12,"key":"LiquidBronze"},{"floor":14,"key":"Weak Potion"},{"floor":18,"key":"Ancient Potion"},{"floor":22,"key":"EntropicBrew"},{"floor":22,"key":"Poison Potion"},{"floor":22,"key":"Regen Potion"},{"floor":30,"key":"Fire Potion"},{"floor":31,"key":"FocusPotion"},{"floor":35,"key":"SpeedPotion"}],"is_trial":false,"path_per_floor":["M","M","$","?","$","E","M","?","T","M","R","M","?","M","R","B",null,"M","$","?","?","?","R","M","R","T","M","M","R","M","M","R","B",null,"M","M","$","M"],"character_chosen":"DEFECT","items_purchased":["Hyperbeam","Glacier","Core Surge","Conserve Battery","Hyperbeam","Cold Snap"],"campfire_rested":5,"item_purchase_floors":[3,5,5,19,37,37],"current_hp_per_floor":[57,44,44,44,44,31,31,24,24,24,44,41,27,18,38,28,58,48,48,48,32,32,52,56,56,56,35,5,25,11,18,38,41,61,61,58,58,0],"gold":57,"neow_bonus":"TWO_FIFTY_GOLD","is_prod":false,"is_daily":false,"chose_seed":false,"campfire_upgraded":1,"win_rate":0,"timestamp":1543408416,"path_taken":["M","M","$","?","$","E","M","?","T","?","R","M","?","M","R","BOSS","M","$","?","?","?","R","M","R","T","M","M","R","M","M","R","BOSS","M","M","$","M"],"build_version":"2018-11-15","purchased_purges":1,"victory":false,"max_hp_per_floor":[68,68,68,68,68,68,68,68,68,68,68,68,68,68,68,68,68,68,68,68,68,68,68,68,68,68,68,68,68,68,68,68,68,68,68,68,68,68],"card_choices":[{"not_picked":["Scrape","Compile Driver"],"picked":"Gash","floor":1},{"not_picked":["Leap","Stack"],"picked":"Beam Cell","floor":2},{"not_picked":["Streamline","Storm"],"picked":"Redo","floor":6},{"not_picked":["Turbo","Conserve Battery"],"picked":"Beam Cell","floor":7},{"not_picked":["Barrage","Conserve Battery"],"picked":"Ball Lightning","floor":10},{"not_picked":["Conserve Battery","Fusion"],"picked":"Beam Cell","floor":12},{"not_picked":["Fission","Leap"],"picked":"FTL","floor":14},{"not_picked":["Machine Learning","Rainbow"],"picked":"Biased Cognition","floor":16},{"not_picked":["Rip and Tear","BootSequence"],"picked":"Redo","floor":18},{"not_picked":["Beam Cell","Auto Shields"],"picked":"Consume","floor":24},{"not_picked":["Turbo+1","Hologram","Stack"],"picked":"SKIP","floor":27},{"not_picked":["Storm","BootSequence"],"picked":"Doom and Gloom+1","floor":28},{"not_picked":["Barrage","Meteor Strike"],"picked":"Self Repair","floor":30},{"not_picked":["Heatsinks","Blizzard"],"picked":"FTL+1","floor":31},{"not_picked":["Machine Learning","Creative AI"],"picked":"Multi-Cast","floor":33},{"not_picked":["Barrage+1","Ball Lightning"],"picked":"Go for the Eyes+1","floor":35},{"not_picked":["Stack","Turbo+1"],"picked":"Sweeping Beam","floor":36}],"player_experience":902459,"relics_obtained":[{"floor":6,"key":"Potion Belt"},{"floor":9,"key":"Mercury Hourglass"},{"floor":21,"key":"Necronomicon"},{"floor":26,"key":"DataDisk"}],"event_choices":[{"damage_healed":0,"gold_gain":0,"cards_transformed":["Strike_B"],"player_choice":"Change","damage_taken":0,"max_hp_gain":0,"max_hp_loss":0,"event_name":"Living Wall","floor":4,"gold_loss":0,"cards_obtained":["Scrape"]},{"cards_removed":["Strike_B"],"damage_healed":0,"gold_gain":0,"player_choice":"Card Removal","damage_taken":7,"max_hp_gain":0,"max_hp_loss":0,"event_name":"Golden Wing","floor":8,"gold_loss":0},{"damage_healed":0,"gold_gain":0,"player_choice":"Entered Light","damage_taken":14,"max_hp_gain":0,"max_hp_loss":0,"event_name":"Shining Light","floor":13,"gold_loss":0,"cards_upgraded":["Ball Lightning","Zap"]},{"cards_removed":["Strike_B"],"damage_healed":0,"gold_gain":0,"player_choice":"Gave Gold","damage_taken":0,"max_hp_gain":0,"max_hp_loss":0,"event_name":"Beggar","floor":20,"gold_loss":75},{"damage_healed":0,"gold_gain":0,"player_choice":"Obtained Book","damage_taken":16,"max_hp_gain":0,"max_hp_loss":0,"event_name":"Cursed Tome","floor":21,"gold_loss":0},{"damage_healed":0,"gold_gain":0,"player_choice":"Got Potions","damage_taken":0,"max_hp_gain":0,"max_hp_loss":0,"event_name":"Lab","floor":22,"gold_loss":0}],"is_beta":false,"boss_relics":[{"not_picked":["Coffee Dripper","Busted Crown"],"picked":"Lizard Tail"},{"not_picked":["Runic Dome","Tiny House"],"picked":"Astrolabe"}],"items_purged_floors":[19],"is_endless":false,"potions_floor_spawned":[1,12,14,18,30,31,35],"killed_by":"Writhing Mass","ascension_level":8}