{"gold_per_floor":[114,124,137,62,162,16,35,47,101,101,127,127,158,174,174,273,273,291,303,303,317,336,336,336],"floor_reached":24,"playtime":1129,"items_purged":["Strike_G"],"score":263,"play_id":"1dcac2dd-daaa-4666-8849-2f131291c993","local_time":"20190120171402","is_ascension_mode":true,"campfire_choices":[{"data":"Noxious Fumes","floor":10,"key":"SMITH"},{"floor":12,"key":"REST"},{"floor":15,"key":"RECALL"},{"floor":23,"key":"REST"}],"neow_cost":"NONE","seed_source_timestamp":60067554589500,"circlet_count":0,"master_deck":["Defend_G","Defend_G","Defend_G","Defend_G","Defend_G","Strike_G","Strike_G","Strike_G","Strike_G","Survivor","Neutralize","Prepared","Noxious Fumes+1","Noxious Fumes","Crippling Poison","Venomology","Catalyst","Night Terror","Well Laid Plans"],"relics":["Ring of the Snake","Bag of Marbles","Snake Skull","Meat on the Bone","Bag of Preparation","Cursed Key"],"potions_floor_usage":[11,11,13,16,18,18,21,24,24],"damage_taken":[{"damage":0,"enemies":"Cultist","floor":1,"turns":3},{"damage":0,"enemies":"2 Louse","floor":2,"turns":5},{"damage":0,"enemies":"Small Slimes","floor":3,"turns":3},{"damage":19,"enemies":"Looter","floor":7,"turns":4},{"damage":7,"enemies":"3 Louse","floor":8,"turns":4},{"damage":7,"enemies":"Gremlin Nob","floor":11,"turns":4},{"damage":14,"enemies":"3 Sentries","floor":13,"turns":5},{"damage":0,"enemies":"2 Fungi Beasts","floor":14,"turns":4},{"damage":20,"enemies":"The Guardian","floor":16,"turns":9},{"damage":11,"enemies":"3 Byrds","floor":18,"turns":3},{"damage":20,"enemies":"Spheric Guardian","floor":19,"turns":4},{"damage":36,"enemies":"Shelled Parasite and Fungi","floor":21,"turns":5},{"damage":11,"enemies":"Centurion and Healer","floor":22,"turns":6},{"damage":41,"enemies":"Book of Stabbing","floor":24,"turns":5}],"seed_played":"-1152489035006517555","potions_obtained":[{"floor":1,"key":"GhostInAJar"},{"floor":3,"key":"SteroidPotion"},{"floor":7,"key":"PowerPotion"},{"floor":11,"key":"SpeedPotion"},{"floor":13,"key":"GhostInAJar"},{"floor":16,"key":"Dexterity Potion"},{"floor":21,"key":"LiquidBronze"}],"is_trial":false,"path_per_floor":["M","M","M","$","?","$","M","M","T","R","E","R","E","M","R","B",null,"M","M","?","M","M","R","E"],"character_chosen":"THE_SILENT","items_purchased":["Noxious Fumes","Crippling Poison"],"campfire_rested":2,"item_purchase_floors":[6,6],"current_hp_per_floor":[70,70,70,70,70,70,51,44,44,44,37,58,44,44,44,36,62,51,43,43,19,20,41,0],"gold":336,"neow_bonus":"RANDOM_COMMON_RELIC","is_prod":false,"is_daily":false,"chose_seed":false,"campfire_upgraded":1,"win_rate":0,"timestamp":1548000842,"path_taken":["M","?","M","$","?","$","M","M","T","R","E","R","E","M","R","BOSS","M","?","?","M","M","R","E"],"build_version":"2019-01-17v2","purchased_purges":1,"victory":false,"max_hp_per_floor":[70,70,70,70,70,70,70,70,70,70,70,70,70,70,70,70,70,70,70,70,70,70,70,70],"card_choices":[{"not_picked":["Crippling Poison","Flying Knee","Cloak And Dagger"],"picked":"SKIP","floor":1},{"not_picked":["Dodge and Roll","Reflex"],"picked":"Prepared","floor":2},{"not_picked":["Outmaneuver","Cloak And Dagger"],"picked":"Noxious Fumes","floor":3},{"not_picked":["Sucker Punch","Backflip","PiercingWail"],"picked":"SKIP","floor":7},{"not_picked":["Acrobatics","Masterful Stab"],"picked":"Venomology","floor":8},{"not_picked":["Bouncing Flask","Acrobatics"],"picked":"Catalyst","floor":11},{"not_picked":["Reflex","Expertise","Dagger Spray"],"picked":"SKIP","floor":13},{"not_picked":["Masterful Stab","Underhanded Strike","Terror"],"picked":"SKIP","floor":14},{"not_picked":["Glass Knife","A Thousand Cuts"],"picked":"Night Terror","floor":16},{"not_picked":["Bane","Cloak And Dagger","Acrobatics+1"],"picked":"SKIP","floor":18},{"not_picked":["Masterful Stab","Eviscerate+1","All Out Attack+1"],"picked":"SKIP","floor":19},{"not_picked":["Dodge and Roll+1","Distraction","Sucker Punch"],"picked":"SKIP","floor":21},{"not_picked":["Expertise","Slice"],"picked":"Well Laid Plans","floor":22}],"player_experience":844481,"relics_obtained":[{"floor":9,"key":"Snake Skull"},{"floor":11,"key":"Meat on the Bone"},{"floor":13,"key":"Bag of Preparation"}],"event_choices":[{"damage_healed":0,"gold_gain":100,"player_choice":"Gold","damage_taken":0,"max_hp_gain":0,"max_hp_loss":0,"event_name":"Wheel of Change","floor":5,"gold_loss":0},{"damage_healed":0,"gold_gain":0,"player_choice":"Ignored","damage_taken":0,"max_hp_gain":0,"max_hp_loss":0,"event_name":"Vampires","floor":20,"gold_loss":0}],"is_beta":false,"boss_relics":[{"not_picked":["WristBlade","Pandora\u0027s Box"],"picked":"Cursed Key"}],"items_purged_floors":[4],"is_endless":false,"potions_floor_spawned":[1,3,7,11,13,16,21],"killed_by":"Book of Stabbing","ascension_level":5}