{"gold_per_floor":[20,38,57,76,76,76,105,105,129,129,146,71,146,146,146,274,274,294,16,40,40,165,165,165,200,200,244,263,116,116,141,141,269,269,284,109,134,134,134,172,172,216,216,257,257,281,1,40,40,40,40,40,40,74,74],"floor_reached":55,"playtime":1818,"items_purged":["Regret","Strike_B","Strike_B"],"score":859,"play_id":"f5bac0c9-73e8-4e24-ad37-45a99a8db15b","local_time":"20190127153413","is_ascension_mode":true,"campfire_choices":[{"data":"Electrodynamics","floor":6,"key":"SMITH"},{"data":"Zap","floor":8,"key":"SMITH"},{"data":"Dualcast","floor":10,"key":"SMITH"},{"floor":15,"key":"REST"},{"data":"Reinforced Body","floor":23,"key":"SMITH"},{"data":"Fission","floor":30,"key":"SMITH"},{"floor":32,"key":"REST"},{"floor":41,"key":"DIG"},{"floor":45,"key":"DIG"},{"floor":49,"key":"RECALL"},{"data":"Defragment","floor":52,"key":"SMITH"}],"neow_cost":"NO_GOLD","seed_source_timestamp":635281112448259,"circlet_count":0,"master_deck":["Strike_B","Defend_B","Defend_B","Defend_B","Defend_B","Zap+1","Dualcast+1","Electrodynamics+1","Ball Lightning","Ball Lightning","Conserve Battery","Consume","Reboot","Reinforced Body+1","Capacitor","Barrage+1","Leap+1","Fission+1","Stack","Stack","Thunder Strike","Beam Cell+1","Defragment+1","Rainbow","Glacier","Storm+1","Lockon+1","Self Repair","Conserve Battery+1","Fission"],"relics":["Cracked Core","Lantern","Strawberry","DataDisk","Golden Idol","Sozu","Runic Capacitor","Emotion Chip","Bottled Tornado","Symbiotic Virus","Shovel","Blue Candle","Sundial","Pen Nib","Inserter","Juzu Bracelet","Darkstone Periapt","Kunai","Question Card","Molten Egg 2","Omamori","Bag of Preparation"],"potions_floor_usage":[16,20,33,50],"damage_taken":[{"damage":5,"enemies":"Small Slimes","floor":1,"turns":3},{"damage":8,"enemies":"2 Louse","floor":2,"turns":3},{"damage":3,"enemies":"Jaw Worm","floor":3,"turns":3},{"damage":0,"enemies":"3 Louse","floor":4,"turns":1},{"damage":34,"enemies":"Lagavulin","floor":7,"turns":5},{"damage":0,"enemies":"Blue Slaver","floor":11,"turns":2},{"damage":19,"enemies":"The Guardian","floor":16,"turns":9},{"damage":0,"enemies":"Chosen","floor":18,"turns":3},{"damage":2,"enemies":"Shell Parasite","floor":20,"turns":3},{"damage":26,"enemies":"Colosseum Slavers","floor":22,"turns":3},{"damage":0,"enemies":"Colosseum Nobs","floor":22,"turns":3},{"damage":13,"enemies":"Gremlin Leader","floor":25,"turns":4},{"damage":12,"enemies":"Slavers","floor":27,"turns":3},{"damage":11,"enemies":"Snake Plant","floor":28,"turns":2},{"damage":0,"enemies":"Snecko","floor":31,"turns":3},{"damage":9,"enemies":"Collector","floor":33,"turns":5},{"damage":0,"enemies":"Orb Walker","floor":35,"turns":2},{"damage":0,"enemies":"3 Shapes","floor":37,"turns":2},{"damage":0,"enemies":"Reptomancer","floor":40,"turns":4},{"damage":14,"enemies":"Giant Head","floor":42,"turns":6},{"damage":4,"enemies":"Reptomancer","floor":44,"turns":4},{"damage":9,"enemies":"3 Darklings","floor":46,"turns":2},{"damage":11,"enemies":"Nemesis","floor":48,"turns":5},{"damage":25,"enemies":"Awakened One","floor":50,"turns":7},{"damage":30,"enemies":"Shield and Spear","floor":54,"turns":3},{"damage":74,"enemies":"The Heart","floor":55,"turns":5}],"seed_played":"-5375458427301229302","potions_obtained":[{"floor":4,"key":"SteroidPotion"},{"floor":7,"key":"EssenceOfSteel"},{"floor":11,"key":"PowerPotion"},{"floor":16,"key":"Ancient Potion"}],"is_trial":false,"path_per_floor":["M","M","M","M","?","R","E","R","T","R","M","$","?","?","R","B",null,"M","$","M","?","?","R","?","E","T","E","M","?","R","M","R","B",null,"M","$","M","?","?","E","R","E","T","E","R","M","$","E","R","B",null,"R","$","E","B"],"character_chosen":"DEFECT","items_purchased":["Runic Capacitor","Capacitor","Defragment","Lockon+1","Self Repair"],"campfire_rested":2,"item_purchase_floors":[19,19,36,47,47],"current_hp_per_floor":[70,62,59,59,59,59,32,32,32,32,32,32,21,21,43,24,76,76,76,74,74,48,48,48,35,35,23,12,12,12,12,34,25,76,76,76,76,76,72,72,72,58,58,54,54,45,45,41,41,16,72,72,72,49,0],"gold":74,"neow_bonus":"THREE_RARE_CARDS","is_prod":false,"is_daily":false,"chose_seed":false,"campfire_upgraded":6,"win_rate":0,"timestamp":1548621253,"path_taken":["M","M","M","M","?","R","E","R","T","R","M","$","?","?","R","BOSS","M","$","M","?","?","R","?","E","T","E","M","?","R","?","R","BOSS","M","$","M","?","?","E","R","E","T","E","R","M","$","E","R","BOSS","R","$","E","BOSS"],"build_version":"2019-01-23","purchased_purges":3,"victory":false,"max_hp_per_floor":[75,75,75,75,75,75,82,82,82,82,82,82,82,76,76,76,76,76,76,76,76,76,76,76,76,76,76,76,76,76,76,76,76,76,76,76,76,76,72,72,72,72,72,72,72,72,72,72,72,72,72,72,72,72,72],"card_choices":[{"not_picked":["Hyperbeam","Rainbow"],"picked":"Electrodynamics","floor":0},{"not_picked":["Gash","Stack"],"picked":"Ball Lightning","floor":1},{"not_picked":["Rebound","Recycle","Stack"],"picked":"SKIP","floor":2},{"not_picked":["Recycle","Heatsinks"],"picked":"Ball Lightning","floor":3},{"not_picked":["Cold Snap","Coolheaded"],"picked":"Conserve Battery","floor":4},{"not_picked":["Rebound","Barrage","Heatsinks"],"picked":"SKIP","floor":7},{"not_picked":["Heatsinks","Steam Power"],"picked":"Consume","floor":11},{"not_picked":["Amplify","Hyperbeam"],"picked":"Reboot","floor":16},{"not_picked":["Rebound","Conserve Battery"],"picked":"Reinforced Body","floor":18},{"not_picked":["Cold Snap+1","Coolheaded"],"picked":"Barrage+1","floor":20},{"not_picked":["Steam Power","Conserve Battery"],"picked":"Leap+1","floor":25},{"not_picked":["Coolheaded+1","Turbo"],"picked":"Fission","floor":27},{"not_picked":["Compile Driver","Cold Snap"],"picked":"Stack","floor":28},{"not_picked":["Rip and Tear","Tempest"],"picked":"Stack","floor":31},{"not_picked":["Amplify","Multi-Cast"],"picked":"Thunder Strike","floor":33},{"not_picked":["Chill+1","Rebound"],"picked":"Beam Cell+1","floor":35},{"not_picked":["Compile Driver","Gash+1","Melter+1"],"picked":"SKIP","floor":37},{"not_picked":["Ball Lightning","Streamline"],"picked":"Rainbow","floor":40},{"not_picked":["Conserve Battery","Melter","Turbo+1"],"picked":"SKIP","floor":42},{"not_picked":["Reprogram+1","Sweeping Beam"],"picked":"Glacier","floor":44},{"not_picked":["Leap","Sunder+1","Turbo+1"],"picked":"Storm+1","floor":46},{"not_picked":["Turbo+1","Force Field+1","Rebound+1"],"picked":"Conserve Battery+1","floor":48},{"not_picked":["Beam Cell+1","Scrape+1","Ball Lightning+1"],"picked":"Fission","floor":54}],"player_experience":630116,"relics_obtained":[{"floor":7,"key":"Strawberry"},{"floor":9,"key":"DataDisk"},{"floor":22,"key":"Emotion Chip"},{"floor":22,"key":"Bottled Tornado"},{"floor":25,"key":"Shovel"},{"floor":26,"key":"Blue Candle"},{"floor":27,"key":"Sundial"},{"floor":40,"key":"Juzu Bracelet"},{"floor":41,"key":"Darkstone Periapt"},{"floor":42,"key":"Kunai"},{"floor":44,"key":"Question Card"},{"floor":45,"key":"Molten Egg 2"},{"floor":48,"key":"Omamori"},{"floor":54,"key":"Bag of Preparation"}],"event_choices":[{"damage_healed":0,"gold_gain":0,"player_choice":"Box","damage_taken":0,"relics_obtained":["Lantern"],"max_hp_gain":0,"max_hp_loss":0,"event_name":"Big Fish","floor":5,"gold_loss":0,"cards_obtained":["Regret"]},{"damage_healed":0,"gold_gain":75,"player_choice":"Gather Gold","damage_taken":11,"max_hp_gain":0,"max_hp_loss":0,"event_name":"World of Goop","floor":13,"gold_loss":0},{"damage_healed":0,"gold_gain":0,"player_choice":"Lose Max HP","damage_taken":0,"relics_obtained":["Golden Idol"],"max_hp_gain":0,"max_hp_loss":6,"event_name":"Golden Idol","floor":14,"gold_loss":0},{"cards_removed":["Strike_B"],"damage_healed":0,"gold_gain":0,"player_choice":"Elegance","damage_taken":0,"max_hp_gain":0,"max_hp_loss":0,"event_name":"Back to Basics","floor":21,"gold_loss":0},{"damage_healed":0,"gold_gain":0,"player_choice":"Fight","damage_taken":0,"max_hp_gain":0,"max_hp_loss":0,"event_name":"Colosseum","floor":22,"gold_loss":0},{"damage_healed":0,"gold_gain":0,"player_choice":"Fought Nobs","damage_taken":0,"max_hp_gain":0,"max_hp_loss":0,"event_name":"Colosseum","floor":22,"gold_loss":0},{"damage_healed":0,"gold_gain":0,"player_choice":"Opened","damage_taken":0,"relics_obtained":["Symbiotic Virus"],"max_hp_gain":0,"max_hp_loss":0,"event_name":"The Mausoleum","floor":24,"gold_loss":0},{"damage_healed":0,"gold_gain":0,"player_choice":"Paid Gold","damage_taken":0,"relics_obtained":["Pen Nib"],"max_hp_gain":0,"max_hp_loss":0,"event_name":"WeMeetAgain","floor":29,"gold_loss":147},{"damage_healed":0,"gold_gain":0,"player_choice":"Ignored","damage_taken":0,"max_hp_gain":0,"max_hp_loss":0,"event_name":"Tomb of Lord Red Mask","floor":38,"gold_loss":0},{"damage_healed":0,"gold_gain":0,"player_choice":"Max HP","damage_taken":0,"max_hp_gain":0,"max_hp_loss":4,"event_name":"Winding Halls","floor":39,"gold_loss":0}],"is_beta":true,"boss_relics":[{"not_picked":["Tiny House","Snecko Eye"],"picked":"Sozu"},{"not_picked":["Calling Bell","Orrery"],"picked":"Inserter"}],"items_purged_floors":[12,36,47],"is_endless":false,"potions_floor_spawned":[4,7,11,16,18,20,22,28,37,42,44],"killed_by":"The Heart","ascension_level":1}