{"gold_per_floor":[114,132,132,145,156,156,185,110,136,164,182,182,199,17,17,94,94,112,112,112,112,122,122,122,122,176,176,192,192,204,214,214,214],"floor_reached":33,"playtime":2573,"items_purged":["Perfected Strike","Strike_R"],"score":437,"play_id":"274efb75-94a5-49c6-b386-33e27de60d5d","local_time":"20190101154756","is_ascension_mode":true,"campfire_choices":[{"floor":6,"key":"RECALL"},{"floor":12,"key":"REST"},{"floor":15,"key":"REST"},{"floor":23,"key":"REST"},{"floor":25,"key":"REST"},{"floor":32,"key":"REST"}],"neow_cost":"NONE","seed_source_timestamp":1097553819589949,"circlet_count":0,"master_deck":["AscendersBane","Strike_R+1","Defend_R+1","Defend_R+1","Defend_R+1","Defend_R+1","Bash","True Grit","Shrug It Off","Rampage","Dark Embrace","Reckless Charge","Thunderclap","Armaments","Metallicize","Metallicize","Cleave","Juggernaut","Body Slam","Shrug It Off","Cleave","Corruption","Offering","Immolate","Writhe","Rage","Armaments+1","Disarm"],"relics":["Burning Blood","NeowsBlessing","Orichalcum","Bronze Scales","Dream Catcher","Orrery","Mummified Hand","PreservedInsect","Nilry\u0027s Codex"],"potions_floor_usage":[7,10,21,22,30,33,33],"damage_taken":[{"damage":0,"enemies":"Cultist","floor":1,"turns":1},{"damage":0,"enemies":"Jaw Worm","floor":2,"turns":1},{"damage":0,"enemies":"2 Louse","floor":4,"turns":1},{"damage":11,"enemies":"Looter","floor":5,"turns":4},{"damage":20,"enemies":"3 Sentries","floor":7,"turns":7},{"damage":12,"enemies":"Gremlin Nob","floor":10,"turns":4},{"damage":8,"enemies":"2 Fungi Beasts","floor":11,"turns":3},{"damage":17,"enemies":"3 Louse","floor":13,"turns":3},{"damage":35,"enemies":"Slime Boss","floor":16,"turns":13},{"damage":23,"enemies":"Spheric Guardian","floor":18,"turns":6},{"damage":10,"enemies":"Colosseum Slavers","floor":21,"turns":3},{"damage":13,"enemies":"Shell Parasite","floor":22,"turns":6},{"damage":11,"enemies":"Sentry and Sphere","floor":28,"turns":4},{"damage":7,"enemies":"Centurion and Healer","floor":30,"turns":12},{"damage":37,"enemies":"Shelled Parasite and Fungi","floor":31,"turns":9},{"damage":52,"enemies":"Automaton","floor":33,"turns":6}],"seed_played":"9039389607607608000","potions_obtained":[{"floor":5,"key":"Fire Potion"},{"floor":7,"key":"Strength Potion"},{"floor":16,"key":"Weak Potion"},{"floor":18,"key":"Block Potion"},{"floor":22,"key":"EssenceOfSteel"},{"floor":28,"key":"Ancient Potion"},{"floor":31,"key":"Weak Potion"}],"is_trial":false,"path_per_floor":["M","M","?","M","M","R","E","$","T","E","M","R","M","$","R","B",null,"M","?","?","?","M","R","?","R","T","?","M","?","M","M","R","B"],"character_chosen":"IRONCLAD","items_purchased":["Metallicize"],"campfire_rested":5,"item_purchase_floors":[14],"current_hp_per_floor":[74,75,75,75,70,70,56,56,56,50,48,70,59,59,75,46,68,51,51,51,47,40,62,48,72,72,56,51,51,50,19,43,0],"gold":214,"neow_bonus":"THREE_ENEMY_KILL","is_prod":false,"is_daily":false,"chose_seed":false,"campfire_upgraded":0,"win_rate":0,"timestamp":1546357676,"path_taken":["M","?","?","?","M","R","E","$","T","E","M","R","M","$","R","BOSS","M","?","?","?","M","R","?","R","T","?","M","?","?","M","R","BOSS"],"build_version":"2018-12-20","purchased_purges":2,"victory":false,"max_hp_per_floor":[75,75,75,75,75,75,75,75,75,75,75,75,75,75,75,75,75,75,75,75,75,75,75,80,80,80,80,80,80,80,80,80,80],"card_choices":[{"not_picked":["Flex","Dual Wield"],"picked":"True Grit","floor":1},{"not_picked":["Inflame","Sword Boomerang"],"picked":"Shrug It Off","floor":2},{"not_picked":["Havoc","Inflame"],"picked":"Perfected Strike","floor":4},{"not_picked":["Armaments","Exhume"],"picked":"Rampage","floor":5},{"not_picked":["Searing Blow","Metallicize"],"picked":"Dark Embrace","floor":7},{"not_picked":["Flex","Sever Soul"],"picked":"Reckless Charge","floor":10},{"not_picked":["Fire Breathing","Clash"],"picked":"Thunderclap","floor":11},{"not_picked":["Sever Soul","Iron Wave"],"picked":"Armaments","floor":12},{"not_picked":["True Grit","Second Wind"],"picked":"Metallicize","floor":13},{"not_picked":["Sever Soul","Twin Strike"],"picked":"Cleave","floor":15},{"not_picked":["Impervious","Limit Break"],"picked":"Juggernaut","floor":16},{"not_picked":["Havoc","Inflame"],"picked":"Body Slam","floor":17},{"not_picked":["Intimidate","Searing Blow"],"picked":"Shrug It Off","floor":17},{"not_picked":["Clash","Carnage"],"picked":"Cleave","floor":17},{"not_picked":["Intimidate","Blood for Blood"],"picked":"Corruption","floor":17},{"not_picked":["Clash","Pummel","Twin Strike"],"picked":"SKIP","floor":18},{"not_picked":["Intimidate","Disarm"],"picked":"Rage","floor":22},{"not_picked":["Flex","Pommel Strike"],"picked":"Armaments+1","floor":25},{"not_picked":["Thunderclap","Brutality"],"picked":"Disarm","floor":28},{"not_picked":["Inflame","Pommel Strike","Anger"],"picked":"SKIP","floor":30},{"not_picked":["Wild Strike","Sword Boomerang","Iron Wave"],"picked":"SKIP","floor":31}],"player_experience":1106956,"relics_obtained":[{"floor":7,"key":"Orichalcum"},{"floor":9,"key":"Bronze Scales"},{"floor":10,"key":"Dream Catcher"},{"floor":26,"key":"PreservedInsect"},{"floor":27,"key":"Nilry\u0027s Codex"}],"event_choices":[{"cards_removed":["Strike_R"],"damage_healed":0,"gold_gain":0,"player_choice":"Offered Basic","damage_taken":0,"max_hp_gain":0,"max_hp_loss":0,"event_name":"Bonfire Elementals","floor":3,"gold_loss":0},{"damage_healed":0,"gold_gain":0,"cards_transformed":["Strike_R","Strike_R"],"player_choice":"Became Test Subject","damage_taken":0,"max_hp_gain":0,"max_hp_loss":0,"event_name":"Drug Dealer","floor":19,"gold_loss":0,"cards_obtained":["Offering","Immolate"]},{"damage_healed":0,"gold_gain":0,"player_choice":"Opened","damage_taken":0,"relics_obtained":["Mummified Hand"],"max_hp_gain":0,"max_hp_loss":0,"event_name":"The Mausoleum","floor":20,"gold_loss":0,"cards_obtained":["Writhe"]},{"damage_healed":0,"gold_gain":0,"player_choice":"Fight","damage_taken":0,"max_hp_gain":0,"max_hp_loss":0,"event_name":"Colosseum","floor":21,"gold_loss":0},{"damage_healed":0,"gold_gain":0,"player_choice":"Fled From Nobs","damage_taken":0,"max_hp_gain":0,"max_hp_loss":0,"event_name":"Colosseum","floor":21,"gold_loss":0},{"damage_healed":0,"gold_gain":0,"player_choice":"Shed Blood","damage_taken":19,"max_hp_gain":5,"max_hp_loss":0,"event_name":"Forgotten Altar","floor":24,"gold_loss":0},{"damage_healed":0,"gold_gain":0,"player_choice":"Obtained Book","damage_taken":16,"max_hp_gain":0,"max_hp_loss":0,"event_name":"Cursed Tome","floor":27,"gold_loss":0},{"damage_healed":0,"gold_gain":0,"player_choice":"Simplicity","damage_taken":0,"max_hp_gain":0,"max_hp_loss":0,"event_name":"Back to Basics","floor":29,"gold_loss":0,"cards_upgraded":["Strike_R","Defend_R","Defend_R","Defend_R","Defend_R"]}],"is_beta":false,"boss_relics":[{"not_picked":["Coffee Dripper","Lizard Tail"],"picked":"Orrery"}],"items_purged_floors":[8,14],"is_endless":false,"potions_floor_spawned":[5,7,16,18,22,28,31],"killed_by":"Automaton","ascension_level":14}