{"gold_per_floor":[112,124,134,85,102,102,102,116,116,116,142,14,28,41,41,115,115,135,148,159,59,59],"floor_reached":22,"playtime":1049,"items_purged":["Strike_R","Flex"],"score":339,"play_id":"bb2d0206-fc71-4754-8d7d-7360b0c16ab6","local_time":"20181124211328","is_ascension_mode":true,"campfire_choices":[{"data":"Perfected Strike","floor":6,"key":"SMITH"},{"data":"Thunderclap","floor":10,"key":"SMITH"},{"floor":15,"key":"REST"}],"neow_cost":"TEN_PERCENT_HP_LOSS","seed_source_timestamp":78999128677147,"circlet_count":0,"master_deck":["AscendersBane","Strike_R","Strike_R","Defend_R","Defend_R","Defend_R","Defend_R","Perfected Strike+1","Thunderclap+1","Thunderclap","Pommel Strike","Twin Strike","Cleave","Twin Strike","Twin Strike","Perfected Strike","Twin Strike","Cleave","Dual Wield","Perfected Strike","Ghostly Armor"],"relics":["Burning Blood","Pear","Blue Candle","Orrery"],"potions_floor_usage":[3,16,16,18],"damage_taken":[{"damage":1,"enemies":"Cultist","floor":1,"turns":3},{"damage":12,"enemies":"Jaw Worm","floor":2,"turns":3},{"damage":1,"enemies":"2 Louse","floor":3,"turns":2},{"damage":16,"enemies":"Lots of Slimes","floor":5,"turns":3},{"damage":12,"enemies":"Looter","floor":8,"turns":3},{"damage":46,"enemies":"Gremlin Nob","floor":11,"turns":5},{"damage":13,"enemies":"Blue Slaver","floor":13,"turns":2},{"damage":0,"enemies":"Lots of Slimes","floor":14,"turns":1},{"damage":13,"enemies":"Slime Boss","floor":16,"turns":6},{"damage":11,"enemies":"3 Byrds","floor":18,"turns":4},{"damage":28,"enemies":"Spheric Guardian","floor":19,"turns":4},{"damage":43,"enemies":"Snake Plant","floor":20,"turns":3},{"damage":12,"enemies":"3 Cultists","floor":22,"turns":2}],"seed_played":"-3537047103725396828","potions_obtained":[{"floor":2,"key":"Fire Potion"},{"floor":11,"key":"Weak Potion"},{"floor":14,"key":"Strength Potion"},{"floor":16,"key":"SkillPotion"}],"is_trial":false,"path_per_floor":["M","M","M","$","M","R","?","M","T","R","E","$","M","M","R","B",null,"M","M","M","$","M"],"character_chosen":"IRONCLAD","items_purchased":["Pommel Strike","Twin Strike"],"campfire_rested":1,"item_purchase_floors":[4,12],"current_hp_per_floor":[72,66,71,71,61,61,61,55,65,65,25,25,18,24,48,41,72,67,45,8,8,0],"gold":59,"neow_bonus":"TRANSFORM_TWO_CARDS","is_prod":false,"is_daily":false,"chose_seed":false,"campfire_upgraded":2,"win_rate":0,"timestamp":1543094008,"path_taken":["M","?","M","$","M","R","?","M","T","R","E","?","M","M","R","BOSS","M","M","?","$","M"],"build_version":"2018-11-15","purchased_purges":2,"victory":false,"max_hp_per_floor":[72,72,72,72,72,72,72,72,82,82,82,82,82,82,82,82,82,82,82,82,82,82],"card_choices":[{"not_picked":["Heavy Blade","Seeing Red"],"picked":"Thunderclap","floor":1},{"not_picked":["Power Through","Clash","Feel No Pain"],"picked":"SKIP","floor":2},{"not_picked":["Armaments","Burning Pact"],"picked":"Thunderclap","floor":3},{"not_picked":["Power Through","Evolve","Sword Boomerang"],"picked":"SKIP","floor":5},{"not_picked":["Evolve","Sword Boomerang"],"picked":"Twin Strike","floor":8},{"not_picked":["Seeing Red","Limit Break"],"picked":"Cleave","floor":11},{"not_picked":["Dropkick","Cleave","True Grit"],"picked":"SKIP","floor":13},{"not_picked":["Blood for Blood","Disarm"],"picked":"Twin Strike","floor":14},{"not_picked":["Second Wind","Thunderclap"],"picked":"Perfected Strike","floor":17},{"not_picked":["Cleave","Flame Barrier"],"picked":"Twin Strike","floor":17},{"not_picked":["Hemokinesis","Bloodletting"],"picked":"Cleave","floor":17},{"not_picked":["Pummel","Entrench"],"picked":"Dual Wield","floor":18},{"not_picked":["Demon Form","Headbutt+1"],"picked":"Perfected Strike","floor":19},{"not_picked":["Havoc+1","Armaments"],"picked":"Ghostly Armor","floor":20}],"player_experience":889586,"relics_obtained":[{"floor":9,"key":"Pear"},{"floor":11,"key":"Blue Candle"}],"event_choices":[{"cards_removed":["Bash"],"damage_healed":0,"gold_gain":0,"player_choice":"Card Removal","damage_taken":0,"max_hp_gain":0,"max_hp_loss":0,"event_name":"Wheel of Change","floor":7,"gold_loss":0}],"is_beta":false,"boss_relics":[{"not_picked":["Snecko Eye","Ectoplasm"],"picked":"Orrery"}],"items_purged_floors":[12,21],"is_endless":false,"potions_floor_spawned":[2,11,14,16],"killed_by":"3 Cultists","ascension_level":13}