{"gold_per_floor":[116,132,146,14,14,41,41,54,101,113,113],"floor_reached":11,"playtime":646,"items_purged":[],"score":120,"play_id":"a3e1f5a8-bc98-498b-9aa5-b9ed8f590ebd","local_time":"20190115114822","is_ascension_mode":true,"campfire_choices":[{"floor":7,"key":"REST"}],"neow_cost":"NONE","seed_source_timestamp":522642615067302,"circlet_count":0,"master_deck":["AscendersBane","Strike_B","Strike_B","Strike_B","Strike_B","Defend_B","Defend_B+1","Defend_B","Defend_B","Zap+1","Dualcast","Coolheaded","Capacitor","Static Discharge","Sweeping Beam","Sunder","Gash","Seek"],"relics":["Nuclear Battery","Singing Bowl","Regal Pillow","War Paint"],"potions_floor_usage":[8],"damage_taken":[{"damage":1,"enemies":"2 Louse","floor":1,"turns":4},{"damage":0,"enemies":"Small Slimes","floor":2,"turns":3},{"damage":2,"enemies":"Jaw Worm","floor":3,"turns":4},{"damage":28,"enemies":"Lagavulin","floor":6,"turns":7},{"damage":19,"enemies":"Large Slime","floor":8,"turns":5},{"damage":13,"enemies":"3 Louse","floor":10,"turns":3},{"damage":20,"enemies":"3 Sentries","floor":11,"turns":2}],"seed_played":"-6118841876847638259","potions_obtained":[{"floor":3,"key":"Swift Potion"},{"floor":10,"key":"Poison Potion"}],"is_trial":false,"path_per_floor":["M","M","M","$","?","E","R","M","T","M","E"],"character_chosen":"DEFECT","items_purchased":["Static Discharge","Sweeping Beam"],"campfire_rested":1,"item_purchase_floors":[4,4],"current_hp_per_floor":[67,67,65,65,40,12,49,30,30,17,0],"gold":113,"neow_bonus":"BOSS_RELIC","is_prod":false,"is_daily":false,"chose_seed":false,"campfire_upgraded":0,"win_rate":0,"timestamp":1547552902,"path_taken":["M","M","M","$","?","E","R","M","T","M","E"],"build_version":"2019-01-10","purchased_purges":0,"victory":false,"max_hp_per_floor":[75,75,75,75,75,75,75,75,75,75,75],"card_choices":[{"not_picked":["BootSequence","Tempest"],"picked":"Coolheaded","floor":1},{"not_picked":["Hologram","Skim","Stack"],"picked":"SKIP","floor":2},{"not_picked":["Barrage","Ball Lightning"],"picked":"Capacitor","floor":3},{"not_picked":["Hologram","Rebound"],"picked":"Sunder","floor":6},{"not_picked":["Turbo","Barrage"],"picked":"Gash","floor":8},{"not_picked":["Skim","Aggregate"],"picked":"Seek","floor":10}],"player_experience":1183268,"relics_obtained":[{"floor":6,"key":"Regal Pillow"},{"floor":9,"key":"War Paint"}],"event_choices":[{"damage_healed":0,"gold_gain":0,"player_choice":"Success","damage_taken":25,"relics_obtained":["Singing Bowl"],"max_hp_gain":0,"max_hp_loss":0,"event_name":"Scrap Ooze","floor":5,"gold_loss":0}],"is_beta":false,"boss_relics":[],"items_purged_floors":[],"is_endless":false,"potions_floor_spawned":[3,10],"killed_by":"3 Sentries","ascension_level":12}