{"gold_per_floor":[115,129,129,143,16,16,31,31,104,133,133,133],"floor_reached":12,"playtime":397,"items_purged":["Strike_G"],"score":98,"play_id":"8913dec7-cadb-496d-bf87-e6f11ce83e35","local_time":"20190209015014","is_ascension_mode":true,"campfire_choices":[{"data":"Burst","floor":6,"key":"SMITH"},{"data":"Crippling Poison","floor":8,"key":"SMITH"}],"neow_cost":"TEN_PERCENT_HP_LOSS","seed_source_timestamp":1733405671785700,"circlet_count":0,"master_deck":["Defend_G","Defend_G","Defend_G","Defend_G","Defend_G","Strike_G","Strike_G","Strike_G","Strike_G","Survivor","Neutralize","Burst+1","Leg Sweep+1","Deadly Poison","Deadly Poison","Crippling Poison+1","Prepared"],"relics":["Ring of the Snake","Molten Egg 2","Smiling Mask"],"potions_floor_usage":[12],"damage_taken":[{"damage":25,"enemies":"Jaw Worm","floor":1,"turns":9},{"damage":1,"enemies":"Cultist","floor":2,"turns":5},{"damage":4,"enemies":"Small Slimes","floor":4,"turns":5},{"damage":0,"enemies":"Blue Slaver","floor":7,"turns":5},{"damage":16,"enemies":"Lagavulin","floor":10,"turns":7},{"damage":28,"enemies":"Gremlin Nob","floor":12,"turns":4}],"seed_played":"-4514389893047631082","potions_obtained":[{"floor":1,"key":"Weak Potion"},{"floor":10,"key":"Weak Potion"}],"is_trial":false,"path_per_floor":["M","M","$","M","$","R","M","R","T","E","?","E"],"character_chosen":"THE_SILENT","items_purchased":["Deadly Poison"],"campfire_rested":0,"item_purchase_floors":[5],"current_hp_per_floor":[38,37,37,33,33,33,33,33,33,17,17,0],"gold":133,"neow_bonus":"THREE_RARE_CARDS","is_prod":false,"is_daily":false,"chose_seed":false,"campfire_upgraded":2,"win_rate":0,"timestamp":1549673414,"path_taken":["M","M","$","M","$","R","M","R","T","E","?","E"],"build_version":"2019-01-23","purchased_purges":1,"victory":false,"max_hp_per_floor":[63,63,63,63,63,63,63,63,63,63,63,63],"card_choices":[{"not_picked":["Storm of Steel","Doppelganger"],"picked":"Burst","floor":0},{"not_picked":["Well Laid Plans","Prepared","Blade Dance"],"picked":"SKIP","floor":1},{"not_picked":["Cloak And Dagger","Dagger Spray"],"picked":"Leg Sweep","floor":2},{"not_picked":["Cloak And Dagger","Terror"],"picked":"Deadly Poison","floor":4},{"not_picked":["Quick Slash","Finisher"],"picked":"Crippling Poison","floor":7},{"not_picked":["Sucker Punch+1","Accuracy"],"picked":"Prepared","floor":10}],"player_experience":862339,"relics_obtained":[{"floor":9,"key":"Molten Egg 2"},{"floor":10,"key":"Smiling Mask"}],"event_choices":[{"damage_healed":0,"gold_gain":0,"player_choice":"Upgraded","damage_taken":0,"max_hp_gain":0,"max_hp_loss":0,"event_name":"Upgrade Shrine","floor":11,"gold_loss":0,"cards_upgraded":["Leg Sweep"]}],"is_beta":false,"boss_relics":[],"items_purged_floors":[5],"is_endless":false,"potions_floor_spawned":[1,10],"killed_by":"Gremlin Nob","ascension_level":5}