{"gold_per_floor":[210,8,8,20,195,195,207,24,50,63,82,82],"floor_reached":12,"playtime":439,"items_purged":["Strike_G"],"score":84,"play_id":"2d975b98-8d93-49ca-8e2b-fa579b6fbb58","local_time":"20181223195518","is_ascension_mode":true,"campfire_choices":[{"data":"Deadly Poison","floor":6,"key":"SMITH"}],"neow_cost":"NONE","seed_source_timestamp":520143828909200,"circlet_count":0,"master_deck":["Defend_G","Defend_G","Defend_G","Defend_G","Defend_G","Strike_G","Strike_G","Strike_G","Strike_G","Survivor","Neutralize","Deadly Poison+1","Doubt","Blur","Footwork","Prepared","Bouncing Flask"],"relics":["Ring of the Snake","Toy Ornithopter","Happy Flower"],"potions_floor_usage":[12,12],"damage_taken":[{"damage":4,"enemies":"Cultist","floor":1,"turns":5},{"damage":10,"enemies":"Small Slimes","floor":4,"turns":5},{"damage":0,"enemies":"Jaw Worm","floor":7,"turns":3},{"damage":10,"enemies":"Lots of Slimes","floor":10,"turns":10},{"damage":14,"enemies":"2 Fungi Beasts","floor":11,"turns":6},{"damage":21,"enemies":"3 Sentries","floor":12,"turns":10}],"seed_played":"8276719445434402708","potions_obtained":[{"floor":7,"key":"GhostInAJar"},{"floor":11,"key":"Poison Potion"}],"is_trial":false,"path_per_floor":["M","$","?","M","?","R","M","$","T","M","M","E"],"character_chosen":"THE_SILENT","items_purchased":["Toy Ornithopter","Blur","Footwork"],"campfire_rested":0,"item_purchase_floors":[2,8,8],"current_hp_per_floor":[66,66,59,49,49,49,49,49,49,39,25,14],"gold":82,"neow_bonus":"HUNDRED_GOLD","is_prod":false,"is_daily":false,"chose_seed":false,"campfire_upgraded":1,"win_rate":0,"timestamp":1545591318,"path_taken":["M","$","?","M","?","R","M","?","T","?","M","E"],"build_version":"2018-12-20","purchased_purges":1,"victory":false,"max_hp_per_floor":[70,70,70,70,70,70,70,70,70,70,70,70],"card_choices":[{"not_picked":["Dagger Throw","Concentrate"],"picked":"Deadly Poison","floor":1},{"not_picked":["Underhanded Strike","Cloak And Dagger","Backflip"],"picked":"SKIP","floor":4},{"not_picked":["Cloak And Dagger","Finisher","Concentrate"],"picked":"SKIP","floor":7},{"not_picked":["Blade Dance","Slice"],"picked":"Prepared","floor":10},{"not_picked":["Slice","Prepared"],"picked":"Bouncing Flask","floor":11}],"player_experience":813610,"relics_obtained":[],"event_choices":[{"damage_healed":0,"gold_gain":0,"player_choice":"Success","damage_taken":7,"relics_obtained":["Happy Flower"],"max_hp_gain":0,"max_hp_loss":0,"event_name":"Scrap Ooze","floor":3,"gold_loss":0},{"damage_healed":0,"gold_gain":175,"player_choice":"AGREE","damage_taken":0,"max_hp_gain":0,"max_hp_loss":0,"event_name":"Liars Game","floor":5,"gold_loss":0,"cards_obtained":["Doubt"]}],"is_beta":false,"boss_relics":[],"items_purged_floors":[8],"is_endless":false,"potions_floor_spawned":[7,11],"killed_by":"3 Sentries","ascension_level":4}