{"gold_per_floor":[17,17,27,42,117,117,42,104,104,104,138,138,156,156,156,252,252,264,278,278,77,90,123,123,123],"floor_reached":25,"playtime":1564,"items_purged":["Strike_G","Strike_G"],"score":241,"play_id":"01cbe867-2147-4375-93ea-d4b360afbbbf","local_time":"20190211182823","is_ascension_mode":true,"campfire_choices":[{"data":"Dash","floor":6,"key":"SMITH"},{"data":"Dash","floor":10,"key":"SMITH"},{"data":"Dagger Throw","floor":12,"key":"SMITH"},{"floor":15,"key":"REST"},{"data":"Burst","floor":24,"key":"SMITH"}],"neow_cost":"NO_GOLD","seed_source_timestamp":1349141330109060,"circlet_count":0,"master_deck":["Defend_G","Defend_G","Defend_G","Defend_G","Defend_G","Strike_G+1","Strike_G+1","Strike_G","Survivor","Neutralize","Bullet Time+1","Dash+1","Dash+1","Dagger Throw+1","Footwork+1","Cloak And Dagger+1","Burst+1"],"relics":["Ring of the Snake","Smiling Mask","Centennial Puzzle","Whetstone","White Beast Statue","Happy Flower","Lantern"],"potions_floor_usage":[3,11,18,19,22,23,25],"damage_taken":[{"damage":2,"enemies":"Jaw Worm","floor":1,"turns":3},{"damage":7,"enemies":"Small Slimes","floor":3,"turns":3},{"damage":0,"enemies":"Cultist","floor":4,"turns":3},{"damage":20,"enemies":"Gremlin Nob","floor":8,"turns":5},{"damage":4,"enemies":"Gremlin Nob","floor":11,"turns":5},{"damage":5,"enemies":"2 Fungi Beasts","floor":13,"turns":3},{"damage":17,"enemies":"The Guardian","floor":16,"turns":16},{"damage":0,"enemies":"Chosen","floor":18,"turns":4},{"damage":1,"enemies":"Shell Parasite","floor":19,"turns":4},{"damage":14,"enemies":"Cultist and Chosen","floor":22,"turns":10},{"damage":28,"enemies":"Book of Stabbing","floor":23,"turns":8},{"damage":32,"enemies":"Gremlin Leader","floor":25,"turns":6}],"seed_played":"-4279915124852142188","potions_obtained":[{"floor":1,"key":"AttackPotion"},{"floor":4,"key":"Dexterity Potion"},{"floor":16,"key":"GamblersBrew"},{"floor":18,"key":"Fire Potion"},{"floor":19,"key":"SkillPotion"},{"floor":22,"key":"Energy Potion"},{"floor":23,"key":"Block Potion"}],"is_trial":false,"path_per_floor":["M","?","M","M","?","R","$","?","T","R","E","R","M","?","R","B",null,"M","M","?","$","M","E","R","E"],"character_chosen":"THE_SILENT","items_purchased":["Happy Flower"],"campfire_rested":1,"item_purchase_floors":[21],"current_hp_per_floor":[68,68,61,61,50,50,50,30,30,30,26,26,21,21,42,25,70,70,69,69,69,55,27,27,0],"gold":123,"neow_bonus":"THREE_RARE_CARDS","is_prod":false,"is_daily":false,"chose_seed":false,"campfire_upgraded":4,"win_rate":0,"timestamp":1549927703,"path_taken":["M","?","M","M","?","R","$","?","T","R","E","R","M","?","R","BOSS","M","M","?","$","M","E","R","E"],"build_version":"2019-01-23","purchased_purges":2,"victory":false,"max_hp_per_floor":[70,70,70,70,70,70,70,70,70,70,70,70,70,70,70,70,70,70,70,70,70,70,70,70,70],"card_choices":[{"not_picked":["Die Die Die","A Thousand Cuts"],"picked":"Bullet Time","floor":0},{"not_picked":["Dodge and Roll","Dagger Spray"],"picked":"Dash","floor":1},{"not_picked":["Underhanded Strike","Noxious Fumes"],"picked":"Dash","floor":3},{"not_picked":["Crippling Poison","Flying Knee","Predator"],"picked":"SKIP","floor":4},{"not_picked":["Sucker Punch","Cloak And Dagger"],"picked":"Dagger Throw","floor":11},{"not_picked":["Finisher","Backflip","Distraction"],"picked":"SKIP","floor":13},{"not_picked":["Blade Dance","Crippling Poison","Well Laid Plans+1"],"picked":"SKIP","floor":18},{"not_picked":["Infinite Blades","Dagger Throw"],"picked":"Footwork","floor":19},{"not_picked":["Deadly Poison+1","Bane"],"picked":"Cloak And Dagger+1","floor":22},{"not_picked":["Die Die Die","Accuracy"],"picked":"Burst","floor":23}],"player_experience":116424,"relics_obtained":[{"floor":8,"key":"Smiling Mask"},{"floor":9,"key":"Centennial Puzzle"},{"floor":11,"key":"Whetstone"},{"floor":23,"key":"Lantern"}],"event_choices":[{"damage_healed":0,"gold_gain":0,"player_choice":"Grow","damage_taken":0,"max_hp_gain":0,"max_hp_loss":0,"event_name":"Living Wall","floor":2,"gold_loss":0,"cards_upgraded":["Bullet Time"]},{"damage_healed":0,"gold_gain":75,"player_choice":"Gather Gold","damage_taken":11,"max_hp_gain":0,"max_hp_loss":0,"event_name":"World of Goop","floor":5,"gold_loss":0},{"damage_healed":0,"gold_gain":0,"player_choice":"Searched \u00271\u0027 times","damage_taken":0,"max_hp_gain":0,"max_hp_loss":0,"event_name":"Dead Adventurer","floor":8,"gold_loss":0},{"damage_healed":0,"gold_gain":0,"player_choice":"Ignored","damage_taken":0,"max_hp_gain":0,"max_hp_loss":0,"event_name":"Golden Idol","floor":14,"gold_loss":0},{"damage_healed":0,"gold_gain":0,"player_choice":"Forge","damage_taken":0,"max_hp_gain":0,"max_hp_loss":0,"event_name":"Accursed Blacksmith","floor":20,"gold_loss":0,"cards_upgraded":["Footwork"]}],"is_beta":false,"boss_relics":[{"not_picked":["HoveringKite","Philosopher\u0027s Stone"],"picked":"White Beast Statue"}],"items_purged_floors":[7,21],"is_endless":false,"potions_floor_spawned":[1,4,16,18,19,22,23],"killed_by":"Gremlin Leader","ascension_level":2}