{"gold_per_floor":[214,214,233,253,264,264,281,281,307,320,320,376,376,386,386,486,486,502,513,613,628,628,628,646,646,646,646,646,676,676,708,708,809,809,824,824,824,844,863,863,890,890,890,902,27,27,27,42,42,42],"floor_reached":51,"playtime":1434,"items_purged":["Strike_R"],"score":757,"play_id":"244e67b8-bd1c-495c-bd94-511425207661","local_time":"20190207022610","is_ascension_mode":false,"campfire_choices":[{"data":"Bash","floor":6.0,"key":"SMITH"},{"data":"Flame Barrier","floor":8.0,"key":"SMITH"},{"data":"Searing Blow+1","floor":13.0,"key":"SMITH"},{"data":"Searing Blow+2","floor":15.0,"key":"SMITH"},{"data":"Searing Blow+3","floor":23.0,"key":"SMITH"},{"data":"Searing Blow+4","floor":25.0,"key":"SMITH"},{"data":"Searing Blow+5","floor":28.0,"key":"SMITH"},{"data":"Searing Blow+6","floor":30.0,"key":"SMITH"},{"data":"Searing Blow+7","floor":32.0,"key":"SMITH"},{"data":"Searing Blow+9","floor":40,"key":"SMITH"},{"data":"Searing Blow+10","floor":42,"key":"SMITH"},{"data":"Searing Blow+11","floor":46,"key":"SMITH"},{"data":"Searing Blow+12","floor":49,"key":"SMITH"}],"neow_cost":"NONE","seed_source_timestamp":5063765199129,"circlet_count":0,"master_deck":["Strike_R","Strike_R","Defend_R","Defend_R","Defend_R","Defend_R","Bash+1","Thunderclap","Flame Barrier+1","Battle Trance","Twin Strike","Searing Blow+13","Shrug It Off","Feed","Headbutt","Bloodletting","Carnage","Brutality","Battle Trance+1","Discovery","Armaments+1","Armaments+1","Headbutt+1","Havoc+1","The Bomb+1","Deep Breath+1","Madness+1","Madness+1"],"special_seed":0,"relics":["Burning Blood","CultistMask","Omamori","Sozu","Gambling Chip","Gremlin Horn","Girya","Bag of Preparation","Anchor","Lizard Tail","Toxic Egg 2","Mummified Hand","FossilizedHelix","OrangePellets"],"potions_floor_usage":[],"damage_taken":[{"damage":2.0,"enemies":"2 Louse","floor":1.0,"turns":3.0},{"damage":5.0,"enemies":"Cultist","floor":3.0,"turns":4.0},{"damage":3.0,"enemies":"Small Slimes","floor":4.0,"turns":4.0},{"damage":2.0,"enemies":"Blue Slaver","floor":5.0,"turns":8.0},{"damage":5.0,"enemies":"Large Slime","floor":7.0,"turns":6.0},{"damage":6.0,"enemies":"Gremlin Gang","floor":10.0,"turns":6.0},{"damage":5.0,"enemies":"Looter","floor":14.0,"turns":2.0},{"damage":46.0,"enemies":"Hexaghost","floor":16.0,"turns":8.0},{"damage":13.0,"enemies":"Shell Parasite","floor":18.0,"turns":3.0},{"damage":6.0,"enemies":"3 Byrds","floor":19.0,"turns":3.0},{"damage":13.0,"enemies":"Colosseum Slavers","floor":20.0,"turns":4.0},{"damage":13.0,"enemies":"Colosseum Nobs","floor":20.0,"turns":4.0},{"damage":11.0,"enemies":"Cultist and Chosen","floor":21.0,"turns":6.0},{"damage":16.0,"enemies":"Snake Plant","floor":24.0,"turns":3.0},{"damage":12.0,"enemies":"Gremlin Leader","floor":29.0,"turns":5.0},{"damage":29.0,"enemies":"Book of Stabbing","floor":31.0,"turns":5.0},{"damage":20,"enemies":"Collector","floor":33,"turns":4},{"damage":0,"enemies":"Orb Walker","floor":35,"turns":1},{"damage":0,"enemies":"3 Shapes","floor":38,"turns":3},{"damage":3,"enemies":"Spire Growth","floor":39,"turns":3},{"damage":7,"enemies":"Nemesis","floor":41,"turns":3},{"damage":8,"enemies":"3 Darklings","floor":44,"turns":4},{"damage":0,"enemies":"4 Shapes","floor":48,"turns":5},{"damage":50,"enemies":"Donu and Deca","floor":50,"turns":5}],"seed_played":"-8201478191414593492","potions_obtained":[{"floor":3.0,"key":"Energy Potion"},{"floor":10.0,"key":"LiquidBronze"},{"floor":14.0,"key":"SteroidPotion"}],"is_trial":false,"path_per_floor":["M","?","M","M","M","R","M","R","T","M","?","?","R","M","R","B",null,"M","M","?","M","?","R","M","R","T","?","R","E","R","E","R","B",null,"M","?","?","M","M","R","E","R","T","M","$","R","?","M","R","B",null],"character_chosen":"IRONCLAD","items_purchased":["FossilizedHelix","OrangePellets","Havoc+1","The Bomb+1","Deep Breath+1"],"campfire_rested":0,"item_purchase_floors":[45,45,45,45,45],"current_hp_per_floor":[80,80,80,80,80,80,80,80,80,80,80,80,80,80,80,40,80,73,73,59,57,93,93,83,83,83,83,83,77,77,54,54,40,93,93,93,93,96,99,99,98,98,98,99,99,99,86,96,96,52],"gold":42,"neow_bonus":"HUNDRED_GOLD","is_prod":false,"is_daily":false,"chose_seed":false,"campfire_upgraded":13,"win_rate":0,"timestamp":1549527970,"path_taken":["M","?","?","M","M","R","M","R","T","M","?","?","R","M","R","BOSS","M","M","?","M","?","R","?","R","T","?","R","E","R","E","R","BOSS","M","?","?","?","M","R","E","R","T","M","$","R","?","M","R","BOSS"],"build_version":"2019-01-23","purchased_purges":1,"victory":true,"max_hp_per_floor":[80,80,80,80,80,80,80,80,80,80,80,80,80,80,80,80,80,80,80,80,83,93,93,93,93,93,93,93,93,93,93,93,93,93,93,93,93,96,99,99,99,99,99,102,102,102,102,106,106,106],"card_choices":[{"not_picked":["Sword Boomerang","Havoc","Blood for Blood"],"picked":"SKIP","floor":1.0},{"not_picked":["Body Slam","Pommel Strike"],"picked":"Thunderclap","floor":3.0},{"not_picked":["Havoc","Body Slam"],"picked":"Flame Barrier","floor":4.0},{"not_picked":["Power Through","Dropkick"],"picked":"Battle Trance","floor":5.0},{"not_picked":["Power Through","Sentinel"],"picked":"Twin Strike","floor":7.0},{"not_picked":["Pummel","Thunderclap"],"picked":"Searing Blow","floor":10.0},{"not_picked":["Combust","Warcry","Pummel"],"picked":"SKIP","floor":14.0},{"not_picked":["Fiend Fire","Immolate"],"picked":"Offering","floor":16.0},{"not_picked":["Wild Strike","Sentinel","Warcry"],"picked":"SKIP","floor":18.0},{"not_picked":["Infernal Blade","Sword Boomerang"],"picked":"Shrug It Off","floor":19.0},{"not_picked":["Body Slam","Feel No Pain+1"],"picked":"Feed","floor":20.0},{"not_picked":["Clash","Heavy Blade","Perfected Strike"],"picked":"SKIP","floor":21.0},{"not_picked":["Anger","Wild Strike"],"picked":"Headbutt","floor":24.0},{"not_picked":["Rupture","Thunderclap+1","Dual Wield"],"picked":"SKIP","floor":29.0},{"not_picked":["Sentinel","Flex","Pommel Strike"],"picked":"SKIP","floor":31.0},{"not_picked":["Immolate","Impervious"],"picked":"Brutality","floor":33},{"not_picked":["Rampage","Clothesline"],"picked":"Battle Trance+1","floor":35},{"not_picked":["Deep Breath","HandOfGreed"],"picked":"Discovery","floor":36},{"not_picked":["Entrench","Sentinel+1","Pummel"],"picked":"SKIP","floor":38},{"not_picked":["Pommel Strike","Bloodletting"],"picked":"Armaments+1","floor":39},{"not_picked":["Thunderclap+1","Heavy Blade+1"],"picked":"Armaments","floor":41},{"not_picked":["Heavy Blade","Bloodletting+1"],"picked":"Headbutt+1","floor":44},{"not_picked":["Sword Boomerang","Bludgeon","Thunderclap+1"],"picked":"SKIP","floor":48}],"player_experience":763941,"relics_obtained":[{"floor":9.0,"key":"Omamori"},{"floor":20.0,"key":"Gambling Chip"},{"floor":20.0,"key":"Gremlin Horn"},{"floor":26.0,"key":"Girya"},{"floor":29.0,"key":"Bag of Preparation"},{"floor":31.0,"key":"Anchor"},{"floor":41,"key":"Toxic Egg 2"},{"floor":43,"key":"Mummified Hand"}],"event_choices":[{"damage_healed":0.0,"max_hp_gain":0.0,"max_hp_loss":0.0,"gold_gain":0.0,"event_name":"FaceTrader","player_choice":"Trade","floor":2.0,"gold_loss":0.0,"damage_taken":0.0,"relics_obtained":["CultistMask"]},{"damage_healed":0.0,"max_hp_gain":0.0,"max_hp_loss":0.0,"gold_gain":0.0,"event_name":"Living Wall","player_choice":"Grow","floor":11.0,"gold_loss":0.0,"damage_taken":0.0,"cards_upgraded":["Searing Blow"]},{"damage_healed":0.0,"max_hp_gain":0.0,"max_hp_loss":0.0,"gold_gain":56.0,"event_name":"Golden Wing","player_choice":"Gained Gold","floor":12.0,"gold_loss":0.0,"damage_taken":0.0},{"damage_healed":0.0,"max_hp_gain":0.0,"max_hp_loss":0.0,"gold_gain":0.0,"event_name":"Colosseum","player_choice":"Fight","floor":20.0,"gold_loss":0.0,"damage_taken":0.0},{"damage_healed":0.0,"max_hp_gain":0.0,"max_hp_loss":0.0,"gold_gain":0.0,"event_name":"Colosseum","player_choice":"Fought Nobs","floor":20.0,"gold_loss":0.0,"damage_taken":0.0},{"cards_removed":["Offering"],"damage_healed":26.0,"max_hp_gain":10.0,"max_hp_loss":0.0,"gold_gain":0.0,"event_name":"Bonfire Elementals","player_choice":"Offered Rare","floor":22.0,"gold_loss":0.0,"damage_taken":0.0},{"damage_healed":0.0,"max_hp_gain":0.0,"max_hp_loss":0.0,"gold_gain":0.0,"cards_transformed":["Strike_R","Strike_R"],"event_name":"Drug Dealer","player_choice":"Became Test Subject","floor":27.0,"gold_loss":0.0,"damage_taken":0.0,"cards_obtained":["Bloodletting","Carnage"]},{"damage_healed":0,"gold_gain":0,"player_choice":"Memory 1","damage_taken":0,"max_hp_gain":0,"max_hp_loss":0,"event_name":"SensoryStone","floor":36,"gold_loss":0},{"damage_healed":0,"gold_gain":0,"player_choice":"Upgraded","damage_taken":0,"max_hp_gain":0,"max_hp_loss":0,"event_name":"Upgrade Shrine","floor":37,"gold_loss":0,"cards_upgraded":["Searing Blow"]},{"damage_healed":0,"gold_gain":0,"player_choice":"Embrace Madness","damage_taken":13,"max_hp_gain":0,"max_hp_loss":0,"event_name":"Winding Halls","floor":47,"gold_loss":0,"cards_obtained":["Madness","Madness"]}],"is_beta":false,"boss_relics":[{"not_picked":["Ectoplasm","Calling Bell"],"picked":"Sozu"},{"not_picked":["Runic Pyramid","Fusion Hammer"],"picked":"Lizard Tail"}],"items_purged_floors":[45],"is_endless":false,"potions_floor_spawned":[3,10,14,20,20,21,24,39,41],"ascension_level":0}