{"gold_per_floor":[111,111,130,205,57,90,90,124,149,149,165,182,182,68,68,173,173,187,187,18,38,51,62,62,80,80,80,8,19,19,34,34,34],"floor_reached":33,"playtime":3054,"items_purged":["Regret"],"score":411,"play_id":"d860013f-1788-44cd-aaab-68af2b57d30f","local_time":"20181230234747","is_ascension_mode":true,"campfire_choices":[{"floor":7,"key":"REST"},{"floor":10,"key":"REST"},{"floor":15,"key":"REST"},{"floor":30,"key":"REST"},{"floor":32,"key":"REST"}],"neow_cost":"NONE","seed_source_timestamp":953063000670554,"circlet_count":0,"master_deck":["AscendersBane","Defend_G","Defend_G","Defend_G","Defend_G","Defend_G","Survivor","Neutralize","Backflip","Riddle With Holes","Underhanded Strike","Flying Knee","Flying Knee","Noxious Fumes+1","Catalyst","Crippling Poison","Flechettes","Mind Blast","Noxious Fumes+1","Blur+1","Sucker Punch+1","Underhanded Strike","Bite","Bite","Bite","Bite","Bite","Predator","Riddle With Holes"],"relics":["Snecko Eye","Ancient Tea Set","Mercury Hourglass","Frozen Egg 2","WristBlade","Pear"],"potions_floor_usage":[6,6,16,16,22,29,29,33,33],"damage_taken":[{"damage":1,"enemies":"Small Slimes","floor":1,"turns":4},{"damage":23,"enemies":"Jaw Worm","floor":3,"turns":8},{"damage":31,"enemies":"3 Sentries","floor":6,"turns":18},{"damage":25,"enemies":"Lagavulin","floor":8,"turns":8},{"damage":0,"enemies":"Cultist","floor":11,"turns":3},{"damage":10,"enemies":"Large Slime","floor":12,"turns":6},{"damage":23,"enemies":"Hexaghost","floor":16,"turns":9},{"damage":16,"enemies":"3 Byrds","floor":18,"turns":5},{"damage":11,"enemies":"2 Thieves","floor":21,"turns":3},{"damage":9,"enemies":"Centurion and Healer","floor":22,"turns":4},{"damage":6,"enemies":"Snake Plant","floor":23,"turns":4},{"damage":11,"enemies":"Chosen and Byrds","floor":25,"turns":5},{"damage":17,"enemies":"Centurion and Healer","floor":29,"turns":6},{"damage":14,"enemies":"Snecko","floor":31,"turns":6},{"damage":45,"enemies":"Champ","floor":33,"turns":9}],"seed_played":"-1662702422225613434","potions_obtained":[{"floor":3,"key":"PowerPotion"},{"floor":8,"key":"Weak Potion"},{"floor":12,"key":"EssenceOfSteel"},{"floor":16,"key":"SpeedPotion"},{"floor":21,"key":"GamblersBrew"},{"floor":23,"key":"LiquidBronze"},{"floor":29,"key":"Ancient Potion"}],"is_trial":false,"path_per_floor":["M","?","M","?","$","E","R","E","T","R","M","M","?","$","R","B",null,"M","?","$","M","M","M","?","M","T","?","$","M","R","M","R","B"],"character_chosen":"THE_SILENT","items_purchased":["Regen Potion","Noxious Fumes+1","Catalyst","Mind Blast","Noxious Fumes+1","GhostInAJar"],"campfire_rested":5,"item_purchase_floors":[5,14,14,20,20,28],"current_hp_per_floor":[62,62,39,28,28,12,33,8,8,29,29,19,19,19,40,17,57,41,41,41,30,21,15,15,4,14,14,14,3,19,17,33,0],"gold":34,"neow_bonus":"BOSS_RELIC","is_prod":false,"is_daily":false,"chose_seed":false,"campfire_upgraded":0,"win_rate":0,"timestamp":1546213667,"path_taken":["M","?","M","?","$","E","R","E","T","R","M","M","?","$","R","BOSS","M","?","?","M","M","M","?","M","T","?","$","M","R","?","R","BOSS"],"build_version":"2018-12-20","purchased_purges":1,"victory":false,"max_hp_per_floor":[70,70,70,70,70,70,70,70,70,70,70,70,70,70,70,70,70,70,70,70,70,70,70,70,70,80,56,56,56,56,56,56,56],"card_choices":[{"not_picked":["Reflex","Heel Hook"],"picked":"Backflip","floor":1},{"not_picked":["Blade Dance","Dagger Throw"],"picked":"Riddle With Holes","floor":3},{"not_picked":["Backflip","Deadly Poison"],"picked":"Underhanded Strike","floor":6},{"not_picked":["Distraction","Endless Agony","Acrobatics"],"picked":"SKIP","floor":8},{"not_picked":["Blade Dance","Sucker Punch"],"picked":"Flying Knee","floor":11},{"not_picked":["Cloak And Dagger","Prepared","Poisoned Stab"],"picked":"SKIP","floor":12},{"not_picked":["Distraction+1","Backstab+1"],"picked":"Crippling Poison","floor":18},{"not_picked":["Tactician","Deflect+1","Infinite Blades+1"],"picked":"SKIP","floor":21},{"not_picked":["Bane","Backflip"],"picked":"Blur+1","floor":22},{"not_picked":["Dagger Spray","Backflip"],"picked":"Sucker Punch+1","floor":23},{"not_picked":["Deadly Poison","Quick Slash"],"picked":"Underhanded Strike","floor":25},{"not_picked":["Dagger Spray","Deadly Poison"],"picked":"Predator","floor":29},{"not_picked":["Flying Knee","Bane"],"picked":"Riddle With Holes","floor":31}],"player_experience":1099956,"relics_obtained":[{"floor":6,"key":"Mercury Hourglass"},{"floor":8,"key":"Frozen Egg 2"},{"floor":26,"key":"Pear"}],"event_choices":[{"damage_healed":0,"gold_gain":0,"player_choice":"Box","damage_taken":0,"relics_obtained":["Ancient Tea Set"],"max_hp_gain":0,"max_hp_loss":0,"event_name":"Big Fish","floor":2,"gold_loss":0,"cards_obtained":["Regret"]},{"damage_healed":0,"gold_gain":75,"player_choice":"Gather Gold","damage_taken":11,"max_hp_gain":0,"max_hp_loss":0,"event_name":"World of Goop","floor":4,"gold_loss":0},{"damage_healed":0,"gold_gain":0,"cards_transformed":["Strike_G"],"player_choice":"Change","damage_taken":0,"max_hp_gain":0,"max_hp_loss":0,"event_name":"Living Wall","floor":13,"gold_loss":0,"cards_obtained":["Flying Knee"]},{"damage_healed":0,"gold_gain":0,"cards_transformed":["Strike_G"],"player_choice":"Transformed","damage_taken":0,"max_hp_gain":0,"max_hp_loss":0,"event_name":"Transmorgrifier","floor":19,"gold_loss":0,"cards_obtained":["Flechettes"]},{"damage_healed":0,"gold_gain":0,"player_choice":"Ignored","damage_taken":0,"max_hp_gain":0,"max_hp_loss":0,"event_name":"Cursed Tome","floor":24,"gold_loss":0},{"damage_healed":0,"gold_gain":0,"player_choice":"Became a vampire","damage_taken":0,"max_hp_gain":0,"max_hp_loss":24,"event_name":"Vampires","floor":27,"gold_loss":0,"cards_obtained":["Bite","Bite","Bite","Bite","Bite"]}],"is_beta":false,"boss_relics":[{"not_picked":["Eternal Feather","White Beast Statue"],"picked":"WristBlade"}],"items_purged_floors":[5],"is_endless":false,"potions_floor_spawned":[3,8,12,16,21,23,29],"killed_by":"Champ","ascension_level":10}