{"gold_per_floor":[112,112,126,126,126,126,201,3,29,52,72,72,87,118,118,217,217,235,185,167,20,38,38,67,67,91,91,91,106,120,136,136,234,234,249,266,266,366,377,377,377,50,77,104,53,66,66],"floor_reached":47,"playtime":2211,"items_purged":["Strike_G"],"score":757,"play_id":"c1c2a62d-3b77-4169-8bdd-cbe805d1d38b","local_time":"20190105003646","is_ascension_mode":true,"campfire_choices":[{"data":"Well Laid Plans","floor":6,"key":"SMITH"},{"data":"Glass Knife","floor":12,"key":"SMITH"},{"floor":15,"key":"REST"},{"floor":23,"key":"REST"},{"floor":25,"key":"REST"},{"floor":28,"key":"REST"},{"data":"Phantasmal Killer","floor":32,"key":"SMITH"},{"floor":41,"key":"REST"}],"neow_cost":"PERCENT_DAMAGE","seed_source_timestamp":1059300834945255,"circlet_count":0,"master_deck":["AscendersBane","Defend_G","Defend_G","Defend_G","Defend_G","Defend_G","Strike_G","Strike_G","Strike_G","Strike_G","Survivor","Neutralize","Die Die Die+1","Caltrops","Well Laid Plans+1","Glass Knife+1","Quick Slash","Sucker Punch","Caltrops","Phantasmal Killer+1","Predator","Crippling Poison","After Image","Leg Sweep","Cloak And Dagger","Bullet Time","Skewer+1","Acrobatics","Finesse","Terror","Escape Plan+1"],"relics":["Ring of the Snake","Lantern","Ancient Tea Set","Regal Pillow","Oddly Smooth Stone","Philosopher\u0027s Stone","Potion Belt","Centennial Puzzle","Dream Catcher","WristBlade","Incense Burner","Bottled Tornado","Happy Flower","Gambling Chip"],"potions_floor_usage":[14,18,24,33,33,38,46,47],"damage_taken":[{"damage":2,"enemies":"2 Louse","floor":1,"turns":2},{"damage":4,"enemies":"Jaw Worm","floor":3,"turns":3},{"damage":0,"enemies":"Small Slimes","floor":11,"turns":3},{"damage":0,"enemies":"2 Fungi Beasts","floor":13,"turns":2},{"damage":5,"enemies":"3 Sentries","floor":14,"turns":4},{"damage":10,"enemies":"The Guardian","floor":16,"turns":13},{"damage":7,"enemies":"Shell Parasite","floor":18,"turns":3},{"damage":27,"enemies":"2 Thieves","floor":20,"turns":4},{"damage":24,"enemies":"Snake Plant","floor":22,"turns":3},{"damage":36,"enemies":"Book of Stabbing","floor":24,"turns":4},{"damage":7,"enemies":"Cultist and Chosen","floor":29,"turns":6},{"damage":12,"enemies":"Snecko","floor":30,"turns":4},{"damage":9,"enemies":"Snake Plant","floor":31,"turns":5},{"damage":36,"enemies":"Collector","floor":33,"turns":9},{"damage":16,"enemies":"Orb Walker","floor":35,"turns":3},{"damage":3,"enemies":"3 Shapes","floor":36,"turns":6},{"damage":0,"enemies":"Mind Bloom Boss Battle","floor":38,"turns":7},{"damage":7,"enemies":"Jaw Worm Horde","floor":39,"turns":3},{"damage":39,"enemies":"Nemesis","floor":44,"turns":7},{"damage":21,"enemies":"Spire Growth","floor":46,"turns":5},{"damage":13,"enemies":"Maw","floor":47,"turns":2}],"seed_played":"8706207753070375266","potions_obtained":[{"floor":3,"key":"Explosive Potion"},{"floor":16,"key":"SteroidPotion"},{"floor":20,"key":"Weak Potion"},{"floor":22,"key":"SpeedPotion"},{"floor":24,"key":"Swift Potion"},{"floor":33,"key":"Weak Potion"},{"floor":35,"key":"Swift Potion"},{"floor":36,"key":"Dexterity Potion"},{"floor":39,"key":"LiquidBronze"}],"is_trial":false,"path_per_floor":["M","?","M","?","?","R","?","$","T","T","M","R","M","E","R","B",null,"M","?","M","$","M","R","E","R","T","?","R","M","M","M","R","B",null,"M","M","?","?","M","?","R","$","T","E","$","M","M"],"character_chosen":"THE_SILENT","items_purchased":["Glass Knife","PowerPotion","Potion Belt","Bottled Tornado","Terror","PowerPotion"],"campfire_rested":5,"item_purchase_floors":[8,8,21,42,42,45],"current_hp_per_floor":[43,43,39,36,59,59,48,48,48,48,48,48,48,43,70,60,68,61,61,34,34,10,46,10,46,46,33,70,63,51,42,42,6,58,42,39,39,39,32,32,69,69,69,30,30,9,0],"gold":66,"neow_bonus":"THREE_RARE_CARDS","is_prod":false,"is_daily":false,"chose_seed":false,"campfire_upgraded":3,"win_rate":0,"timestamp":1546666606,"path_taken":["M","?","M","?","?","R","?","$","T","?","M","R","M","E","R","BOSS","M","?","?","?","M","R","E","R","T","?","R","M","M","M","R","BOSS","M","M","?","?","M","?","R","$","T","E","$","?","M"],"build_version":"2019-01-03v4","purchased_purges":1,"victory":false,"max_hp_per_floor":[70,70,70,70,70,70,70,70,70,70,70,70,70,70,70,70,70,70,70,70,70,70,70,70,70,70,75,75,75,75,75,75,75,75,75,75,75,75,75,75,75,75,75,75,75,75,75],"card_choices":[{"not_picked":["A Thousand Cuts","Night Terror"],"picked":"Die Die Die","floor":0},{"not_picked":["Dagger Throw","Acrobatics"],"picked":"Caltrops","floor":1},{"not_picked":["Prepared","Bouncing Flask"],"picked":"Well Laid Plans","floor":3},{"not_picked":["Dagger Throw","Infinite Blades"],"picked":"Quick Slash","floor":11},{"not_picked":["Bouncing Flask","Tactician"],"picked":"Sucker Punch","floor":13},{"not_picked":["Predator","Slice"],"picked":"Caltrops","floor":14},{"not_picked":["Wraith Form v2","Adrenaline"],"picked":"Phantasmal Killer","floor":16},{"not_picked":["Dagger Throw","Blade Dance","Tactician"],"picked":"SKIP","floor":18},{"not_picked":["Accuracy","Slice"],"picked":"Predator","floor":20},{"not_picked":["Acrobatics","Prepared"],"picked":"Crippling Poison","floor":22},{"not_picked":["Underhanded Strike","Poisoned Stab+1","Dagger Throw"],"picked":"SKIP","floor":24},{"not_picked":["Well Laid Plans","Dagger Spray"],"picked":"After Image","floor":28},{"not_picked":["Deflect","Poisoned Stab"],"picked":"Leg Sweep","floor":29},{"not_picked":["Eviscerate","Distraction","Quick Slash"],"picked":"SKIP","floor":30},{"not_picked":["Dagger Throw","Bane"],"picked":"Cloak And Dagger","floor":31},{"not_picked":["Tools of the Trade","Adrenaline"],"picked":"Bullet Time","floor":33},{"not_picked":["Poisoned Stab+1","Eviscerate"],"picked":"Skewer+1","floor":35},{"not_picked":["Calculated Gamble","Dagger Throw"],"picked":"Acrobatics","floor":36},{"not_picked":["Storm of Steel","Quick Slash","Slice+1"],"picked":"SKIP","floor":39},{"not_picked":["Chrysalis","Deep Breath"],"picked":"Finesse","floor":40},{"not_picked":["Dagger Spray+1","Tactician","Bane+1"],"picked":"SKIP","floor":44},{"not_picked":["Sucker Punch","Tactician"],"picked":"Escape Plan+1","floor":46}],"player_experience":465738,"relics_obtained":[{"floor":9,"key":"Ancient Tea Set"},{"floor":10,"key":"Regal Pillow"},{"floor":14,"key":"Oddly Smooth Stone"},{"floor":24,"key":"Centennial Puzzle"},{"floor":26,"key":"Dream Catcher"},{"floor":38,"key":"Incense Burner"},{"floor":43,"key":"Happy Flower"},{"floor":44,"key":"Gambling Chip"}],"event_choices":[{"damage_healed":0,"gold_gain":0,"player_choice":"Grow","damage_taken":0,"max_hp_gain":0,"max_hp_loss":0,"event_name":"Living Wall","floor":2,"gold_loss":0,"cards_upgraded":["Die Die Die"]},{"damage_healed":0,"gold_gain":0,"player_choice":"Success","damage_taken":3,"relics_obtained":["Lantern"],"max_hp_gain":0,"max_hp_loss":0,"event_name":"Scrap Ooze","floor":4,"gold_loss":0},{"damage_healed":23,"gold_gain":0,"player_choice":"Banana","damage_taken":0,"max_hp_gain":0,"max_hp_loss":0,"event_name":"Big Fish","floor":5,"gold_loss":0},{"damage_healed":0,"gold_gain":75,"player_choice":"Gather Gold","damage_taken":11,"max_hp_gain":0,"max_hp_loss":0,"event_name":"World of Goop","floor":7,"gold_loss":0},{"damage_healed":0,"gold_gain":0,"player_choice":"Bet on Murderer","damage_taken":0,"max_hp_gain":0,"max_hp_loss":0,"event_name":"The Joust","floor":19,"gold_loss":50},{"damage_healed":0,"gold_gain":0,"player_choice":"Shed Blood","damage_taken":18,"max_hp_gain":5,"max_hp_loss":0,"event_name":"Forgotten Altar","floor":27,"gold_loss":0},{"damage_healed":0,"gold_gain":0,"player_choice":"Ignored","damage_taken":0,"max_hp_gain":0,"max_hp_loss":0,"event_name":"Mysterious Sphere","floor":37,"gold_loss":0},{"damage_healed":0,"gold_gain":0,"player_choice":"Fight","damage_taken":0,"max_hp_gain":0,"max_hp_loss":0,"event_name":"MindBloom","floor":38,"gold_loss":0},{"damage_healed":0,"gold_gain":0,"player_choice":"Memory 1","damage_taken":0,"max_hp_gain":0,"max_hp_loss":0,"event_name":"SensoryStone","floor":40,"gold_loss":0}],"is_beta":false,"boss_relics":[{"not_picked":["Lizard Tail","Fusion Hammer"],"picked":"Philosopher\u0027s Stone"},{"not_picked":["Coffee Dripper","Empty Cage"],"picked":"WristBlade"}],"items_purged_floors":[8],"is_endless":false,"potions_floor_spawned":[3,13,16,20,22,24,33,35,36,39],"killed_by":"Maw","ascension_level":12}