{"gold_per_floor":[116,131,56,66,86,86,118,133,158,188,202,57,92,107,107,209,209,225,242,242,255,274,303,303,303],"floor_reached":25,"playtime":1240,"items_purged":["Strike_R"],"score":321,"play_id":"bbbd26fc-5916-4dc4-9746-decca166b1df","local_time":"20190110142826","is_ascension_mode":true,"campfire_choices":[{"data":"Perfected Strike","floor":6,"key":"SMITH"},{"data":"Juggernaut","floor":15,"key":"SMITH"},{"data":"True Grit","floor":24,"key":"SMITH"}],"neow_cost":"NONE","seed_source_timestamp":86973771737716,"circlet_count":0,"master_deck":["Strike_R","Strike_R","Strike_R","Strike_R","Defend_R+1","Defend_R+1","Defend_R","Defend_R","Bash+1","Iron Wave","Iron Wave","Twin Strike","Perfected Strike+1","Body Slam","Sword Boomerang","Flex","Juggernaut+1","Demon Form","Uppercut","Entrench","Headbutt+1","True Grit+1"],"relics":["Burning Blood","Paper Frog","Lantern","War Paint","Bronze Scales","Orichalcum","Sozu","Meat on the Bone"],"potions_floor_usage":[10,19,21],"damage_taken":[{"damage":1,"enemies":"Cultist","floor":1,"turns":3},{"damage":3,"enemies":"Small Slimes","floor":2,"turns":3},{"damage":7,"enemies":"Jaw Worm","floor":4,"turns":3},{"damage":8,"enemies":"Blue Slaver","floor":5,"turns":3},{"damage":8,"enemies":"Gremlin Nob","floor":7,"turns":3},{"damage":9,"enemies":"Red Slaver","floor":8,"turns":2},{"damage":15,"enemies":"3 Sentries","floor":10,"turns":6},{"damage":0,"enemies":"Gremlin Gang","floor":11,"turns":4},{"damage":25,"enemies":"Lagavulin","floor":13,"turns":5},{"damage":5,"enemies":"Looter","floor":14,"turns":2},{"damage":31,"enemies":"Hexaghost","floor":16,"turns":9},{"damage":19,"enemies":"Spheric Guardian","floor":18,"turns":4},{"damage":9,"enemies":"2 Thieves","floor":19,"turns":4},{"damage":25,"enemies":"Centurion and Healer","floor":21,"turns":5},{"damage":22,"enemies":"Snecko","floor":22,"turns":4},{"damage":20,"enemies":"Gremlin Leader","floor":23,"turns":5},{"damage":39,"enemies":"Book of Stabbing","floor":25,"turns":3}],"seed_played":"-4367175081243776821","potions_obtained":[{"floor":7,"key":"SteroidPotion"},{"floor":8,"key":"Regen Potion"},{"floor":11,"key":"Strength Potion"},{"floor":14,"key":"BloodPotion"}],"is_trial":false,"path_per_floor":["M","M","$","M","M","R","E","M","T","E","M","$","E","M","R","B",null,"M","M","?","M","M","E","R","E"],"character_chosen":"IRONCLAD","items_purchased":["Bronze Scales"],"campfire_rested":0,"item_purchase_floors":[12],"current_hp_per_floor":[77,80,80,79,77,77,75,72,72,63,69,69,50,51,51,26,67,54,59,59,54,38,24,24,0],"gold":303,"neow_bonus":"UPGRADE_CARD","is_prod":false,"is_daily":false,"chose_seed":false,"campfire_upgraded":3,"win_rate":0,"timestamp":1547152106,"path_taken":["M","M","$","M","M","R","E","M","T","E","M","$","E","M","R","BOSS","M","?","?","?","M","E","R","E"],"build_version":"2019-01-03v4","purchased_purges":1,"victory":false,"max_hp_per_floor":[80,80,80,80,80,80,80,80,80,80,80,80,80,80,80,80,80,80,80,80,80,80,80,80,80],"card_choices":[{"not_picked":["Armaments","Headbutt"],"picked":"Iron Wave","floor":1},{"not_picked":["Flex","Dark Embrace"],"picked":"Iron Wave","floor":2},{"not_picked":["Armaments","True Grit"],"picked":"Twin Strike","floor":4},{"not_picked":["Iron Wave","Fiend Fire"],"picked":"Perfected Strike","floor":5},{"not_picked":["Armaments","Perfected Strike"],"picked":"Body Slam","floor":7},{"not_picked":["Havoc","Sentinel","Power Through"],"picked":"SKIP","floor":8},{"not_picked":["Cleave","Clothesline","Iron Wave"],"picked":"SKIP","floor":10},{"not_picked":["Havoc","Perfected Strike"],"picked":"Sword Boomerang","floor":11},{"not_picked":["Headbutt","Warcry"],"picked":"Flex","floor":13},{"not_picked":["Cleave","Armaments"],"picked":"Juggernaut","floor":14},{"not_picked":["Reaper","Berserk"],"picked":"Demon Form","floor":16},{"not_picked":["Clash","Spot Weakness","Anger"],"picked":"SKIP","floor":18},{"not_picked":["Evolve","Searing Blow+1"],"picked":"Uppercut","floor":19},{"not_picked":["Thunderclap+1","Cleave"],"picked":"Entrench","floor":21},{"not_picked":["Clothesline","Wild Strike"],"picked":"Headbutt+1","floor":22},{"not_picked":["Twin Strike","Anger"],"picked":"True Grit","floor":23}],"player_experience":140495,"relics_obtained":[{"floor":7,"key":"Paper Frog"},{"floor":9,"key":"Lantern"},{"floor":10,"key":"War Paint"},{"floor":13,"key":"Orichalcum"},{"floor":23,"key":"Meat on the Bone"}],"event_choices":[{"damage_healed":0,"gold_gain":0,"player_choice":"Bought 0 Potions","damage_taken":0,"max_hp_gain":0,"max_hp_loss":0,"event_name":"The Woman in Blue","floor":20,"gold_loss":0}],"is_beta":false,"boss_relics":[{"not_picked":["Tiny House","Lizard Tail"],"picked":"Sozu"}],"items_purged_floors":[3],"is_endless":false,"potions_floor_spawned":[7,8,11,14,18,19],"killed_by":"Book of Stabbing","ascension_level":6}