{"gold_per_floor":[360,360,310,34,45,45,75,75,150,150,49,59,79,90,90,195,195,176,5,5,5,25,25,41,41,66,66,66,66,81,81,81,183,183,199,199],"floor_reached":36,"playtime":1424,"items_purged":["Defend_B","Strike_B"],"score":513,"play_id":"852cfb4a-e2d8-4b14-9bb5-07bc2f2eaf31","local_time":"20190209112443","is_ascension_mode":true,"campfire_choices":[{"data":"Defragment","floor":6.0,"key":"SMITH"},{"data":"Zap","floor":8.0,"key":"SMITH"},{"data":"Capacitor","floor":10.0,"key":"SMITH"},{"data":"Barrage","floor":15.0,"key":"SMITH"},{"data":"Creative AI","floor":23,"key":"SMITH"},{"data":"Self Repair","floor":25,"key":"SMITH"},{"data":"Self Repair","floor":27,"key":"SMITH"},{"floor":32,"key":"REST"}],"neow_cost":"CURSE","seed_source_timestamp":669761049302200,"circlet_count":0,"master_deck":["Strike_B","Strike_B","Strike_B","Defend_B","Defend_B","Defend_B+1","Zap+1","Dualcast+1","Defragment+1","Capacitor+1","Barrage+1","Steam","Cold Snap","Leap","Heatsinks","Reinforced Body","Conserve Battery","Creative AI+1","Coolheaded","Self Repair+1","Self Repair+1","Glacier","Hologram+1","Buffer","White Noise"],"special_seed":0,"relics":["Cracked Core","Anchor","DataDisk","Question Card","Sozu","Potion Belt","Dream Catcher","Inserter"],"potions_floor_usage":[36,36],"damage_taken":[{"damage":0.0,"enemies":"Small Slimes","floor":1.0,"turns":3.0},{"damage":1.0,"enemies":"2 Louse","floor":5.0,"turns":3.0},{"damage":41.0,"enemies":"3 Sentries","floor":7.0,"turns":9.0},{"damage":0.0,"enemies":"Jaw Worm","floor":12.0,"turns":3.0},{"damage":0.0,"enemies":"Large Slime","floor":13.0,"turns":4.0},{"damage":0.0,"enemies":"3 Louse","floor":14.0,"turns":4.0},{"damage":0.0,"enemies":"Hexaghost","floor":16.0,"turns":12.0},{"damage":3.0,"enemies":"2 Thieves","floor":18.0,"turns":4.0},{"damage":0,"enemies":"3 Byrds","floor":22,"turns":4},{"damage":46,"enemies":"3 Cultists","floor":24,"turns":7},{"damage":8,"enemies":"Shelled Parasite and Fungi","floor":30,"turns":7},{"damage":1,"enemies":"Champ","floor":33,"turns":15},{"damage":0,"enemies":"Orb Walker","floor":35,"turns":6},{"damage":101,"enemies":"2 Orb Walkers","floor":36,"turns":5}],"seed_played":"-4636167056174941733","potions_obtained":[{"floor":13.0,"key":"Weak Potion"},{"floor":14.0,"key":"Block Potion"},{"floor":16.0,"key":"Block Potion"}],"is_trial":false,"path_per_floor":["M","?","?","$","M","R","E","R","T","R","$","M","M","M","R","B",null,"M","$","?","?","M","R","M","R","T","R","$","?","M","?","R","B",null,"M","?"],"character_chosen":"DEFECT","items_purchased":["Capacitor","Anchor","Barrage","Leap","Self Repair"],"campfire_rested":1,"item_purchase_floors":[4,4,4,11,19],"current_hp_per_floor":[75,60,60,60,59,59,18,18,18,18,18,18,18,18,18,18,61,58,58,58,58,65,65,33,33,33,33,33,33,45,31,55,74,79,80,0],"gold":199,"neow_bonus":"TWO_FIFTY_GOLD","is_prod":false,"is_daily":false,"chose_seed":false,"campfire_upgraded":7,"win_rate":0,"timestamp":1549736683,"path_taken":["M","?","?","$","M","R","E","R","T","R","$","M","M","?","R","BOSS","M","$","?","?","M","R","M","R","T","R","$","?","M","?","R","BOSS","M","?"],"build_version":"2019-01-23","purchased_purges":2,"victory":false,"max_hp_per_floor":[75,75,75,75,75,75,75,75,75,75,75,75,75,75,75,75,75,75,75,75,75,75,75,75,75,75,75,75,75,75,80,80,80,80,80,80],"card_choices":[{"not_picked":["Gash","Barrage"],"picked":"Defragment","floor":1.0},{"not_picked":["Gash","Aggregate"],"picked":"Steam","floor":5.0},{"not_picked":["Fusion","Force Field"],"picked":"Cold Snap","floor":7.0},{"not_picked":["Aggregate","Hello World","Auto Shields"],"picked":"Heatsinks","floor":12.0},{"not_picked":["Go for the Eyes","Sunder","Gash"],"picked":"Reinforced Body","floor":13.0},{"not_picked":["Rip and Tear","Rebound","Aggregate"],"picked":"Conserve Battery","floor":14.0},{"not_picked":["Electrodynamics","Hyperbeam","Multi-Cast"],"picked":"Creative AI","floor":16.0},{"not_picked":["Compile Driver","Cold Snap","Rip and Tear+1"],"picked":"Coolheaded","floor":18.0},{"not_picked":["Sunder+1","Coolheaded","Turbo"],"picked":"Self Repair","floor":22},{"not_picked":["Streamline","Auto Shields","Double Energy"],"picked":"Glacier","floor":24},{"not_picked":["Steam Power+1","Ball Lightning","Aggregate"],"picked":"Hologram+1","floor":30},{"not_picked":["Reboot","Machine Learning","Multi-Cast"],"picked":"Buffer","floor":33},{"not_picked":["Gash+1","Glacier+1","Leap"],"picked":"White Noise","floor":35}],"player_experience":315718,"relics_obtained":[{"floor":7.0,"key":"DataDisk"},{"floor":9.0,"key":"Question Card"},{"floor":26,"key":"Dream Catcher"}],"event_choices":[{"damage_healed":0.0,"max_hp_gain":0.0,"max_hp_loss":0.0,"gold_gain":0.0,"event_name":"Shining Light","player_choice":"Entered Light","floor":2.0,"gold_loss":0.0,"damage_taken":15.0,"cards_upgraded":["Dualcast","Defend_B"]},{"cards_removed":["Shame"],"damage_healed":0.0,"max_hp_gain":0.0,"max_hp_loss":0.0,"gold_gain":0.0,"event_name":"The Cleric","player_choice":"Card Removal","floor":3.0,"gold_loss":50.0,"damage_taken":0.0},{"damage_healed":0,"gold_gain":0,"player_choice":"Ignored","damage_taken":0,"max_hp_gain":0,"max_hp_loss":0,"event_name":"Ghosts","floor":20,"gold_loss":0},{"damage_healed":0,"gold_gain":0,"player_choice":"Opened","damage_taken":0,"relics_obtained":["Potion Belt"],"max_hp_gain":0,"max_hp_loss":0,"event_name":"The Mausoleum","floor":21,"gold_loss":0},{"damage_healed":0,"gold_gain":0,"player_choice":"Ignored","damage_taken":0,"max_hp_gain":0,"max_hp_loss":0,"event_name":"Vampires","floor":29,"gold_loss":0},{"damage_healed":0,"gold_gain":0,"player_choice":"Shed Blood","damage_taken":19,"max_hp_gain":5,"max_hp_loss":0,"event_name":"Forgotten Altar","floor":31,"gold_loss":0},{"damage_healed":0,"gold_gain":0,"player_choice":"Fight","damage_taken":0,"max_hp_gain":0,"max_hp_loss":0,"event_name":"Mysterious Sphere","floor":36,"gold_loss":0}],"is_beta":false,"boss_relics":[{"not_picked":["Busted Crown","Cursed Key"],"picked":"Sozu"},{"not_picked":["Tiny House","Black Star"],"picked":"Inserter"}],"items_purged_floors":[11,19],"is_endless":false,"potions_floor_spawned":[13,14,16,18,22,33,35],"killed_by":"2 Orb Walkers","ascension_level":5}