{"gold_per_floor":[115,135,67,67,67,67,93,93,117,150,150,1,13,27,27,27],"floor_reached":16,"playtime":347,"items_purged":[],"score":160,"play_id":"94fb30d9-0f07-4f86-9029-3458553878ad","local_time":"20181225224746","is_ascension_mode":true,"campfire_choices":[{"floor":6,"key":"RECALL"},{"floor":15,"key":"REST"}],"neow_cost":"NONE","seed_source_timestamp":703388217560000,"circlet_count":0,"master_deck":["Defend_G","Defend_G","Defend_G","Defend_G","Defend_G","Strike_G","Strike_G","Strike_G","Strike_G","Strike_G","Survivor","Neutralize","Calculated Gamble","Well Laid Plans","Caltrops+1","Venomology","Dagger Spray","Catalyst"],"relics":["Ring of the Snake","NeowsBlessing","Frozen Egg 2","Regal Pillow","Blue Candle","Singing Bowl","Oddly Smooth Stone"],"potions_floor_usage":[10,10,14,16],"damage_taken":[{"damage":0,"enemies":"2 Louse","floor":1,"turns":1},{"damage":0,"enemies":"Jaw Worm","floor":2,"turns":1},{"damage":0,"enemies":"3 Sentries","floor":7,"turns":1},{"damage":28,"enemies":"Gremlin Nob","floor":10,"turns":4},{"damage":4,"enemies":"Small Slimes","floor":13,"turns":4},{"damage":0,"enemies":"Looter","floor":14,"turns":3},{"damage":17,"enemies":"Slime Boss","floor":16,"turns":6}],"seed_played":"-4210175792089466456","potions_obtained":[{"floor":1,"key":"PowerPotion"},{"floor":2,"key":"FearPotion"},{"floor":10,"key":"Poison Potion"}],"is_trial":false,"path_per_floor":["M","M","$","?","$","R","E","?","T","E","T","$","M","M","R","B"],"character_chosen":"THE_SILENT","items_purchased":["Caltrops","Oddly Smooth Stone"],"campfire_rested":1,"item_purchase_floors":[3,12],"current_hp_per_floor":[70,70,70,70,70,70,70,70,70,42,42,42,38,40,72,55],"gold":27,"neow_bonus":"THREE_ENEMY_KILL","is_prod":false,"is_daily":false,"chose_seed":false,"campfire_upgraded":0,"win_rate":0,"timestamp":1545774466,"path_taken":["M","M","$","?","?","R","E","?","T","E","?","$","M","M","R","BOSS"],"build_version":"2018-12-20","purchased_purges":0,"victory":false,"max_hp_per_floor":[70,70,70,70,70,70,70,70,70,70,70,70,70,72,72,72],"card_choices":[{"not_picked":["Eviscerate","Cloak And Dagger"],"picked":"Calculated Gamble","floor":1},{"not_picked":["Dodge and Roll","Slice"],"picked":"Well Laid Plans","floor":2},{"not_picked":["Prepared","PiercingWail"],"picked":"Venomology","floor":7},{"not_picked":["Crippling Poison","Sucker Punch"],"picked":"Dagger Spray","floor":10},{"not_picked":["Backstab","Dodge and Roll"],"picked":"Catalyst","floor":13},{"not_picked":["Flechettes","Bane","PiercingWail"],"picked":"Singing Bowl","floor":14}],"player_experience":814846,"relics_obtained":[{"floor":7,"key":"Frozen Egg 2"},{"floor":9,"key":"Regal Pillow"},{"floor":10,"key":"Blue Candle"},{"floor":11,"key":"Singing Bowl"}],"event_choices":[{"damage_healed":0,"gold_gain":0,"player_choice":"Grow","damage_taken":0,"max_hp_gain":0,"max_hp_loss":0,"event_name":"Living Wall","floor":4,"gold_loss":0,"cards_upgraded":["Caltrops"]},{"damage_healed":0,"gold_gain":0,"player_choice":"Ignored","damage_taken":0,"max_hp_gain":0,"max_hp_loss":0,"event_name":"Golden Idol","floor":8,"gold_loss":0}],"is_beta":false,"boss_relics":[],"items_purged_floors":[],"is_endless":false,"potions_floor_spawned":[1,2,10],"killed_by":"Slime Boss","ascension_level":4}