{"gold_per_floor":[117,117,117,117,132,132,166,18,68,20,45,114,138,108],"floor_reached":14,"playtime":420,"items_purged":["Strike_B"],"score":170,"play_id":"e2f3f947-eef8-4ed0-8e7e-43c90c492fe2","local_time":"20181210182638","is_ascension_mode":true,"campfire_choices":[{"data":"Beam Cell","floor":6,"key":"SMITH"}],"neow_cost":"NONE","seed_source_timestamp":847671805925956,"circlet_count":0,"master_deck":["AscendersBane","Strike_B","Defend_B","Defend_B","Defend_B","Defend_B","Zap","Dualcast","Beam Cell+1","Sweeping Beam","Streamline","Defragment","Leap","Sunder","Sweeping Beam","Ball Lightning"],"relics":["Cracked Core","NeowsBlessing","Golden Idol","Ancient Tea Set","Regal Pillow","Juzu Bracelet"],"potions_floor_usage":[12],"damage_taken":[{"damage":0,"enemies":"Jaw Worm","floor":1,"turns":1},{"damage":0,"enemies":"Small Slimes","floor":5,"turns":1},{"damage":0,"enemies":"Lagavulin","floor":7,"turns":1},{"damage":1,"enemies":"Cultist","floor":11,"turns":3},{"damage":40,"enemies":"Lagavulin Event","floor":12,"turns":4},{"damage":8,"enemies":"Blue Slaver","floor":13,"turns":2},{"damage":17,"enemies":"Looter","floor":14,"turns":2}],"seed_played":"6158167103882773479","potions_obtained":[{"floor":11,"key":"LiquidBronze"},{"floor":13,"key":"AttackPotion"}],"is_trial":false,"path_per_floor":["M","?","?","?","M","R","E","$","T","$","M","?","M","M"],"character_chosen":"DEFECT","items_purchased":["Defragment","Leap"],"campfire_rested":0,"item_purchase_floors":[8,10],"current_hp_per_floor":[68,61,61,61,61,61,61,61,61,61,60,20,12,0],"gold":108,"neow_bonus":"THREE_ENEMY_KILL","is_prod":false,"is_daily":false,"chose_seed":false,"campfire_upgraded":1,"win_rate":0,"timestamp":1544466398,"path_taken":["M","?","?","?","M","R","E","$","T","$","?","?","M","M"],"build_version":"2018-12-06","purchased_purges":1,"victory":false,"max_hp_per_floor":[75,75,69,69,69,69,69,69,69,69,69,69,69,69],"card_choices":[{"not_picked":["Go for the Eyes","Auto Shields"],"picked":"Beam Cell","floor":1},{"not_picked":["Beam Cell","Static Discharge"],"picked":"Sweeping Beam","floor":5},{"not_picked":["Compile Driver","Gash"],"picked":"Streamline","floor":7},{"not_picked":["Stack","Steam Power"],"picked":"Sunder","floor":11},{"not_picked":["Conserve Battery","Loop"],"picked":"Sweeping Beam","floor":12},{"not_picked":["Redo","Lockon"],"picked":"Ball Lightning","floor":13}],"player_experience":1010964,"relics_obtained":[{"floor":7,"key":"Ancient Tea Set"},{"floor":9,"key":"Regal Pillow"},{"floor":12,"key":"Juzu Bracelet"}],"event_choices":[{"cards_removed":["Strike_B"],"damage_healed":0,"gold_gain":0,"player_choice":"Card Removal","damage_taken":7,"max_hp_gain":0,"max_hp_loss":0,"event_name":"Golden Wing","floor":2,"gold_loss":0},{"damage_healed":0,"gold_gain":0,"player_choice":"Lose Max HP","damage_taken":0,"relics_obtained":["Golden Idol"],"max_hp_gain":0,"max_hp_loss":6,"event_name":"Golden Idol","floor":3,"gold_loss":0},{"cards_removed":["Strike_B"],"damage_healed":0,"gold_gain":0,"player_choice":"Purged","damage_taken":0,"max_hp_gain":0,"max_hp_loss":0,"event_name":"Purifier","floor":4,"gold_loss":0},{"damage_healed":0,"gold_gain":30,"player_choice":"Searched \u00272\u0027 times","damage_taken":0,"max_hp_gain":0,"max_hp_loss":0,"event_name":"Dead Adventurer","floor":12,"gold_loss":0}],"is_beta":false,"boss_relics":[],"items_purged_floors":[8],"is_endless":false,"potions_floor_spawned":[11,13],"killed_by":"Looter","ascension_level":10}