{"gold_per_floor":[116,116,116,44,44,87,106,146,158,170,206,239,287,299,311,452,464,500,526,538,568,611,663,675,703,768,805,300,334,334,358,358,488,488,506,839,839,519,519,553,553,564,588,621,621,621,189,238,238,238,238,238,42,77,77],"floor_reached":56,"playtime":5844,"items_purged":["Injury","Writhe"],"score":1411,"play_id":"9e2fc33b-cc1b-4505-acba-25b77976aae6","local_time":"20190120211751","is_ascension_mode":true,"campfire_choices":[{"data":"Footwork","floor":10.0,"key":"SMITH"},{"data":"Bane","floor":15,"key":"SMITH"},{"data":"Noxious Fumes","floor":24,"key":"SMITH"},{"floor":32,"key":"REST"},{"floor":41,"key":"REST"},{"data":"Bullet Time","floor":46,"key":"SMITH"},{"floor":49,"key":"RECALL"},{"data":"Reflex","floor":52,"key":"PURGE"}],"neow_cost":"NONE","seed_source_timestamp":0,"circlet_count":0,"master_deck":["Survivor","Neutralize","Noxious Fumes+1","Well Laid Plans","Footwork+1","Deadly Poison","Bane+1","Corpse Explosion","Cloak And Dagger","Underhanded Strike","Crippling Poison","Noxious Fumes+1","Tactician","Deflect","Bullet Time+1","Grand Finale","Dagger Throw+1","Deflect+1","Ghostly","Ghostly","Ghostly","Ghostly","Ghostly","Infinite Blades+1","Dash+1","Acrobatics","PiercingWail","Envenom+1","Infinite Blades+1","After Image+1","Deflect+1","Master of Strategy","PiercingWail+1","Caltrops+1","Adrenaline"],"special_seed":0,"relics":["Ring of the Snake","Bronze Scales","Bottled Flame","MawBank","Ancient Tea Set","Pandora\u0027s Box","Red Mask","Matryoshka","Snake Skull","Whetstone","Strawberry","Pear","Frozen Egg 2","Nilry\u0027s Codex","Lizard Tail","Bottled Tornado","Peace Pipe","Kunai","Orichalcum","Meat on the Bone","Lantern","Incense Burner","Letter Opener"],"potions_floor_usage":[13,16,19,23,25,29,40,42,48,50,55,55],"damage_taken":[{"damage":0.0,"enemies":"2 Louse","floor":1.0,"turns":3.0},{"damage":16.0,"enemies":"3 Sentries","floor":6.0,"turns":7.0},{"damage":0.0,"enemies":"Small Slimes","floor":7.0,"turns":4.0},{"damage":0.0,"enemies":"Lagavulin","floor":8.0,"turns":8.0},{"damage":0.0,"enemies":"Jaw Worm","floor":11.0,"turns":4.0},{"damage":0,"enemies":"Blue Slaver","floor":12,"turns":3},{"damage":8,"enemies":"Gremlin Nob","floor":13,"turns":4},{"damage":2,"enemies":"Hexaghost","floor":16,"turns":9},{"damage":22,"enemies":"2 Thieves","floor":18,"turns":4},{"damage":17,"enemies":"Shell Parasite","floor":19,"turns":3},{"damage":2,"enemies":"Shelled Parasite and Fungi","floor":21,"turns":5},{"damage":1,"enemies":"Masked Bandits","floor":22,"turns":5},{"damage":1,"enemies":"Gremlin Leader","floor":23,"turns":7},{"damage":0,"enemies":"3 Cultists","floor":25,"turns":3},{"damage":9,"enemies":"Snake Plant","floor":27,"turns":4},{"damage":1,"enemies":"Book of Stabbing","floor":29,"turns":5},{"damage":8,"enemies":"Shelled Parasite and Fungi","floor":31,"turns":6},{"damage":7,"enemies":"Collector","floor":33,"turns":9},{"damage":2,"enemies":"3 Darklings","floor":35,"turns":4},{"damage":45,"enemies":"Giant Head","floor":40,"turns":8},{"damage":0,"enemies":"Orb Walker","floor":42,"turns":4},{"damage":0,"enemies":"Nemesis","floor":44,"turns":9},{"damage":3,"enemies":"2 Orb Walkers","floor":48,"turns":6},{"damage":60,"enemies":"Awakened One","floor":50,"turns":12},{"damage":0,"enemies":"Shield and Spear","floor":54,"turns":6},{"damage":15,"enemies":"The Heart","floor":55,"turns":10}],"seed_played":"1954072616886664941","potions_obtained":[{"floor":6.0,"key":"EssenceOfSteel"},{"floor":7.0,"key":"Swift Potion"},{"floor":8.0,"key":"Poison Potion"},{"floor":13,"key":"Weak Potion"},{"floor":16,"key":"GamblersBrew"},{"floor":18,"key":"GamblersBrew"},{"floor":22,"key":"EntropicBrew"},{"floor":23,"key":"PowerPotion"},{"floor":33,"key":"Dexterity Potion"},{"floor":40,"key":"GamblersBrew"},{"floor":44,"key":"Fire Potion"}],"is_trial":false,"path_per_floor":["M","?","?","$","?","E","M","E","T","R","M","M","E","$","R","B",null,"M","M","?","M","?","E","R","M","T","M","$","E","?","M","R","B",null,"M","?","?","$","?","E","R","M","T","E","?","R","$","?","R","B",null,"R","$","E","B",null],"character_chosen":"THE_SILENT","items_purchased":["Well Laid Plans","Strawberry","Pear","PiercingWail","Infinite Blades+1","Bottled Tornado","Lantern","Master of Strategy","GhostInAJar","Caltrops+1","SkillPotion"],"campfire_rested":2,"item_purchase_floors":[4,28,28,28,38,38,47,47,53,53,53],"current_hp_per_floor":[70,70,70,70,70,54,54,54,54,54,54,54,46,46,46,44,70,48,31,31,29,28,27,27,27,27,18,35,34,18,10,25,18,52,50,50,50,50,50,5,20,20,20,20,33,33,33,30,30,20,52,52,52,52,37],"gold":77,"neow_bonus":"RANDOM_COMMON_RELIC","is_prod":false,"is_daily":false,"chose_seed":false,"campfire_upgraded":4,"win_rate":0,"timestamp":1548040671,"path_taken":["M","?","?","$","?","E","M","E","T","R","M","M","E","?","R","BOSS","M","M","?","M","?","E","R","M","T","M","$","E","?","M","R","BOSS","M","?","?","$","?","E","R","?","T","E","?","R","$","?","R","BOSS","R","$","E","BOSS"],"build_version":"2019-01-17v2","purchased_purges":2,"victory":true,"max_hp_per_floor":[70,70,70,70,70,70,70,70,70,70,70,70,70,70,70,70,70,70,70,35,35,35,35,35,35,35,35,52,52,52,52,52,52,52,52,52,52,52,52,52,52,52,52,52,52,52,52,52,52,52,52,52,52,52,52],"card_choices":[{"not_picked":["Quick Slash","Backflip"],"picked":"Noxious Fumes","floor":1.0},{"not_picked":["Leg Sweep","Masterful Stab","Distraction"],"picked":"SKIP","floor":6.0},{"not_picked":["Dagger Throw","Blur"],"picked":"Footwork","floor":7.0},{"not_picked":["Predator","Doppelganger"],"picked":"Deadly Poison","floor":8.0},{"not_picked":["Backflip","Prepared"],"picked":"Bane","floor":11.0},{"not_picked":["Blade Dance","Cloak And Dagger","Deflect"],"picked":"SKIP","floor":12},{"not_picked":["Flying Knee","Choke","Concentrate"],"picked":"SKIP","floor":13},{"not_picked":["Envenom","Bullet Time"],"picked":"Corpse Explosion","floor":16},{"not_picked":["Sucker Punch","Prepared"],"picked":"Dagger Throw+1","floor":18},{"not_picked":["Skewer","Calculated Gamble"],"picked":"Deflect+1","floor":19},{"not_picked":["Underhanded Strike","Sucker Punch","Dodge and Roll"],"picked":"SKIP","floor":21},{"not_picked":["Leg Sweep","Predator+1"],"picked":"Infinite Blades+1","floor":23},{"not_picked":["Flying Knee+1","Expertise"],"picked":"Dash","floor":25},{"not_picked":["All Out Attack+1","Tactician"],"picked":"Acrobatics","floor":27},{"not_picked":["Blade Dance","All Out Attack","Escape Plan"],"picked":"SKIP","floor":29},{"not_picked":["PiercingWail","Outmaneuver","Glass Knife"],"picked":"SKIP","floor":31},{"not_picked":["Night Terror","Die Die Die"],"picked":"Envenom+1","floor":33},{"not_picked":["Well Laid Plans+1","Distraction","Bane"],"picked":"SKIP","floor":35},{"not_picked":["Dodge and Roll+1","Cloak And Dagger"],"picked":"After Image+1","floor":40},{"not_picked":["Expertise","Dagger Throw","Dagger Spray+1"],"picked":"SKIP","floor":42},{"not_picked":["Underhanded Strike+1","Infinite Blades+1"],"picked":"Deflect+1","floor":44},{"not_picked":["Flechettes+1","Deadly Poison+1"],"picked":"PiercingWail+1","floor":48},{"not_picked":["Prepared+1","Riddle With Holes"],"picked":"Adrenaline","floor":54}],"player_experience":269359,"relics_obtained":[{"floor":6.0,"key":"Bottled Flame"},{"floor":8.0,"key":"MawBank"},{"floor":13,"key":"Ancient Tea Set"},{"floor":22,"key":"Red Mask"},{"floor":23,"key":"Matryoshka"},{"floor":26,"key":"Snake Skull"},{"floor":26,"key":"Whetstone"},{"floor":29,"key":"Frozen Egg 2"},{"floor":30,"key":"Nilry\u0027s Codex"},{"floor":40,"key":"Peace Pipe"},{"floor":43,"key":"Kunai"},{"floor":43,"key":"Orichalcum"},{"floor":44,"key":"Meat on the Bone"},{"floor":48,"key":"Incense Burner"},{"floor":54,"key":"Letter Opener"}],"event_choices":[{"damage_healed":0.0,"max_hp_gain":0.0,"max_hp_loss":0.0,"gold_gain":0.0,"event_name":"Living Wall","player_choice":"Grow","floor":2.0,"gold_loss":0.0,"damage_taken":0.0,"cards_upgraded":["Noxious Fumes"]},{"damage_healed":0.0,"max_hp_gain":0.0,"max_hp_loss":0.0,"gold_gain":0.0,"event_name":"Shining Light","player_choice":"Ignored","floor":3.0,"gold_loss":0.0,"damage_taken":0.0},{"damage_healed":0.0,"max_hp_gain":0.0,"max_hp_loss":0.0,"gold_gain":0.0,"event_name":"Golden Idol","player_choice":"Take Wound","floor":5.0,"gold_loss":0.0,"damage_taken":0.0,"relics_obtained":["Golden Idol"],"cards_obtained":["Injury"]},{"damage_healed":0,"gold_gain":0,"player_choice":"Became a Ghost","damage_taken":0,"max_hp_gain":0,"max_hp_loss":35,"event_name":"Ghosts","floor":20,"gold_loss":0,"cards_obtained":["Ghostly","Ghostly","Ghostly","Ghostly","Ghostly"]},{"damage_healed":0,"gold_gain":0,"player_choice":"Fought Bandits","damage_taken":0,"max_hp_gain":0,"max_hp_loss":0,"event_name":"Masked Bandits","floor":22,"gold_loss":0},{"damage_healed":0,"gold_gain":0,"player_choice":"Obtained Book","damage_taken":16,"max_hp_gain":0,"max_hp_loss":0,"event_name":"Cursed Tome","floor":30,"gold_loss":0},{"damage_healed":0,"gold_gain":333,"player_choice":"Gave Idol","damage_taken":0,"max_hp_gain":0,"max_hp_loss":0,"event_name":"The Moai Head","floor":36,"relics_lost":["Golden Idol"],"gold_loss":0},{"cards_removed":["Flying Knee"],"damage_healed":0,"gold_gain":0,"player_choice":"Removed Attack","damage_taken":0,"max_hp_gain":0,"max_hp_loss":0,"event_name":"Falling","floor":37,"gold_loss":0},{"damage_healed":0,"gold_gain":0,"player_choice":"Bought 0 Potions","damage_taken":0,"max_hp_gain":0,"max_hp_loss":0,"event_name":"The Woman in Blue","floor":39,"gold_loss":0},{"damage_healed":13,"gold_gain":0,"player_choice":"Writhe","damage_taken":0,"max_hp_gain":0,"max_hp_loss":0,"event_name":"Winding Halls","floor":45,"gold_loss":0,"cards_obtained":["Writhe"]},{"damage_healed":0,"gold_gain":0,"player_choice":"Fight","damage_taken":0,"max_hp_gain":0,"max_hp_loss":0,"event_name":"Mysterious Sphere","floor":48,"gold_loss":0}],"is_beta":false,"boss_relics":[{"not_picked":["Ectoplasm","Eternal Feather"],"picked":"Pandora\u0027s Box"},{"not_picked":["Fusion Hammer","Black Star"],"picked":"Lizard Tail"}],"items_purged_floors":[28,47],"is_endless":false,"potions_floor_spawned":[6,7,8,13,16,18,22,23,33,40,44],"ascension_level":1}