{"path_per_floor":["M","?","M","?","?","E","R","M","T","E","R","M","M","?","R","B",null,"M","?","?","?","M","E","$","E","T","R","E","M","$","E","R","B",null,"M","M","?","?","M","E","R"],"character_chosen":"DEFECT","items_purchased":["Capacitor","Barrage","Bronze Scales","Omamori"],"gold_per_floor":[114,114,126,126,126,153,153,167,167,193,193,207,223,323,323,424,424,437,437,437,437,448,477,160,186,186,186,212,222,74,108,108,206,206,217,235,235,235,247,278,278,278],"floor_reached":42,"campfire_rested":3,"playtime":3919,"item_purchase_floors":[24,24,24,30],"current_hp_per_floor":[68,53,60,60,27,11,33,37,37,34,34,38,42,42,42,23,75,61,61,61,47,57,46,46,25,25,49,54,66,66,57,57,62,80,80,68,94,94,87,19,62,0],"items_purged":["Strike_B"],"gold":278,"score":808,"play_id":"5e0b6849-af86-4ca3-8400-519082612777","local_time":"20180610183540","is_prod":false,"is_daily":false,"chose_seed":false,"is_ascension_mode":true,"campfire_upgraded":3,"win_rate":0,"timestamp":1528677340,"campfire_choices":[{"floor":7,"key":"REST"},{"data":"Self Repair","floor":11,"key":"SMITH"},{"data":"Zap","floor":15,"key":"SMITH"},{"floor":27,"key":"REST"},{"data":"Buffer","floor":32,"key":"SMITH"},{"floor":41,"key":"REST"}],"path_taken":["M","?","?","?","?","E","R","M","T","E","R","?","M","?","R","BOSS","M","?","?","?","M","E","?","E","T","R","E","?","$","E","R","BOSS","M","M","?","?","M","E","R","E"],"build_version":"2018-06-07v3","seed_source_timestamp":72399400312905,"purchased_purges":1,"victory":false,"master_deck":["Strike_B","Strike_B","Defend_B","Defend_B+1","Defend_B+1","Defend_B","Zap+1","Dualcast","Self Repair+1","Static Discharge","Streamline","Ball Lightning","Glacier","Buffer+1","Coolheaded+1","Steam","Capacitor","Barrage","Conserve Battery+1","Loop","Machine Learning","Multi-Cast","Darkness+1"],"max_hp_per_floor":[75,75,75,75,75,75,75,75,75,75,75,75,75,75,75,75,75,75,75,75,80,80,80,80,80,80,80,80,80,80,80,80,80,80,80,80,94,94,94,94,94,94],"relics":["Cracked Core","Ornamental Fan","Lantern","Oddly Smooth Stone","Ancient Tea Set","Nuclear Battery","Dream Catcher","Bronze Scales","Orichalcum","Blood Vial","Regal Pillow","Omamori","Boot","Inserter","Mango","Gremlin Horn"],"card_choices":[{"not_picked":["FTL","Rebound"],"picked":"Self Repair","floor":1},{"not_picked":["Steam","Barrage"],"picked":"Static Discharge","floor":3},{"not_picked":["Biased Cognition","Aggregate","Scrape"],"picked":"SKIP","floor":6},{"not_picked":["Darkness","Leap"],"picked":"Streamline","floor":8},{"not_picked":["Sweeping Beam","Compile Driver","Conserve Battery"],"picked":"SKIP","floor":10},{"not_picked":["Hologram","Steam Power"],"picked":"Ball Lightning","floor":12},{"not_picked":["Stack","Rebound"],"picked":"Glacier","floor":13},{"not_picked":["Seek","Multi-Cast"],"picked":"Buffer","floor":16},{"not_picked":["Storm+1","Compile Driver"],"picked":"Coolheaded+1","floor":18},{"not_picked":["Stack","Double Energy+1","Tempest"],"picked":"SKIP","floor":22},{"not_picked":["Turbo","Tempest","Go for the Eyes"],"picked":"SKIP","floor":23},{"not_picked":["Coolheaded","Steam+1"],"picked":"Conserve Battery+1","floor":25},{"not_picked":["Gash","Fusion"],"picked":"Loop","floor":27},{"not_picked":["Capacitor","Hologram","Tempest+1"],"picked":"SKIP","floor":28},{"not_picked":["Reprogram+1","Leap","Barrage"],"picked":"SKIP","floor":29},{"not_picked":["Reinforced Body","Compile Driver"],"picked":"Machine Learning","floor":31},{"not_picked":["Rainbow","Hyperbeam"],"picked":"Multi-Cast","floor":33},{"not_picked":["Rebound+1","Ball Lightning","Coolheaded"],"picked":"SKIP","floor":35},{"not_picked":["Stack+1","Gash","Leap+1"],"picked":"SKIP","floor":36},{"not_picked":["Cold Snap+1","Steam Power+1","Beam Cell"],"picked":"SKIP","floor":39},{"not_picked":["Go for the Eyes","Streamline","Leap"],"picked":"SKIP","floor":40},{"not_picked":["Stack+1","Coolheaded"],"picked":"Darkness+1","floor":41}],"player_experience":146281,"potions_floor_usage":[6,10,16,31,31,33,33,40],"damage_taken":[{"damage":7,"enemies":"Jaw Worm","floor":1,"turns":4},{"damage":0,"enemies":"Cultist","floor":3,"turns":4},{"damage":23,"enemies":"Lagavulin","floor":6,"turns":8},{"damage":3,"enemies":"2 Louse","floor":8,"turns":3},{"damage":10,"enemies":"3 Sentries","floor":10,"turns":6},{"damage":6,"enemies":"Exordium Wildlife","floor":12,"turns":3},{"damage":6,"enemies":"2 Fungi Beasts","floor":13,"turns":3},{"damage":29,"enemies":"Hexaghost","floor":16,"turns":10},{"damage":24,"enemies":"3 Byrds","floor":18,"turns":3},{"damage":0,"enemies":"Spheric Guardian","floor":22,"turns":6},{"damage":21,"enemies":"Book of Stabbing","floor":23,"turns":7},{"damage":31,"enemies":"Slavers","floor":25,"turns":7},{"damage":7,"enemies":"Book of Stabbing","floor":28,"turns":6},{"damage":0,"enemies":"Snecko","floor":29,"turns":7},{"damage":21,"enemies":"Slavers","floor":31,"turns":7},{"damage":7,"enemies":"Champ","floor":33,"turns":15},{"damage":3,"enemies":"Orb Walker","floor":35,"turns":5},{"damage":22,"enemies":"3 Darklings","floor":36,"turns":8},{"damage":0,"floor":37,"turns":10},{"damage":17,"enemies":"Maw","floor":39,"turns":9},{"damage":80,"enemies":"Giant Head","floor":40,"turns":10},{"damage":69,"enemies":"2 Orb Walkers","floor":42,"turns":3}],"relics_obtained":[{"floor":6,"key":"Lantern"},{"floor":9,"key":"Oddly Smooth Stone"},{"floor":10,"key":"Ancient Tea Set"},{"floor":23,"key":"Dream Catcher"},{"floor":25,"key":"Orichalcum"},{"floor":26,"key":"Blood Vial"},{"floor":28,"key":"Regal Pillow"},{"floor":31,"key":"Boot"},{"floor":37,"key":"Mango"},{"floor":40,"key":"Gremlin Horn"}],"event_choices":[{"event_name":"Shining Light","player_choice":"Entered Light","floor":2,"damage_taken":0},{"event_name":"Bonfire Elementals","player_choice":"BASIC","floor":4,"damage_taken":0},{"event_name":"Scrap Ooze","player_choice":"success","floor":5,"damage_taken":33},{"event_name":"Golden Shrine","player_choice":"Pray","floor":14,"damage_taken":0},{"event_name":"Drug Dealer","player_choice":"Ignored","floor":19,"damage_taken":0},{"event_name":"The Library","player_choice":"Read","floor":20,"damage_taken":0},{"event_name":"Forgotten Altar","player_choice":"Shed Blood","floor":21,"damage_taken":0},{"event_name":"MindBloom","player_choice":"Fight","floor":37,"damage_taken":0},{"event_name":"Tomb of Lord Red Mask","player_choice":"Ignored","floor":38,"damage_taken":0}],"boss_relics":[{"not_picked":["White Beast Statue","Pandora\u0027s Box"],"picked":"Nuclear Battery"},{"not_picked":["Astrolabe","Tiny House"],"picked":"Inserter"}],"items_purged_floors":[24],"potions_floor_spawned":[1,3,10,25,28,29,31,36,40],"seed_played":"-3419442323758468619","killed_by":"2 Orb Walkers","ascension_level":2,"potions_obtained":[{"floor":1,"key":"Ancient Potion"},{"floor":3,"key":"Fire Potion"},{"floor":10,"key":"FearPotion"},{"floor":25,"key":"Fire Potion"},{"floor":28,"key":"SteroidPotion"},{"floor":29,"key":"Ancient Potion"},{"floor":31,"key":"Fire Potion"},{"floor":36,"key":"Strength Potion"},{"floor":40,"key":"Poison Potion"}],"is_trial":false}