{"gold_per_floor":[20,20,32,32,44,74,99,140,152,164,202,230,276,301,313,325],"floor_reached":16,"playtime":750,"items_purged":[],"score":198,"play_id":"07f3781d-24fe-4bd5-af12-a24e3763b875","local_time":"20190131151540","is_ascension_mode":true,"campfire_choices":[{"data":"Armaments","floor":15.0,"key":"SMITH"}],"neow_cost":"NO_GOLD","seed_source_timestamp":74626863564061,"circlet_count":0,"master_deck":["AscendersBane","Strike_R","Strike_R","Strike_R","Strike_R+1","Defend_R","Defend_R","Bash","Spot Weakness","Clothesline+1","Battle Trance","Iron Wave","Hemokinesis","Bludgeon","Twin Strike","Armaments+1"],"special_seed":0,"relics":["Burning Blood","MawBank","Whetstone","Smiling Mask","Ornamental Fan","Calipers"],"potions_floor_usage":[],"damage_taken":[{"damage":5.0,"enemies":"Small Slimes","floor":1.0,"turns":4.0},{"damage":2.0,"enemies":"2 Louse","floor":3.0,"turns":2.0},{"damage":6.0,"enemies":"Jaw Worm","floor":5.0,"turns":4.0},{"damage":30.0,"enemies":"Lagavulin","floor":6.0,"turns":5.0},{"damage":11.0,"enemies":"Large Slime","floor":7.0,"turns":6.0},{"damage":17.0,"enemies":"Gremlin Nob","floor":8.0,"turns":4.0},{"damage":22.0,"enemies":"3 Sentries","floor":11.0,"turns":6.0},{"damage":3.0,"enemies":"2 Fungi Beasts","floor":12.0,"turns":2.0},{"damage":23.0,"enemies":"Lagavulin","floor":13.0,"turns":6.0},{"damage":11.0,"enemies":"Gremlin Gang","floor":14.0,"turns":5.0},{"damage":14,"enemies":"Hexaghost","floor":16,"turns":4}],"seed_played":"-5242927137236662499","potions_obtained":[{"floor":1.0,"key":"EntropicBrew"},{"floor":3.0,"key":"EssenceOfSteel"},{"floor":6.0,"key":"Dexterity Potion"},{"floor":7.0,"key":"Weak Potion"},{"floor":14.0,"key":"Ancient Potion"}],"is_trial":false,"path_per_floor":["M","?","M","?","M","E","M","E","T","?","E","M","E","M","R","B"],"character_chosen":"IRONCLAD","items_purchased":[],"campfire_rested":0,"item_purchase_floors":[],"current_hp_per_floor":[73,66,70,75,75,65,60,49,49,49,33,36,19,14,14,0],"gold":325,"neow_bonus":"REMOVE_TWO","is_prod":false,"is_daily":false,"chose_seed":false,"campfire_upgraded":1,"win_rate":0,"timestamp":1548969340,"path_taken":["M","?","M","?","M","E","M","E","T","?","E","M","E","M","R","BOSS"],"build_version":"2019-01-23","purchased_purges":0,"victory":false,"max_hp_per_floor":[80,80,80,85,85,85,85,85,85,85,85,85,85,85,85,85],"card_choices":[{"not_picked":["Anger","Armaments"],"picked":"Spot Weakness","floor":1.0},{"not_picked":["Warcry","Perfected Strike"],"picked":"Clothesline","floor":3.0},{"not_picked":["Flex","Fire Breathing"],"picked":"Battle Trance","floor":5.0},{"not_picked":["Wild Strike","Sever Soul"],"picked":"Iron Wave","floor":6.0},{"not_picked":["Battle Trance","Infernal Blade"],"picked":"Hemokinesis","floor":7.0},{"not_picked":["Body Slam","Thunderclap"],"picked":"Bludgeon","floor":8.0},{"not_picked":["Hemokinesis","Power Through"],"picked":"Twin Strike","floor":11.0},{"not_picked":["Iron Wave","Disarm"],"picked":"Armaments","floor":12.0},{"not_picked":["Perfected Strike","Anger","Sentinel"],"picked":"SKIP","floor":13.0},{"not_picked":["Twin Strike","Pummel","Carnage"],"picked":"SKIP","floor":14.0}],"player_experience":236716,"relics_obtained":[{"floor":6.0,"key":"MawBank"},{"floor":8.0,"key":"Whetstone"},{"floor":9.0,"key":"Smiling Mask"},{"floor":11.0,"key":"Ornamental Fan"},{"floor":13.0,"key":"Calipers"}],"event_choices":[{"cards_removed":["Defend_R"],"damage_healed":0.0,"max_hp_gain":0.0,"max_hp_loss":0.0,"gold_gain":0.0,"event_name":"Golden Wing","player_choice":"Card Removal","floor":2.0,"gold_loss":0.0,"damage_taken":7.0},{"damage_healed":0.0,"max_hp_gain":5.0,"max_hp_loss":0.0,"gold_gain":0.0,"event_name":"Big Fish","player_choice":"Donut","floor":4.0,"gold_loss":0.0,"damage_taken":0.0},{"damage_healed":0.0,"max_hp_gain":0.0,"max_hp_loss":0.0,"gold_gain":0.0,"event_name":"Liars Game","player_choice":"Ignored","floor":10.0,"gold_loss":0.0,"damage_taken":0.0}],"is_beta":false,"boss_relics":[],"items_purged_floors":[],"is_endless":false,"potions_floor_spawned":[1,3,6,7,14],"killed_by":"Hexaghost","ascension_level":10}