{"gold_per_floor":[118,118,193,213,229,229,36,60,141,166,210,210,160,160],"floor_reached":14,"playtime":683,"items_purged":[],"score":117,"play_id":"f313a78e-c9e2-4fa3-a217-3895f661d5d7","local_time":"20190130182601","is_ascension_mode":true,"campfire_choices":[{"data":"Body Slam","floor":6,"key":"SMITH"},{"floor":12,"key":"REST"}],"neow_cost":"NONE","seed_source_timestamp":15185490155875,"circlet_count":0,"master_deck":["Strike_R","Strike_R","Strike_R","Strike_R","Defend_R","Defend_R","Defend_R","Defend_R","Bash","Body Slam+1","Impervious","Evolve","Shrug It Off","Thunderclap"],"relics":["Burning Blood","NeowsBlessing","Golden Idol","Strange Spoon","Frozen Egg 2","Potion Belt"],"potions_floor_usage":[],"damage_taken":[{"damage":0,"enemies":"Jaw Worm","floor":1,"turns":1},{"damage":0,"enemies":"2 Louse","floor":4,"turns":1},{"damage":0,"enemies":"Small Slimes","floor":5,"turns":1},{"damage":1,"enemies":"2 Fungi Beasts","floor":8,"turns":4},{"damage":17,"enemies":"Gremlin Gang","floor":10,"turns":6},{"damage":27,"enemies":"3 Sentries","floor":11,"turns":8},{"damage":47,"enemies":"Lagavulin Event","floor":14,"turns":6}],"seed_played":"-4609864191836967459","potions_obtained":[{"floor":1,"key":"Ancient Potion"},{"floor":11,"key":"Explosive Potion"}],"is_trial":false,"path_per_floor":["M","?","?","M","M","R","$","M","T","M","E","R","?","?"],"character_chosen":"IRONCLAD","items_purchased":["Strange Spoon"],"campfire_rested":1,"item_purchase_floors":[7],"current_hp_per_floor":[78,58,47,53,59,59,59,64,64,53,32,56,56,9],"gold":160,"neow_bonus":"THREE_ENEMY_KILL","is_prod":false,"is_daily":false,"chose_seed":false,"campfire_upgraded":1,"win_rate":0,"timestamp":1548840361,"path_taken":["M","?","?","M","M","R","$","M","T","M","E","R","?","?"],"build_version":"2019-01-23","purchased_purges":0,"victory":false,"max_hp_per_floor":[80,80,80,80,80,80,80,80,80,80,80,80,80,80],"card_choices":[{"not_picked":["Rage","Twin Strike","Thunderclap"],"picked":"SKIP","floor":1},{"not_picked":["Shockwave","Rupture"],"picked":"Body Slam","floor":4},{"not_picked":["Wild Strike","Armaments"],"picked":"Impervious","floor":5},{"not_picked":["Reckless Charge","Twin Strike"],"picked":"Evolve","floor":8},{"not_picked":["Hemokinesis","Cleave"],"picked":"Shrug It Off","floor":10},{"not_picked":["Intimidate","Wild Strike"],"picked":"Thunderclap","floor":11}],"player_experience":127718,"relics_obtained":[{"floor":9,"key":"Frozen Egg 2"},{"floor":11,"key":"Potion Belt"}],"event_choices":[{"damage_healed":0,"gold_gain":0,"player_choice":"Take Damage","damage_taken":20,"relics_obtained":["Golden Idol"],"max_hp_gain":0,"max_hp_loss":0,"event_name":"Golden Idol","floor":2,"gold_loss":0},{"damage_healed":0,"gold_gain":75,"player_choice":"Gather Gold","damage_taken":11,"max_hp_gain":0,"max_hp_loss":0,"event_name":"World of Goop","floor":3,"gold_loss":0},{"cards_removed":["Strike_R"],"damage_healed":0,"gold_gain":0,"player_choice":"Card Removal","damage_taken":0,"max_hp_gain":0,"max_hp_loss":0,"event_name":"The Cleric","floor":13,"gold_loss":50},{"damage_healed":0,"gold_gain":0,"player_choice":"Searched \u00271\u0027 times","damage_taken":0,"max_hp_gain":0,"max_hp_loss":0,"event_name":"Dead Adventurer","floor":14,"gold_loss":0}],"is_beta":false,"boss_relics":[],"items_purged_floors":[],"is_endless":false,"potions_floor_spawned":[1,11],"killed_by":"Lagavulin Event","ascension_level":6}