{"gold_per_floor":[218,24,43,56,56,56,71,71,126,126,160,171,184,205,205,310,310,323,238,252,252],"floor_reached":21,"playtime":1048,"items_purged":[],"score":208,"play_id":"78c75313-dcc7-4261-909c-4a3de7e476ec","local_time":"20181114154743","is_ascension_mode":true,"campfire_choices":[{"data":"Bash","floor":6,"key":"SMITH"},{"data":"Iron Wave","floor":8,"key":"SMITH"},{"data":"Armaments","floor":15,"key":"SMITH"}],"neow_cost":"NONE","seed_source_timestamp":1214387455686225,"circlet_count":0,"master_deck":["Strike_R","Strike_R","Strike_R","Strike_R","Strike_R","Defend_R","Defend_R","Defend_R","Defend_R","Bash+1","Thunderclap","Whirlwind+1","Shrug It Off","Iron Wave+1","Regret","Armaments+1","Bloodletting","Headbutt","Battle Trance","Offering","Blood for Blood","Combust"],"relics":["Burning Blood","ClockworkSouvenir","Lantern","Regal Pillow","Sundial","Odd Mushroom","Runic Cube","Pocketwatch"],"potions_floor_usage":[7,11,13,16],"damage_taken":[{"damage":6,"enemies":"Jaw Worm","floor":1,"turns":5},{"damage":6,"enemies":"Small Slimes","floor":3,"turns":3},{"damage":1,"enemies":"Cultist","floor":4,"turns":3},{"damage":0,"enemies":"Large Slime","floor":7,"turns":3},{"damage":10,"enemies":"Gremlin Nob","floor":11,"turns":3},{"damage":13,"enemies":"Blue Slaver","floor":12,"turns":3},{"damage":26,"enemies":"Exordium Thugs","floor":13,"turns":4},{"damage":0,"enemies":"The Mushroom Lair","floor":14,"turns":1},{"damage":69,"enemies":"Hexaghost","floor":16,"turns":11},{"damage":36,"enemies":"2 Thieves","floor":18,"turns":3},{"damage":28,"enemies":"Shell Parasite","floor":20,"turns":4},{"damage":33,"enemies":"Shelled Parasite and Fungi","floor":21,"turns":2}],"seed_played":"8027579526574688599","potions_obtained":[{"floor":1,"key":"AttackPotion"},{"floor":4,"key":"SteroidPotion"},{"floor":11,"key":"Regen Potion"},{"floor":12,"key":"BloodPotion"}],"is_trial":false,"path_per_floor":["M","$","M","M","?","R","M","R","T","?","E","M","M","?","R","B",null,"M","?","M","M"],"character_chosen":"IRONCLAD","items_purchased":["ClockworkSouvenir"],"campfire_rested":0,"item_purchase_floors":[2],"current_hp_per_floor":[80,80,80,80,80,80,80,80,80,80,76,69,61,67,67,12,80,50,50,28,0],"gold":252,"neow_bonus":"HUNDRED_GOLD","is_prod":false,"is_daily":false,"chose_seed":false,"campfire_upgraded":3,"win_rate":0,"timestamp":1542228463,"path_taken":["M","$","M","M","?","R","M","R","T","?","E","M","M","?","R","BOSS","M","?","M","M"],"build_version":"2018-11-08","purchased_purges":0,"victory":false,"max_hp_per_floor":[80,80,80,80,80,80,80,80,80,80,80,80,80,80,80,80,80,80,80,80,80],"card_choices":[{"not_picked":["Evolve","Anger"],"picked":"Thunderclap","floor":1},{"not_picked":["Wild Strike","Flame Barrier"],"picked":"Whirlwind","floor":3},{"not_picked":["Seeing Red","Twin Strike"],"picked":"Shrug It Off","floor":4},{"not_picked":["True Grit","Havoc"],"picked":"Iron Wave","floor":7},{"not_picked":["Warcry","Heavy Blade"],"picked":"Armaments","floor":11},{"not_picked":["Twin Strike","Spot Weakness"],"picked":"Bloodletting","floor":12},{"not_picked":["Second Wind","Corruption"],"picked":"Headbutt","floor":13},{"not_picked":["Pommel Strike","Cleave"],"picked":"Battle Trance","floor":14},{"not_picked":["Dark Embrace","Immolate"],"picked":"Offering","floor":16},{"not_picked":["Battle Trance+1","Thunderclap"],"picked":"Blood for Blood","floor":18},{"not_picked":["Sentinel","Shockwave"],"picked":"Combust","floor":20}],"player_experience":262167,"relics_obtained":[{"floor":9,"key":"Lantern"},{"floor":11,"key":"Sundial"},{"floor":14,"key":"Odd Mushroom"}],"event_choices":[{"damage_healed":0,"gold_gain":0,"player_choice":"Grow","damage_taken":0,"max_hp_gain":0,"max_hp_loss":0,"event_name":"Living Wall","floor":5,"gold_loss":0,"cards_upgraded":["Whirlwind"]},{"damage_healed":0,"gold_gain":0,"player_choice":"Box","damage_taken":0,"relics_obtained":["Regal Pillow"],"max_hp_gain":0,"max_hp_loss":0,"event_name":"Big Fish","floor":10,"gold_loss":0,"cards_obtained":["Regret"]},{"damage_healed":0,"gold_gain":0,"player_choice":"Fought Mushrooms","damage_taken":0,"max_hp_gain":0,"max_hp_loss":0,"event_name":"Mushrooms","floor":14,"gold_loss":0},{"damage_healed":0,"gold_gain":0,"player_choice":"Obtained Relic","damage_taken":0,"relics_obtained":["Pocketwatch"],"max_hp_gain":0,"max_hp_loss":0,"event_name":"Addict","floor":19,"gold_loss":85}],"is_beta":false,"boss_relics":[{"not_picked":["Orrery","Philosopher\u0027s Stone"],"picked":"Runic Cube"}],"items_purged_floors":[],"is_endless":false,"potions_floor_spawned":[1,4,11,12],"killed_by":"Shelled Parasite and Fungi","ascension_level":3}