{"path_per_floor":["M","?","M","M","M","E","$","M","T","R","E","R","M","M","R","B",null,"M","M","M","?","?","E","M","E","T","M","R","T","$","M","R","B",null,"M","$","?","M","M","E","?","$","T","E","$","M","R","M","R","B"],"character_chosen":"IRONCLAD","items_purchased":["Orichalcum","Molten Egg 2","Pommel Strike"],"gold_per_floor":[112,112,125,142,155,184,39,49,99,99,125,125,145,162,162,263,263,274,290,307,307,307,337,349,382,382,401,401,401,16,26,26,131,131,149,49,0,11,29,63,115,115,115,149,24,42,42,56,56,56],"floor_reached":51,"campfire_rested":0,"playtime":3512,"current_hp_per_floor":[80,73,73,79,76,56,56,62,62,62,60,60,66,68,68,70,80,72,76,68,53,53,48,59,59,59,57,57,57,57,59,59,56,59,59,59,59,58,59,59,51,51,51,51,51,59,59,51,51,8],"items_purged":["Defend_R","Defend_R","Decay"],"gold":56,"play_id":"82567e8b-ae0e-4c7c-82e9-05142ebcc399","is_prod":false,"is_daily":false,"is_ascension_mode":false,"campfire_upgraded":5,"path_taken":["M","?","M","?","M","E","?","M","T","R","E","R","M","M","R","BOSS","M","M","?","?","?","E","M","E","T","M","R","?","$","M","R","BOSS","M","$","?","?","M","E","?","?","T","E","$","M","R","M","R","BOSS"],"build_version":"2018-02-01-PROD3","purchased_purges":3,"victory":true,"master_deck":["Defend_R+1","Defend_R+1","Bash+1","Metallicize+1","Inflame+1","Thunderclap","Offering+1","Heavy Blade+1","Juggernaut+1","Flex","Flex+1","Bite","Bite","Bite","Bite","Bite","Offering+1","Spot Weakness+1","Pommel Strike+1","Twin Strike+1","Demon Form+1","Sword Boomerang+1","Whirlwind+1"],"max_hp_per_floor":[80,80,80,80,80,80,80,80,80,80,80,80,80,80,80,80,80,80,80,80,85,59,59,59,59,59,59,59,59,59,59,59,59,59,59,59,59,59,59,59,59,59,59,59,59,59,59,59,59,59],"relics":["Burning Blood","Anchor","Champion Belt","Bronze Scales","Orichalcum","Dream Catcher","Frozen Egg 2","Lizard Tail","Toxic Egg 2","Pen Nib","Sundial","Bird Faced Urn","Molten Egg 2","Cursed Key","Red Mask","Bag of Marbles","Shovel","War Paint","Ancient Tea Set","Kunai","Self Forming Clay"],"card_choices":[{"not_picked":["Flame Barrier","Power Through"],"picked":"Metallicize"},{"not_picked":["Infernal Blade","Cleave"],"picked":"Inflame"},{"not_picked":["Feel No Pain","Anger"],"picked":"Thunderclap"},{"not_picked":["Clash","Flex"],"picked":"Offering"},{"not_picked":["Sword Boomerang","Seeing Red"],"picked":"Heavy Blade"},{"not_picked":["Reaper","Limit Break"],"picked":"Juggernaut"},{"not_picked":["Twin Strike","Warcry"],"picked":"Flex"},{"not_picked":["Perfected Strike","Wild Strike"],"picked":"Flex"},{"not_picked":["Sword Boomerang","Iron Wave"],"picked":"Offering"},{"not_picked":["Combust","Clothesline"],"picked":"Spot Weakness"},{"not_picked":["Pommel Strike","Disarm"],"picked":"Twin Strike"},{"not_picked":["Feed","Juggernaut"],"picked":"Demon Form"},{"not_picked":["Thunderclap","Perfected Strike"],"picked":"Sword Boomerang"},{"not_picked":["Iron Wave","Corruption"],"picked":"Whirlwind"}],"player_experience":55798,"potions_floor_usage":[13,16,19,23,25,31,50,50],"damage_taken":[{"damage":0,"enemies":"Jaw Worm","floor":1,"turns":3},{"damage":6,"enemies":"Blue Slaver","floor":3,"turns":7},{"damage":0,"enemies":"2 Louse","floor":4,"turns":3},{"damage":9,"enemies":"Large Slime","floor":5,"turns":6},{"damage":26,"enemies":"3 Sentries","floor":6,"turns":10},{"damage":0,"enemies":"Looter","floor":8,"turns":3},{"damage":8,"enemies":"Lagavulin","floor":11,"turns":7},{"damage":0,"enemies":"Lots of Slimes","floor":13,"turns":2},{"damage":4,"enemies":"Gremlin Gang","floor":14,"turns":3},{"damage":4,"enemies":"Slime Boss","floor":16,"turns":6},{"damage":14,"enemies":"Spheric Guardian","floor":18,"turns":4},{"damage":11,"enemies":"2 Thieves","floor":19,"turns":3},{"damage":14,"enemies":"Centurion and Healer","floor":20,"turns":3},{"damage":33,"enemies":"Book of Stabbing","floor":23,"turns":5},{"damage":5,"enemies":"Snecko","floor":24,"turns":3},{"damage":16,"enemies":"Gremlin Leader","floor":25,"turns":4},{"damage":8,"enemies":"Snake Plant","floor":27,"turns":2},{"damage":14,"enemies":"Centurion and Healer","floor":31,"turns":4},{"damage":19,"enemies":"Champ","floor":33,"turns":4},{"damage":8,"enemies":"3 Darklings","floor":35,"turns":3},{"damage":11,"enemies":"3 Shapes","floor":38,"turns":2},{"damage":4,"enemies":"3 Darklings","floor":39,"turns":1},{"damage":8,"enemies":"Giant Head","floor":40,"turns":4},{"damage":14,"enemies":"Mysterious Sphere","floor":41,"turns":1},{"damage":8,"enemies":"2 Orb Walkers","floor":44,"turns":2},{"damage":8,"enemies":"Maw","floor":46,"turns":4},{"damage":16,"enemies":"4 Shapes","floor":48,"turns":1},{"damage":79,"enemies":"Awakened One","floor":50,"turns":7}],"event_choices":[{"event_name":"Scrap Ooze","player_choice":"success","floor":2,"damage_taken":7},{"event_name":"Forgotten Altar","player_choice":"Shed Blood","floor":21,"damage_taken":0},{"event_name":"Vampires","player_choice":"Became a vampire","floor":22,"damage_taken":0},{"event_name":"Tomb of Lord Red Mask","player_choice":"Paid","floor":37,"damage_taken":0},{"event_name":"Mysterious Sphere","player_choice":"Fight","floor":41,"damage_taken":0}],"boss_relics":[{"not_picked":["Question Card","Runic Dome"],"picked":"Lizard Tail"},{"not_picked":["Tiny House","Runic Pyramid"],"picked":"Cursed Key"}],"potions_floor_spawned":[3,8,11,14,16,18,19,20,27,38,40,41,44,48],"seed_played":"-9121551918510868954","ascension_level":0,"is_trial":false}