{"gold_per_floor":[113,113,113,130,58,58,70,88,88,88,111,111,64,93,93,188,188,201,401,401,401,417,417,148,148,148,176,191,221,221,234,234,329,329,344,50,50,67,67,67,95,115,141,169,169,200,200,210,210,210],"floor_reached":51,"playtime":2260,"items_purged":["Acrobatics","Night Terror"],"score":1021,"play_id":"60c98629-d652-4061-a7d7-c57c2b2a8eb0","local_time":"20180911202852","is_ascension_mode":true,"campfire_choices":[{"data":"Adrenaline","floor":6,"key":"SMITH"},{"data":"Accuracy","floor":10,"key":"SMITH"},{"floor":12,"key":"REST"},{"data":"Blade Dance","floor":15,"key":"SMITH"},{"data":"Escape Plan","floor":23,"key":"SMITH"},{"data":"Masterful Stab","floor":25,"key":"SMITH"},{"floor":32,"key":"REST"},{"data":"Neutralize","floor":40,"key":"SMITH"},{"data":"Finisher","floor":49,"key":"SMITH"}],"neow_cost":"PERCENT_DAMAGE","seed_source_timestamp":4275887150498,"circlet_count":0,"master_deck":["Survivor","Neutralize+1","Flying Knee","Adrenaline+1","Cloak And Dagger+1","Accuracy+1","Infinite Blades","Deflect","Blade Dance+1","Quick Slash","Escape Plan+1","Bane","Quick Slash","Leg Sweep","Crippling Poison","Blade Dance+1","Masterful Stab+1","Corpse Explosion+1","Well Laid Plans+1","Finisher+1","A Thousand Cuts+1","Prepared+1","Accuracy+1","Blade Dance+1","Accuracy+1","Panacea+1"],"relics":["Ring of the Snake","Juzu Bracelet","Odd Mushroom","Frozen Egg 2","Pandora\u0027s Box","MutagenicStrength","Tiny Chest","Art of War","Toxic Egg 2","FossilizedHelix","Singing Bowl","Coffee Dripper","Bag of Marbles","Shuriken","Pen Nib","Omamori","Blue Candle","Bottled Tornado"],"potions_floor_usage":[11,11,16,27,31,31,31,33,41,44,50],"damage_taken":[{"damage":1,"enemies":"2 Louse","floor":1,"turns":2},{"damage":0,"enemies":"Cultist","floor":4,"turns":3},{"damage":0,"enemies":"Jaw Worm","floor":7,"turns":3},{"damage":0,"enemies":"Large Slime","floor":8,"turns":4},{"damage":0,"enemies":"The Mushroom Lair","floor":11,"turns":2},{"damage":10,"enemies":"Lagavulin","floor":14,"turns":4},{"damage":0,"enemies":"Slime Boss","floor":16,"turns":5},{"damage":0,"enemies":"3 Byrds","floor":18,"turns":4},{"damage":4,"enemies":"2 Thieves","floor":22,"turns":4},{"damage":6,"enemies":"Book of Stabbing","floor":27,"turns":4},{"damage":9,"enemies":"Sentry and Sphere","floor":28,"turns":4},{"damage":29,"enemies":"Gremlin Leader","floor":29,"turns":6},{"damage":0,"enemies":"Snecko","floor":31,"turns":3},{"damage":26,"enemies":"Champ","floor":33,"turns":7},{"damage":0,"enemies":"3 Darklings","floor":35,"turns":2},{"damage":0,"enemies":"3 Shapes","floor":38,"turns":4},{"damage":13,"enemies":"2 Orb Walkers","floor":41,"turns":2},{"damage":0,"enemies":"Transient","floor":42,"turns":5},{"damage":0,"enemies":"Nemesis","floor":44,"turns":1},{"damage":0,"enemies":"Giant Head","floor":46,"turns":4},{"damage":0,"enemies":"4 Shapes","floor":48,"turns":3},{"damage":36,"enemies":"Donu and Deca","floor":50,"turns":4}],"seed_played":"6731861584958517961","potions_obtained":[{"floor":1,"key":"Strength Potion"},{"floor":8,"key":"AttackPotion"},{"floor":11,"key":"FearPotion"},{"floor":14,"key":"Block Potion"},{"floor":22,"key":"Poison Potion"},{"floor":29,"key":"EntropicBrew"},{"floor":31,"key":"Fire Potion"},{"floor":35,"key":"Strength Potion"},{"floor":44,"key":"Dexterity Potion"}],"is_trial":false,"path_per_floor":["M","?","?","M","$","R","M","M","T","R","?","R","$","E","R","B",null,"M","?","?","?","M","R","$","R","T","E","M","E","T","M","R","B",null,"M","$","?","M","?","R","E","M","T","E","?","E","?","M","R","B"],"character_chosen":"THE_SILENT","items_purchased":["Accuracy","Blade Dance","Tiny Chest","Masterful Stab","Bag of Marbles","Accuracy+1"],"campfire_rested":2,"item_purchase_floors":[5,13,24,24,36,36],"current_hp_per_floor":[48,41,27,27,27,27,27,27,27,27,27,48,48,38,38,38,70,70,70,70,70,66,66,66,66,66,60,51,22,22,22,43,17,70,70,70,70,72,72,72,61,61,61,63,76,76,76,78,78,42],"gold":210,"neow_bonus":"TRANSFORM_TWO_CARDS","is_prod":false,"is_daily":false,"chose_seed":false,"campfire_upgraded":7,"win_rate":0,"timestamp":1536712132,"path_taken":["M","?","?","M","$","R","M","?","T","R","?","R","?","E","R","BOSS","M","?","?","?","M","R","?","R","T","E","M","E","?","M","R","BOSS","M","$","?","M","?","R","E","M","T","E","?","E","?","M","R","BOSS"],"build_version":"2018-09-10","purchased_purges":2,"victory":true,"max_hp_per_floor":[70,70,70,70,70,70,70,70,70,70,70,70,70,70,70,70,70,70,70,70,70,70,70,70,70,70,70,70,70,70,70,70,70,70,70,70,70,72,72,72,74,74,74,76,76,76,76,78,78,78],"card_choices":[{"not_picked":["Noxious Fumes","Finisher"],"picked":"Cloak And Dagger","floor":1},{"not_picked":["All Out Attack","Underhanded Strike","Sucker Punch"],"picked":"SKIP","floor":4},{"not_picked":["Quick Slash","Dagger Spray"],"picked":"Infinite Blades","floor":7},{"not_picked":["Calculated Gamble","Well Laid Plans"],"picked":"Deflect","floor":8},{"not_picked":["Bane","Crippling Poison"],"picked":"Slice","floor":11},{"not_picked":["Blur","Doppelganger","Deflect"],"picked":"SKIP","floor":14},{"not_picked":["Corpse Explosion","Bullet Time"],"picked":"Night Terror","floor":16},{"not_picked":["Slice","Poisoned Stab","Deflect"],"picked":"SKIP","floor":18},{"not_picked":["Accuracy+1","Dodge and Roll"],"picked":"Blade Dance+1","floor":22},{"not_picked":["Blur","Sucker Punch+1"],"picked":"Corpse Explosion","floor":27},{"not_picked":["Noxious Fumes+1","Dodge and Roll+1"],"picked":"Well Laid Plans+1","floor":28},{"not_picked":["Predator+1","Deadly Poison+1","Bane"],"picked":"SKIP","floor":29},{"not_picked":["Concentrate+1","Heel Hook"],"picked":"Finisher","floor":31},{"not_picked":["Burst+1","Malaise+1"],"picked":"A Thousand Cuts+1","floor":33},{"not_picked":["Sucker Punch+1","Flechettes+1"],"picked":"Prepared+1","floor":35},{"not_picked":["Calculated Gamble+1","Finisher+1","Quick Slash+1"],"picked":"Singing Bowl","floor":38},{"not_picked":["Poisoned Stab","Glass Knife","Dodge and Roll+1"],"picked":"Singing Bowl","floor":41},{"not_picked":["Blur+1","Acrobatics+1"],"picked":"Blade Dance+1","floor":42},{"not_picked":["Slice+1","Outmaneuver+1","Infinite Blades+1"],"picked":"Singing Bowl","floor":44},{"not_picked":["Burst+1","Leg Sweep+1"],"picked":"Accuracy+1","floor":46},{"not_picked":["Secret Technique+1","Forethought+1"],"picked":"Panacea+1","floor":47},{"not_picked":["Flechettes+1","Prepared+1","Outmaneuver+1"],"picked":"Singing Bowl","floor":48}],"player_experience":348076,"relics_obtained":[{"floor":9,"key":"Juzu Bracelet"},{"floor":11,"key":"Odd Mushroom"},{"floor":14,"key":"Frozen Egg 2"},{"floor":26,"key":"Art of War"},{"floor":27,"key":"Toxic Egg 2"},{"floor":29,"key":"FossilizedHelix"},{"floor":30,"key":"Singing Bowl"},{"floor":41,"key":"Pen Nib"},{"floor":43,"key":"Omamori"},{"floor":44,"key":"Blue Candle"},{"floor":46,"key":"Bottled Tornado"}],"event_choices":[{"event_name":"Golden Wing","player_choice":"Card Removal","floor":2,"damage_taken":0},{"event_name":"Shining Light","player_choice":"Entered Light","floor":3,"damage_taken":0},{"event_name":"Mushrooms","player_choice":"Fought Mushrooms","floor":11,"damage_taken":0},{"event_name":"Wheel of Change","player_choice":"Gold","floor":19,"damage_taken":0},{"event_name":"Vampires","player_choice":"Ignored","floor":20,"damage_taken":0},{"event_name":"Drug Dealer","player_choice":"Inject Mutagens","floor":21,"damage_taken":0},{"event_name":"Falling","player_choice":"Removed Attack","floor":37,"damage_taken":0},{"event_name":"WeMeetAgain","player_choice":"Potion","floor":39,"damage_taken":0},{"event_name":"Winding Halls","player_choice":"Writhe","floor":45,"damage_taken":0},{"event_name":"SensoryStone","player_choice":"Memory 1","floor":47,"damage_taken":0}],"is_beta":true,"boss_relics":[{"not_picked":["Fusion Hammer","Snecko Eye"],"picked":"Pandora\u0027s Box"},{"not_picked":["Velvet Choker","Orrery"],"picked":"Coffee Dripper"}],"items_purged_floors":[24,36],"is_endless":false,"potions_floor_spawned":[1,8,11,14,22,29,31,35,44],"ascension_level":3}