{"gold_per_floor":[116,116,41,55,67,67,85,85,159,159,159,159,179,199,199,298,298,268],"floor_reached":18,"playtime":1226,"items_purged":["Pain"],"score":236,"play_id":"8c3f5452-d784-43e8-a224-efad4f6f860c","local_time":"20190102015117","is_ascension_mode":true,"campfire_choices":[{"data":"Cloak And Dagger","floor":6,"key":"SMITH"},{"data":"Neutralize","floor":10,"key":"SMITH"},{"data":"Backflip","floor":12,"key":"SMITH"},{"data":"Sucker Punch","floor":15,"key":"SMITH"}],"neow_cost":"NONE","seed_source_timestamp":805552801989933,"circlet_count":0,"master_deck":["AscendersBane","Defend_G","Defend_G","Defend_G","Defend_G","Defend_G","Strike_G","Strike_G","Strike_G","Strike_G","Survivor","Neutralize+1","Flying Knee","Backflip","Cloak And Dagger+1","Backflip+1","Tactician","Sucker Punch+1","Adrenaline"],"relics":["White Beast Statue","WarpedTongs","Ninja Scroll","Ectoplasm"],"potions_floor_usage":[7,14,16],"damage_taken":[{"damage":1,"enemies":"2 Louse","floor":1,"turns":4},{"damage":0,"enemies":"Cultist","floor":4,"turns":5},{"damage":0,"enemies":"Small Slimes","floor":5,"turns":4},{"damage":0,"enemies":"Looter","floor":7,"turns":3},{"damage":0,"enemies":"Blue Slaver","floor":13,"turns":3},{"damage":1,"enemies":"Large Slime","floor":14,"turns":9},{"damage":39,"enemies":"The Guardian","floor":16,"turns":17},{"damage":9,"enemies":"2 Thieves","floor":18,"turns":2}],"seed_played":"-2154733793438098153","potions_obtained":[{"floor":1,"key":"Ancient Potion"},{"floor":4,"key":"Block Potion"},{"floor":5,"key":"FearPotion"},{"floor":7,"key":"GhostInAJar"},{"floor":13,"key":"GhostInAJar"},{"floor":14,"key":"Dexterity Potion"},{"floor":16,"key":"FairyPotion"}],"is_trial":false,"path_per_floor":["M","?","$","M","M","R","M","$","T","R","?","R","M","M","R","B",null,"M"],"character_chosen":"THE_SILENT","items_purchased":[],"campfire_rested":0,"item_purchase_floors":[],"current_hp_per_floor":[62,62,62,62,62,62,62,62,62,62,62,62,62,61,61,22,58,49],"gold":268,"neow_bonus":"BOSS_RELIC","is_prod":false,"is_daily":false,"chose_seed":false,"campfire_upgraded":4,"win_rate":0,"timestamp":1546411877,"path_taken":["M","?","$","M","M","R","M","?","T","R","?","R","M","?","R","BOSS","M"],"build_version":"2018-12-20","purchased_purges":1,"victory":false,"max_hp_per_floor":[70,70,70,70,70,70,70,70,70,70,70,70,70,70,70,70,70,70],"card_choices":[{"not_picked":["Prepared","Acrobatics"],"picked":"Flying Knee","floor":1},{"not_picked":["Deflect","Outmaneuver"],"picked":"Backflip","floor":4},{"not_picked":["Reflex","Blade Dance"],"picked":"Cloak And Dagger","floor":5},{"not_picked":["Flying Knee","Dagger Throw"],"picked":"Backflip","floor":7},{"not_picked":["Grand Finale","Prepared","Setup"],"picked":"SKIP","floor":13},{"not_picked":["Backflip","Flying Knee"],"picked":"Sucker Punch","floor":14},{"not_picked":["Storm of Steel","Grand Finale"],"picked":"Adrenaline","floor":16}],"player_experience":446011,"relics_obtained":[{"floor":9,"key":"Ninja Scroll"}],"event_choices":[{"damage_healed":0,"gold_gain":0,"player_choice":"Rummage","damage_taken":0,"relics_obtained":["WarpedTongs"],"max_hp_gain":0,"max_hp_loss":0,"event_name":"Accursed Blacksmith","floor":2,"gold_loss":0,"cards_obtained":["Pain"]},{"damage_healed":0,"gold_gain":0,"cards_transformed":["Strike_G"],"player_choice":"Transformed","damage_taken":0,"max_hp_gain":0,"max_hp_loss":0,"event_name":"Transmorgrifier","floor":11,"gold_loss":0,"cards_obtained":["Tactician"]}],"is_beta":false,"boss_relics":[{"not_picked":["Snecko Eye","Tiny House"],"picked":"Ectoplasm"}],"items_purged_floors":[3],"is_endless":false,"potions_floor_spawned":[1,4,5,7,13,14,16],"killed_by":"2 Thieves","ascension_level":11}