{"gold_per_floor":[112,124,199,211,42,42,68,68,68,19,31,48,48,67,67,168,168,181,201,25,25],"floor_reached":21,"playtime":696,"items_purged":["Strike_G"],"score":226,"play_id":"298ba83f-3b64-473f-8e9c-a359621f671d","local_time":"20190121022710","is_ascension_mode":true,"campfire_choices":[{"data":"Corpse Explosion","floor":6,"key":"SMITH"},{"floor":8,"key":"REST"},{"floor":13,"key":"REST"},{"floor":15,"key":"REST"}],"neow_cost":"NONE","seed_source_timestamp":93689685532700,"circlet_count":0,"master_deck":["Defend_G","Defend_G","Defend_G","Defend_G","Defend_G","Strike_G","Strike_G","Strike_G","Strike_G","Survivor","Neutralize","Catalyst","Noxious Fumes","Corpse Explosion+1","Backflip","Well Laid Plans","Corpse Explosion","Leg Sweep","Prepared","Noxious Fumes","Deadly Poison"],"relics":["Ring of the Snake","Omamori","Letter Opener","Black Star"],"potions_floor_usage":[11,14,16,21],"damage_taken":[{"damage":0,"enemies":"2 Louse","floor":1,"turns":3},{"damage":0,"enemies":"Cultist","floor":2,"turns":4},{"damage":13,"enemies":"Jaw Worm","floor":4,"turns":9},{"damage":35,"enemies":"3 Sentries","floor":7,"turns":5},{"damage":0,"enemies":"Gremlin Gang","floor":11,"turns":2},{"damage":8,"enemies":"Looter","floor":12,"turns":3},{"damage":20,"enemies":"Exordium Thugs","floor":14,"turns":2},{"damage":38,"enemies":"The Guardian","floor":16,"turns":8},{"damage":28,"enemies":"Shell Parasite","floor":18,"turns":6},{"damage":28,"enemies":"3 Byrds","floor":19,"turns":3},{"damage":11,"enemies":"Snake Plant","floor":21,"turns":3}],"seed_played":"-2907632441314691623","potions_obtained":[{"floor":1,"key":"FearPotion"},{"floor":7,"key":"Poison Potion"},{"floor":12,"key":"Explosive Potion"},{"floor":14,"key":"Swift Potion"},{"floor":18,"key":"Swift Potion"}],"is_trial":false,"path_per_floor":["M","M","?","M","$","R","E","R","T","$","M","M","R","M","R","B",null,"M","M","$","M"],"character_chosen":"THE_SILENT","items_purchased":["Noxious Fumes","Corpse Explosion","Backflip","Noxious Fumes","Deadly Poison"],"campfire_rested":3,"item_purchase_floors":[5,5,10,20,20],"current_hp_per_floor":[77,77,70,57,57,57,22,45,45,45,45,37,60,40,63,25,64,36,8,8,0],"gold":25,"neow_bonus":"TEN_PERCENT_HP_BONUS","is_prod":false,"is_daily":false,"chose_seed":false,"campfire_upgraded":1,"win_rate":0,"timestamp":1548034030,"path_taken":["M","M","?","M","?","R","E","R","T","?","M","?","R","M","R","BOSS","M","M","$","M"],"build_version":"2019-01-17v2","purchased_purges":1,"victory":false,"max_hp_per_floor":[77,77,77,77,77,77,77,77,77,77,77,77,77,77,77,77,77,77,77,77,77],"card_choices":[{"not_picked":["Dagger Spray","Prepared"],"picked":"Catalyst","floor":1},{"not_picked":["Eviscerate","Dagger Spray","All Out Attack"],"picked":"SKIP","floor":2},{"not_picked":["Accuracy","Slice","Expertise"],"picked":"SKIP","floor":4},{"not_picked":["Dash","Predator","Tactician"],"picked":"SKIP","floor":7},{"not_picked":["Cloak And Dagger","All Out Attack","Backflip"],"picked":"SKIP","floor":11},{"not_picked":["Concentrate","Endless Agony","Dodge and Roll"],"picked":"SKIP","floor":12},{"not_picked":["Underhanded Strike","Blade Dance"],"picked":"Well Laid Plans","floor":14},{"not_picked":["Storm of Steel","Die Die Die"],"picked":"Corpse Explosion","floor":16},{"not_picked":["PiercingWail","Prepared"],"picked":"Leg Sweep","floor":18},{"not_picked":["Flying Knee","Slice+1"],"picked":"Prepared","floor":19}],"player_experience":846297,"relics_obtained":[{"floor":7,"key":"Omamori"},{"floor":9,"key":"Letter Opener"}],"event_choices":[{"damage_healed":0,"gold_gain":75,"player_choice":"Touch","damage_taken":7,"max_hp_gain":0,"max_hp_loss":0,"event_name":"FaceTrader","floor":3,"gold_loss":0}],"is_beta":false,"boss_relics":[{"not_picked":["Snecko Eye","Coffee Dripper"],"picked":"Black Star"}],"items_purged_floors":[20],"is_endless":false,"potions_floor_spawned":[1,7,12,14,18],"killed_by":"Snake Plant","ascension_level":5}