{"gold_per_floor":[113,128,145,164,174,184,184,38,38,38,55,90,90,100,100,205,235,248,266,2,13,27,27,27],"floor_reached":24,"playtime":2109,"items_purged":[],"score":204,"play_id":"013c73fd-81a3-4bdf-8078-f9c3eedf2c34","local_time":"20180626021005","is_ascension_mode":false,"campfire_choices":[{"floor":7,"key":"REST"},{"floor":13,"key":"REST"},{"floor":15,"key":"REST"},{"floor":23,"key":"REST"}],"neow_cost":"NONE","seed_source_timestamp":16816066181143,"circlet_count":0,"master_deck":["Strike_R+1","Strike_R","Strike_R","Strike_R","Strike_R","Defend_R","Defend_R","Defend_R","Defend_R","Bash","Anger","Fire Breathing","Cleave","Metallicize","Inflame","Heavy Blade","Feed","Bash","Cleave","Power Through","Infernal Blade","Barricade","Thunderclap","Clothesline+1","Sword Boomerang","Cleave","Bludgeon","Anger"],"relics":["Burning Blood","Ancient Tea Set","Lantern","Bronze Scales","Bag of Marbles","Tiny House","Toxic Egg 2"],"potions_floor_usage":[6,16,16,19,21,22],"damage_taken":[{"damage":10,"enemies":"Cultist","floor":1,"turns":4},{"damage":15,"enemies":"Jaw Worm","floor":2,"turns":4},{"damage":10,"enemies":"2 Louse","floor":3,"turns":3},{"damage":10,"enemies":"Looter","floor":4,"turns":2},{"damage":25,"enemies":"Gremlin Gang","floor":5,"turns":4},{"damage":19,"enemies":"Exordium Thugs","floor":6,"turns":5},{"damage":13,"enemies":"Blue Slaver","floor":11,"turns":4},{"damage":23,"enemies":"Gremlin Nob","floor":12,"turns":5},{"damage":0,"enemies":"2 Fungi Beasts","floor":14,"turns":1},{"damage":37,"enemies":"Hexaghost","floor":16,"turns":8},{"damage":24,"enemies":"Spheric Guardian","floor":18,"turns":4},{"damage":10,"enemies":"2 Thieves","floor":19,"turns":2},{"damage":11,"enemies":"Snecko","floor":21,"turns":5},{"damage":61,"enemies":"Centurion and Healer","floor":22,"turns":6},{"damage":48,"enemies":"Sentry and Sphere","floor":24,"turns":5}],"seed_played":"-5864786024643181336","potions_obtained":[{"floor":1,"key":"FearPotion"},{"floor":2,"key":"AttackPotion"},{"floor":3,"key":"Regen Potion"},{"floor":12,"key":"LiquidBronze"},{"floor":16,"key":"Explosive Potion"},{"floor":17,"key":"Block Potion"},{"floor":18,"key":"Fire Potion"},{"floor":21,"key":"BloodPotion"}],"is_trial":false,"path_per_floor":["M","M","M","M","M","M","R","$","T","?","M","E","R","M","R","B",null,"M","M","$","M","M","R"],"character_chosen":"IRONCLAD","items_purchased":["Lantern","Toxic Egg 2","Cleave"],"campfire_rested":4,"item_purchase_floors":[8,20,20],"current_hp_per_floor":[76,67,63,59,40,36,60,60,60,60,53,36,60,66,80,52,88,70,69,69,64,18,45,0],"gold":27,"neow_bonus":"RANDOM_COMMON_RELIC","is_prod":false,"is_daily":false,"chose_seed":false,"campfire_upgraded":0,"win_rate":0.0,"timestamp":1530004205,"path_taken":["M","M","M","M","M","M","R","?","T","?","M","E","R","M","R","BOSS","M","M","$","M","M","R","M"],"build_version":"2018-06-21v2","purchased_purges":0,"victory":false,"max_hp_per_floor":[80,80,80,80,80,80,80,80,80,80,80,80,80,80,80,83,88,88,91,91,91,91,91,91],"card_choices":[{"not_picked":["Fire Breathing","Blood for Blood"],"picked":"Anger","floor":1},{"not_picked":["Clothesline","Clash"],"picked":"Fire Breathing","floor":2},{"not_picked":["True Grit","Heavy Blade"],"picked":"Cleave","floor":3},{"not_picked":["Heavy Blade","Sever Soul"],"picked":"Metallicize","floor":4},{"not_picked":["Blood for Blood","Twin Strike"],"picked":"Inflame","floor":5},{"not_picked":["Shockwave","Clash"],"picked":"Heavy Blade","floor":6},{"not_picked":["Burning Pact","Berserk"],"picked":"Cleave","floor":11},{"not_picked":["Burning Pact","Hemokinesis"],"picked":"Power Through","floor":12},{"not_picked":["Rupture","Thunderclap"],"picked":"Infernal Blade","floor":14},{"not_picked":["Offering","Fiend Fire"],"picked":"Barricade","floor":16},{"not_picked":["Hemokinesis","True Grit"],"picked":"Thunderclap","floor":17},{"not_picked":["Blood for Blood","Flex+1"],"picked":"Clothesline+1","floor":18},{"not_picked":["Corruption+1","Disarm+1"],"picked":"Sword Boomerang","floor":19},{"not_picked":["Sword Boomerang","Warcry+1"],"picked":"Bludgeon","floor":21},{"not_picked":["Uppercut","Rage+1"],"picked":"Anger","floor":22}],"player_experience":13989,"relics_obtained":[{"floor":9,"key":"Bronze Scales"},{"floor":12,"key":"Bag of Marbles"}],"event_choices":[{"event_name":"Match and Keep!","player_choice":"2 cards matched","floor":10,"damage_taken":0}],"boss_relics":[{"not_picked":["Black Star","White Beast Statue"],"picked":"Tiny House"}],"items_purged_floors":[],"is_endless":false,"potions_floor_spawned":[1,2,3,12,16,18,21],"killed_by":"Sentry and Sphere","ascension_level":0}