{"gold_per_floor":[113,113,142,164,351,363,392,419,458,470,510,577,605,627,639,651],"floor_reached":16,"playtime":1396,"items_purged":[],"score":156,"play_id":"2ef236b5-2423-4437-b2a9-257f3a6b814f","local_time":"20181130205617","is_ascension_mode":true,"campfire_choices":[{"floor":6,"key":"RECALL"},{"floor":10,"key":"REST"},{"floor":15,"key":"REST"}],"neow_cost":"NONE","seed_source_timestamp":596038880671283,"circlet_count":0,"master_deck":["AscendersBane","Defend_G","Defend_G","Defend_G","Defend_G","Defend_G","Strike_G","Strike_G","Strike_G","Strike_G","Strike_G","Survivor","Neutralize","Quick Slash","Sucker Punch","Skewer","Doubt","Dagger Throw","Cloak And Dagger","Predator","After Image","Cloak And Dagger"],"relics":["Ring of the Snake","MawBank","Anchor"],"potions_floor_usage":[8,16,16],"damage_taken":[{"damage":0,"enemies":"Small Slimes","floor":1,"turns":3},{"damage":0,"enemies":"2 Louse","floor":3,"turns":3},{"damage":4,"enemies":"Jaw Worm","floor":4,"turns":6},{"damage":8,"enemies":"Looter","floor":7,"turns":3},{"damage":9,"enemies":"Exordium Thugs","floor":8,"turns":6},{"damage":61,"enemies":"Lagavulin","floor":11,"turns":9},{"damage":0,"enemies":"3 Louse","floor":13,"turns":3},{"damage":0,"enemies":"2 Fungi Beasts","floor":14,"turns":4},{"damage":52,"enemies":"Slime Boss","floor":16,"turns":9}],"seed_played":"7770239633436763081","potions_obtained":[{"floor":3,"key":"FairyPotion"},{"floor":7,"key":"Block Potion"},{"floor":11,"key":"Block Potion"},{"floor":13,"key":"SpeedPotion"}],"is_trial":false,"path_per_floor":["M","?","M","M","?","R","M","M","T","R","E","?","M","M","R","B"],"character_chosen":"THE_SILENT","items_purchased":[],"campfire_rested":2,"item_purchase_floors":[],"current_hp_per_floor":[70,63,63,59,59,59,51,42,42,65,4,4,4,4,27,0],"gold":651,"neow_bonus":"TEN_PERCENT_HP_BONUS","is_prod":false,"is_daily":false,"chose_seed":false,"campfire_upgraded":0,"win_rate":0,"timestamp":1543611377,"path_taken":["M","?","M","M","?","R","M","M","T","R","E","?","?","M","R","BOSS"],"build_version":"2018-11-15","purchased_purges":0,"victory":false,"max_hp_per_floor":[77,77,77,77,77,77,77,77,77,77,77,77,77,77,77,77],"card_choices":[{"not_picked":["Outmaneuver","Heel Hook"],"picked":"Quick Slash","floor":1},{"not_picked":["Skewer","Flechettes"],"picked":"Sucker Punch","floor":3},{"not_picked":["Quick Slash","Concentrate"],"picked":"Skewer","floor":4},{"not_picked":["Flying Knee","Sucker Punch"],"picked":"Dagger Throw","floor":7},{"not_picked":["Acrobatics","Dagger Throw"],"picked":"Cloak And Dagger","floor":8},{"not_picked":["Choke","Calculated Gamble"],"picked":"Predator","floor":11},{"not_picked":["Flying Knee","Skewer"],"picked":"After Image","floor":13},{"not_picked":["Masterful Stab","Slice"],"picked":"Cloak And Dagger","floor":14}],"player_experience":925044,"relics_obtained":[{"floor":11,"key":"Anchor"}],"event_choices":[{"damage_healed":0,"gold_gain":0,"player_choice":"Success","damage_taken":7,"relics_obtained":["MawBank"],"max_hp_gain":0,"max_hp_loss":0,"event_name":"Scrap Ooze","floor":2,"gold_loss":0},{"damage_healed":0,"gold_gain":175,"player_choice":"AGREE","damage_taken":0,"max_hp_gain":0,"max_hp_loss":0,"event_name":"Liars Game","floor":5,"gold_loss":0,"cards_obtained":["Doubt"]},{"damage_healed":0,"gold_gain":55,"player_choice":"Gained Gold","damage_taken":0,"max_hp_gain":0,"max_hp_loss":0,"event_name":"Golden Wing","floor":12,"gold_loss":0}],"is_beta":false,"boss_relics":[],"items_purged_floors":[],"is_endless":false,"potions_floor_spawned":[3,7,11,13],"killed_by":"Slime Boss","ascension_level":10}