{"gold_per_floor":[118,130,29,29,29,29,57,73,96,96,127,127,139,155,155,155],"floor_reached":16,"playtime":868,"items_purged":["Regret"],"score":138,"play_id":"964c2064-c520-4483-9f8e-3925dc6ad0c4","local_time":"20190207132146","is_ascension_mode":true,"campfire_choices":[{"data":"Tools of the Trade","floor":12,"key":"SMITH"},{"data":"Cloak And Dagger","floor":15,"key":"SMITH"}],"neow_cost":"CURSE","seed_source_timestamp":269749398675952,"circlet_count":0,"master_deck":["Defend_G","Defend_G","Defend_G","Defend_G","Strike_G","Strike_G","Strike_G","Strike_G","Strike_G","Survivor","Neutralize+1","Underhanded Strike","Underhanded Strike","Dagger Spray","Blade Dance","Tools of the Trade+1","Escape Plan","Cloak And Dagger+1"],"relics":["Ring of the Snake","Nunchaku","Bag of Marbles","Potion Belt","Sundial","Snake Skull"],"potions_floor_usage":[7,7,16,16],"damage_taken":[{"damage":8,"enemies":"Jaw Worm","floor":1,"turns":5},{"damage":6,"enemies":"Small Slimes","floor":2,"turns":5},{"damage":2,"enemies":"3 Sentries","floor":7,"turns":4},{"damage":0,"enemies":"Cultist","floor":8,"turns":2},{"damage":6,"enemies":"Gremlin Nob","floor":11,"turns":3},{"damage":14,"enemies":"Exordium Thugs","floor":13,"turns":5},{"damage":8,"enemies":"Gremlin Gang","floor":14,"turns":4},{"damage":35,"enemies":"The Guardian","floor":16,"turns":13}],"seed_played":"1961576168361057817","potions_obtained":[{"floor":1,"key":"SteroidPotion"},{"floor":2,"key":"Strength Potion"},{"floor":11,"key":"GhostInAJar"},{"floor":14,"key":"Energy Potion"}],"is_trial":false,"path_per_floor":["M","M","$","?","?","?","E","M","T","T","E","R","M","M","R","B"],"character_chosen":"THE_SILENT","items_purchased":["Dagger Spray"],"campfire_rested":0,"item_purchase_floors":[3],"current_hp_per_floor":[62,56,56,70,63,63,61,61,61,61,55,55,41,33,33,0],"gold":155,"neow_bonus":"ONE_RARE_RELIC","is_prod":false,"is_daily":false,"chose_seed":false,"campfire_upgraded":2,"win_rate":0,"timestamp":1549524106,"path_taken":["M","M","$","?","?","?","E","?","T","?","E","R","M","M","R","BOSS"],"build_version":"2019-01-23","purchased_purges":1,"victory":false,"max_hp_per_floor":[70,70,70,70,70,70,70,70,70,70,70,70,70,70,70,70],"card_choices":[{"not_picked":["Accuracy","Riddle With Holes"],"picked":"Underhanded Strike","floor":1},{"not_picked":["Dodge and Roll","Poisoned Stab"],"picked":"Underhanded Strike","floor":2},{"not_picked":["PiercingWail","Deflect","Outmaneuver"],"picked":"SKIP","floor":7},{"not_picked":["Blur","Quick Slash"],"picked":"Blade Dance","floor":8},{"not_picked":["Deflect","PiercingWail"],"picked":"Tools of the Trade","floor":11},{"not_picked":["Caltrops","Footwork"],"picked":"Escape Plan","floor":13},{"not_picked":["Catalyst","Footwork"],"picked":"Cloak And Dagger","floor":14}],"player_experience":740517,"relics_obtained":[{"floor":7,"key":"Bag of Marbles"},{"floor":9,"key":"Potion Belt"},{"floor":10,"key":"Sundial"},{"floor":11,"key":"Snake Skull"}],"event_choices":[{"damage_healed":23,"gold_gain":0,"player_choice":"Banana","damage_taken":0,"max_hp_gain":0,"max_hp_loss":0,"event_name":"Big Fish","floor":4,"gold_loss":0},{"cards_removed":["Defend_G"],"damage_healed":0,"gold_gain":0,"player_choice":"Card Removal","damage_taken":7,"max_hp_gain":0,"max_hp_loss":0,"event_name":"Golden Wing","floor":5,"gold_loss":0},{"damage_healed":0,"gold_gain":0,"player_choice":"Forge","damage_taken":0,"max_hp_gain":0,"max_hp_loss":0,"event_name":"Accursed Blacksmith","floor":6,"gold_loss":0,"cards_upgraded":["Neutralize"]}],"is_beta":false,"boss_relics":[],"items_purged_floors":[3],"is_endless":false,"potions_floor_spawned":[1,2,11,14],"killed_by":"The Guardian","ascension_level":5}