{"gold_per_floor":[111,34,34,34,49,77,77,152,152,170,170,190,209,15,15,113,113,123,134,152,152,251,277,277,287,344,355,375,395,395,395,395,500,500],"floor_reached":34,"playtime":4198,"items_purged":[],"score":374,"play_id":"bac7d54b-a724-4a61-976f-d249f0dd158f","local_time":"20190130195622","is_ascension_mode":false,"campfire_choices":[{"floor":7,"key":"RECALL"},{"floor":15,"key":"REST"},{"floor":24,"key":"REST"},{"floor":30,"key":"REST"},{"data":"Darkness","floor":32,"key":"SMITH"}],"neow_cost":"NONE","seed_source_timestamp":350727781752003,"circlet_count":0,"master_deck":["Strike_B","Strike_B","Strike_B","Strike_B","Defend_B","Defend_B","Defend_B","Zap+1","Dualcast","Conserve Battery","Glacier","Electrodynamics","Melter","Loop","Doom and Gloom","Darkness+1","Creative AI","Static Discharge","Storm","Redo","Self Repair","White Noise+1","Turbo","Hello World+1","Melter+1","Undo+1","Seek"],"relics":["Cracked Core","Lantern","Dream Catcher","Runic Pyramid","Nilry\u0027s Codex","Turnip","Tiny Chest","Busted Crown"],"potions_floor_usage":[12,19,23,28,33],"damage_taken":[{"damage":1,"enemies":"Cultist","floor":1,"turns":3},{"damage":2,"enemies":"Small Slimes","floor":5,"turns":4},{"damage":6,"enemies":"Lagavulin","floor":6,"turns":9},{"damage":0,"enemies":"2 Louse","floor":10,"turns":2},{"damage":4,"enemies":"Exordium Thugs","floor":12,"turns":3},{"damage":10,"enemies":"3 Louse","floor":13,"turns":2},{"damage":6,"enemies":"Slime Boss","floor":16,"turns":9},{"damage":8,"enemies":"Chosen","floor":18,"turns":5},{"damage":9,"enemies":"2 Thieves","floor":19,"turns":4},{"damage":10,"enemies":"Cultist and Chosen","floor":20,"turns":6},{"damage":20,"enemies":"Gremlin Leader","floor":23,"turns":7},{"damage":0,"enemies":"Sentry and Sphere","floor":25,"turns":4},{"damage":30,"enemies":"Centurion and Healer","floor":27,"turns":5},{"damage":5,"enemies":"Chosen and Byrds","floor":28,"turns":5},{"damage":21,"enemies":"Snake Plant","floor":29,"turns":3},{"damage":25,"enemies":"Champ","floor":33,"turns":12}],"seed_played":"8557455101608441454","potions_obtained":[{"floor":6,"key":"Strength Potion"},{"floor":10,"key":"Fire Potion"},{"floor":19,"key":"Explosive Potion"},{"floor":27,"key":"Block Potion"},{"floor":28,"key":"Strength Potion"}],"is_trial":false,"path_per_floor":["M","$","?","?","M","E","R","?","T","M","?","M","M","$","R","B",null,"M","M","M","?","?","E","R","M","T","M","M","M","R","?","R","B",null],"character_chosen":"DEFECT","items_purchased":["Glacier","Doom and Gloom","Dream Catcher"],"campfire_rested":3,"item_purchase_floors":[2,14,14],"current_hp_per_floor":[81,81,74,74,72,66,66,55,55,55,60,56,46,46,72,66,87,79,70,60,44,44,24,50,57,57,34,36,15,41,70,70,52,87],"gold":500,"neow_bonus":"TEN_PERCENT_HP_BONUS","is_prod":false,"is_daily":false,"chose_seed":false,"campfire_upgraded":1,"win_rate":0,"timestamp":1548885382,"path_taken":["M","?","?","?","?","E","R","?","T","M","?","M","M","$","R","BOSS","M","M","M","?","?","E","R","M","T","M","M","M","R","?","R","BOSS"],"build_version":"2019-01-23","purchased_purges":0,"victory":false,"max_hp_per_floor":[82,82,82,82,82,82,82,82,82,82,87,87,87,87,87,87,87,87,87,87,87,87,87,87,87,87,87,87,87,87,87,87,87,87],"card_choices":[{"not_picked":["Redo","Stack"],"picked":"Conserve Battery","floor":1},{"not_picked":["Reinforced Body","Hologram"],"picked":"Electrodynamics","floor":5},{"not_picked":["Rebound","Go for the Eyes","Lockon"],"picked":"SKIP","floor":6},{"not_picked":["Gash","Glacier"],"picked":"Melter","floor":10},{"not_picked":["Beam Cell","Darkness"],"picked":"Loop","floor":12},{"not_picked":["Compile Driver","Barrage","Beam Cell"],"picked":"SKIP","floor":13},{"not_picked":["Coolheaded","Auto Shields"],"picked":"Darkness","floor":15},{"not_picked":["Electrodynamics","Biased Cognition"],"picked":"Creative AI","floor":16},{"not_picked":["Lockon","Rip and Tear+1","Sweeping Beam"],"picked":"SKIP","floor":18},{"not_picked":["Stack","Leap"],"picked":"Static Discharge","floor":19},{"not_picked":["Fusion","Recycle"],"picked":"Storm","floor":20},{"not_picked":["Reprogram","Blizzard"],"picked":"Redo","floor":23},{"not_picked":["Static Discharge","Blizzard+1"],"picked":"Self Repair","floor":24},{"not_picked":["Streamline","Turbo"],"picked":"White Noise+1","floor":25},{"not_picked":["Double Energy","Sunder"],"picked":"Turbo","floor":27},{"not_picked":["Streamline+1","Sweeping Beam"],"picked":"Hello World+1","floor":28},{"not_picked":["Stack","Doom and Gloom"],"picked":"Melter+1","floor":29},{"not_picked":["Hello World+1","Doom and Gloom"],"picked":"Undo+1","floor":30},{"not_picked":["Hyperbeam","Meteor Strike"],"picked":"Seek","floor":33}],"player_experience":334475,"relics_obtained":[{"floor":6,"key":"Lantern"},{"floor":21,"key":"Nilry\u0027s Codex"},{"floor":23,"key":"Turnip"},{"floor":26,"key":"Tiny Chest"}],"event_choices":[{"cards_removed":["Defend_B"],"damage_healed":0,"gold_gain":0,"player_choice":"Card Removal","damage_taken":7,"max_hp_gain":0,"max_hp_loss":0,"event_name":"Golden Wing","floor":3,"gold_loss":0},{"damage_healed":0,"gold_gain":0,"player_choice":"Forge","damage_taken":0,"max_hp_gain":0,"max_hp_loss":0,"event_name":"Accursed Blacksmith","floor":4,"gold_loss":0,"cards_upgraded":["Zap"]},{"damage_healed":0,"gold_gain":75,"player_choice":"Gather Gold","damage_taken":11,"max_hp_gain":0,"max_hp_loss":0,"event_name":"World of Goop","floor":8,"gold_loss":0},{"damage_healed":0,"gold_gain":0,"player_choice":"Donut","damage_taken":0,"max_hp_gain":5,"max_hp_loss":0,"event_name":"Big Fish","floor":11,"gold_loss":0},{"damage_healed":0,"gold_gain":0,"player_choice":"Obtained Book","damage_taken":16,"max_hp_gain":0,"max_hp_loss":0,"event_name":"Cursed Tome","floor":21,"gold_loss":0},{"damage_healed":0,"gold_gain":99,"player_choice":"Stole From Cult","damage_taken":0,"max_hp_gain":0,"max_hp_loss":0,"event_name":"Nest","floor":22,"gold_loss":0},{"damage_healed":29,"gold_gain":0,"player_choice":"Heal","damage_taken":0,"max_hp_gain":0,"max_hp_loss":0,"event_name":"The Library","floor":31,"gold_loss":0}],"is_beta":false,"boss_relics":[{"not_picked":["Philosopher\u0027s Stone","Ectoplasm"],"picked":"Runic Pyramid"},{"not_picked":["White Beast Statue","Runic Dome"],"picked":"Busted Crown"}],"items_purged_floors":[],"is_endless":false,"potions_floor_spawned":[6,10,19,27,28],"ascension_level":0}