{"gold_per_floor":[118,43,56,75,86,120,45,55,100,118,118,118,118,130,130,228,228,247,247,247,257,257,257,271,30,84,99,110,123,123,123,123,123],"floor_reached":33,"playtime":3050,"items_purged":[],"score":276,"play_id":"53eff6c7-b11e-40c1-be51-1c91fa31dad2","local_time":"20190207232655","is_ascension_mode":false,"campfire_choices":[{"floor":11,"key":"REST"},{"floor":13,"key":"REST"},{"floor":15,"key":"REST"},{"data":"Multi-Cast","floor":23,"key":"SMITH"},{"floor":30,"key":"REST"},{"floor":32,"key":"REST"}],"neow_cost":"NONE","seed_source_timestamp":35224873971418,"circlet_count":0,"master_deck":["Defend_B+1","Defend_B","Defend_B","Defend_B","Zap+1","Dualcast","Deep Breath","Ball Lightning","White Noise","Redo","Reinforced Body","Heatsinks","Sweeping Beam","Capacitor","Amplify+1","Lockon","Cold Snap","Multi-Cast+1","Doom and Gloom","Bite","Bite","Bite","Bite","Bite","Barrage+1","Consume","Self Repair","All For One","Multi-Cast","Chill","Tempest+1"],"relics":["Cracked Core","War Paint","Bronze Scales","Nuclear Battery","Mercury Hourglass","Tiny Chest","Meat on the Bone"],"potions_floor_usage":[],"damage_taken":[{"damage":2,"enemies":"Small Slimes","floor":1,"turns":4},{"damage":0,"enemies":"Cultist","floor":3,"turns":3},{"damage":5,"enemies":"2 Louse","floor":4,"turns":2},{"damage":4,"enemies":"Blue Slaver","floor":5,"turns":4},{"damage":17,"enemies":"Lagavulin","floor":6,"turns":7},{"damage":23,"enemies":"Lots of Slimes","floor":8,"turns":5},{"damage":6,"enemies":"Exordium Wildlife","floor":10,"turns":3},{"damage":16,"enemies":"Red Slaver","floor":14,"turns":4},{"damage":40,"enemies":"Hexaghost","floor":16,"turns":11},{"damage":15,"enemies":"Spheric Guardian","floor":18,"turns":5},{"damage":0,"enemies":"3 Byrds","floor":21,"turns":2},{"damage":16,"enemies":"Centurion and Healer","floor":24,"turns":6},{"damage":8,"enemies":"Chosen and Byrds","floor":27,"turns":6},{"damage":21,"enemies":"Snake Plant","floor":28,"turns":3},{"damage":44,"enemies":"Centurion and Healer","floor":29,"turns":8},{"damage":81,"enemies":"Champ","floor":33,"turns":11}],"seed_played":"2169657351080832070","potions_obtained":[{"floor":3,"key":"Poison Potion"},{"floor":6,"key":"Swift Potion"},{"floor":10,"key":"Explosive Potion"},{"floor":29,"key":"SpeedPotion"}],"is_trial":false,"path_per_floor":["M","$","M","M","M","E","$","M","T","M","R","?","R","M","R","B",null,"M","?","?","M","$","R","M","$","T","M","M","M","R","T","R","B"],"character_chosen":"DEFECT","items_purchased":["White Noise","Capacitor","Self Repair","All For One"],"campfire_rested":5,"item_purchase_floors":[2,7,25,25],"current_hp_per_floor":[73,73,73,68,64,47,47,24,24,18,40,40,62,46,68,28,75,60,52,52,52,52,52,46,46,46,51,39,14,29,29,44,0],"gold":123,"neow_bonus":"RANDOM_COLORLESS","is_prod":false,"is_daily":false,"chose_seed":false,"campfire_upgraded":1,"win_rate":0.0,"timestamp":1549578415,"path_taken":["M","$","M","M","M","E","$","M","T","M","R","?","R","?","R","BOSS","M","?","?","M","$","R","M","$","T","M","M","?","R","?","R","BOSS"],"build_version":"2019-01-23","purchased_purges":0,"victory":false,"max_hp_per_floor":[75,75,75,75,75,75,75,75,75,75,75,75,75,75,75,75,75,75,52,52,52,52,52,52,52,52,52,52,52,52,52,52,52],"card_choices":[{"not_picked":["Stack","Sweeping Beam"],"picked":"Ball Lightning","floor":1},{"not_picked":["Sweeping Beam","Cold Snap"],"picked":"Redo","floor":3},{"not_picked":["Cold Snap","FTL"],"picked":"Reinforced Body","floor":4},{"not_picked":["Chill","Redo"],"picked":"Heatsinks","floor":5},{"not_picked":["Stack","Scrape"],"picked":"Sweeping Beam","floor":6},{"not_picked":["Go for the Eyes","Redo"],"picked":"Amplify","floor":8},{"not_picked":["Rip and Tear","Steam"],"picked":"Lockon","floor":10},{"not_picked":["Heatsinks","Sweeping Beam"],"picked":"Cold Snap","floor":14},{"not_picked":["Reboot","Amplify"],"picked":"Multi-Cast","floor":16},{"not_picked":["Ball Lightning+1","Leap"],"picked":"Doom and Gloom","floor":18},{"not_picked":["Leap","Scrape+1"],"picked":"Barrage+1","floor":21},{"not_picked":["Steam Power+1","Streamline"],"picked":"Consume","floor":24},{"not_picked":["Go for the Eyes","Streamline"],"picked":"Multi-Cast","floor":27},{"not_picked":["Skim","Streamline+1"],"picked":"Chill","floor":28},{"not_picked":["Redo","Ball Lightning+1"],"picked":"Tempest+1","floor":29}],"player_experience":29896,"relics_obtained":[{"floor":6,"key":"War Paint"},{"floor":9,"key":"Bronze Scales"},{"floor":26,"key":"Tiny Chest"},{"floor":31,"key":"Meat on the Bone"}],"event_choices":[{"damage_healed":0,"gold_gain":0,"player_choice":"Forge","damage_taken":0,"max_hp_gain":0,"max_hp_loss":0,"event_name":"Accursed Blacksmith","floor":12,"gold_loss":0,"cards_upgraded":["Amplify"]},{"damage_healed":0,"gold_gain":0,"player_choice":"Became a vampire","damage_taken":0,"max_hp_gain":0,"max_hp_loss":23,"event_name":"Vampires","floor":19,"gold_loss":0,"cards_obtained":["Bite","Bite","Bite","Bite","Bite"]},{"damage_healed":0,"gold_gain":0,"player_choice":"Gave Potion","damage_taken":0,"relics_obtained":["Mercury Hourglass"],"max_hp_gain":0,"max_hp_loss":0,"event_name":"WeMeetAgain","floor":20,"gold_loss":0}],"is_beta":false,"boss_relics":[{"not_picked":["Velvet Choker","Snecko Eye"],"picked":"Nuclear Battery"}],"items_purged_floors":[],"is_endless":false,"potions_floor_spawned":[3,6,10,14,18,29],"killed_by":"Champ","ascension_level":0}