{"gold_per_floor":[118,133,152,152,152,192,216,247,274,305,305],"floor_reached":11,"playtime":362,"items_purged":[],"score":140,"play_id":"20ab5e38-e69f-44a2-bafc-5fb792389c39","local_time":"20190125161011","is_ascension_mode":true,"campfire_choices":[],"neow_cost":"TEN_PERCENT_HP_LOSS","seed_source_timestamp":588811798814500,"circlet_count":0,"master_deck":["AscendersBane","Strike_R","Strike_R","Strike_R","Strike_R","Defend_R","Defend_R","Defend_R","Bash","Anger","Twin Strike","Perfected Strike","Rampage","Wild Strike","Headbutt","Immolate"],"special_seed":0,"relics":["Burning Blood","Golden Idol","Vajra","Art of War","Potion Belt","Omamori"],"potions_floor_usage":[8,10],"damage_taken":[{"damage":2.0,"enemies":"2 Louse","floor":1.0,"turns":3.0},{"damage":5.0,"enemies":"Small Slimes","floor":2.0,"turns":3.0},{"damage":7.0,"enemies":"Jaw Worm","floor":3.0,"turns":3.0},{"damage":35.0,"enemies":"3 Sentries","floor":6.0,"turns":7.0},{"damage":11.0,"enemies":"Blue Slaver","floor":7.0,"turns":3.0},{"damage":8,"enemies":"Gremlin Nob","floor":8,"turns":3},{"damage":30,"enemies":"Lagavulin","floor":10,"turns":5},{"damage":12,"enemies":"Exordium Wildlife","floor":11,"turns":1}],"seed_played":"6516668352432643513","potions_obtained":[{"floor":2.0,"key":"SpeedPotion"},{"floor":6.0,"key":"Poison Potion"},{"floor":10,"key":"Ancient Potion"}],"is_trial":false,"path_per_floor":["M","M","M","?","?","E","M","E","T","E","M"],"character_chosen":"IRONCLAD","items_purchased":[],"campfire_rested":0,"item_purchase_floors":[],"current_hp_per_floor":[72,72,71,67,67,38,33,31,31,7,0],"gold":305,"neow_bonus":"REMOVE_TWO","is_prod":false,"is_daily":false,"chose_seed":false,"campfire_upgraded":0,"win_rate":0,"timestamp":1548454211,"path_taken":["M","M","M","?","?","E","M","E","T","E","M"],"build_version":"2019-01-23","purchased_purges":0,"victory":false,"max_hp_per_floor":[72,72,72,67,67,67,67,67,67,67,67],"card_choices":[{"not_picked":["Seeing Red","Battle Trance"],"picked":"Anger","floor":1.0},{"not_picked":["Armaments","Wild Strike"],"picked":"Twin Strike","floor":2.0},{"not_picked":["Evolve","Warcry"],"picked":"Perfected Strike","floor":3.0},{"not_picked":["Disarm","Infernal Blade"],"picked":"Rampage","floor":6.0},{"not_picked":["Iron Wave","Ghostly Armor"],"picked":"Wild Strike","floor":7.0},{"not_picked":["Flex","Intimidate"],"picked":"Headbutt","floor":8},{"not_picked":["Perfected Strike","Exhume"],"picked":"Immolate","floor":10}],"player_experience":209463,"relics_obtained":[{"floor":6.0,"key":"Vajra"},{"floor":8,"key":"Art of War"},{"floor":9,"key":"Potion Belt"},{"floor":10,"key":"Omamori"}],"event_choices":[{"damage_healed":0.0,"max_hp_gain":0.0,"max_hp_loss":5.0,"gold_gain":0.0,"event_name":"Golden Idol","player_choice":"Lose Max HP","floor":4.0,"gold_loss":0.0,"damage_taken":0.0,"relics_obtained":["Golden Idol"]},{"damage_healed":0.0,"max_hp_gain":0.0,"max_hp_loss":0.0,"gold_gain":0.0,"event_name":"Golden Wing","player_choice":"Ignored","floor":5.0,"gold_loss":0.0,"damage_taken":0.0}],"is_beta":false,"boss_relics":[],"items_purged_floors":[],"is_endless":false,"potions_floor_spawned":[2,6,10],"killed_by":"Exordium Wildlife","ascension_level":10}