{"gold_per_floor":[115,131,151,76,88,88,99,24,24,24,38,55,55,55,55,151,151,169,89,102,121,121,121,133,133,201,201,217,231,231,243,243,243],"floor_reached":33,"playtime":925,"items_purged":["Defend_R","Defend_R"],"score":243,"play_id":"10b22ec6-f3d4-411c-87b4-60477b52f399","local_time":"20180920135142","is_ascension_mode":false,"campfire_choices":[{"data":"Whirlwind","floor":6,"key":"SMITH"},{"data":"Seeing Red","floor":13,"key":"SMITH"},{"data":"Shockwave","floor":15,"key":"SMITH"},{"data":"Flex","floor":23,"key":"SMITH"},{"data":"Bash","floor":27,"key":"SMITH"},{"floor":30,"key":"REST"},{"floor":32,"key":"REST"}],"neow_cost":"NONE","seed_source_timestamp":779601652418884,"circlet_count":0,"master_deck":["Strike_R","Strike_R+1","Strike_R+1","Strike_R","Defend_R","Defend_R","Bash+1","Whirlwind+1","Seeing Red+1","Shockwave+1","Reaper","Flex+1","Whirlwind+1","Limit Break","Battle Trance"],"relics":["Burning Blood","The Courier","Sozu","Ornamental Fan"],"potions_floor_usage":[16,16,33],"damage_taken":[{"damage":0,"enemies":"2 Louse","floor":1,"turns":1},{"damage":0,"enemies":"Small Slimes","floor":2,"turns":3},{"damage":6,"enemies":"Cultist","floor":3,"turns":3},{"damage":31,"enemies":"Exordium Wildlife","floor":5,"turns":5},{"damage":6,"enemies":"3 Louse","floor":7,"turns":2},{"damage":4,"enemies":"Blue Slaver","floor":11,"turns":3},{"damage":4,"enemies":"Exordium Wildlife","floor":12,"turns":2},{"damage":30,"enemies":"Hexaghost","floor":16,"turns":8},{"damage":16,"enemies":"2 Thieves","floor":18,"turns":4},{"damage":0,"enemies":"3 Byrds","floor":20,"turns":4},{"damage":15,"enemies":"Snecko","floor":21,"turns":4},{"damage":14,"enemies":"Cultist and Chosen","floor":24,"turns":3},{"damage":20,"enemies":"Snake Plant","floor":28,"turns":3},{"damage":38,"enemies":"Shelled Parasite and Fungi","floor":29,"turns":5},{"damage":19,"enemies":"Sentry and Sphere","floor":31,"turns":3},{"damage":93,"enemies":"Automaton","floor":33,"turns":8}],"seed_played":"7146818570100988180","potions_obtained":[{"floor":1,"key":"Energy Potion"},{"floor":5,"key":"Swift Potion"},{"floor":11,"key":"SmokeBomb"},{"floor":12,"key":"PowerPotion"},{"floor":16,"key":"SteroidPotion"}],"is_trial":false,"path_per_floor":["M","M","M","$","M","R","M","$","T","?","M","M","R","?","R","B",null,"M","$","M","M","?","R","M","?","T","R","M","M","R","M","R"],"character_chosen":"IRONCLAD","items_purchased":["Shockwave"],"campfire_rested":2,"item_purchase_floors":[8],"current_hp_per_floor":[80,80,80,80,55,55,55,55,55,39,41,43,43,36,36,12,80,73,73,80,77,77,77,69,69,69,69,55,23,47,40,64,0],"gold":243,"neow_bonus":"THREE_CARDS","is_prod":false,"is_daily":false,"chose_seed":false,"campfire_upgraded":5,"win_rate":0,"timestamp":1537465902,"path_taken":["M","M","M","$","M","R","M","$","T","?","?","M","R","?","R","BOSS","M","$","M","M","?","R","M","?","T","R","M","?","R","?","R","BOSS"],"build_version":"2018-09-06","purchased_purges":2,"victory":false,"max_hp_per_floor":[80,80,80,80,80,80,80,80,80,80,80,80,80,80,80,80,80,80,80,80,80,80,80,80,80,80,80,80,80,80,80,80,80],"card_choices":[{"not_picked":["Iron Wave","Perfected Strike"],"picked":"Whirlwind","floor":0},{"not_picked":["Reckless Charge","Burning Pact","True Grit"],"picked":"SKIP","floor":1},{"not_picked":["Whirlwind","Corruption","Cleave"],"picked":"SKIP","floor":2},{"not_picked":["Burning Pact","Iron Wave","Body Slam"],"picked":"SKIP","floor":3},{"not_picked":["Entrench","Shrug It Off","Iron Wave"],"picked":"SKIP","floor":5},{"not_picked":["Metallicize","Warcry"],"picked":"Seeing Red","floor":7},{"not_picked":["Berserk","Perfected Strike","Clothesline"],"picked":"SKIP","floor":11},{"not_picked":["Headbutt","Hemokinesis","Burning Pact"],"picked":"SKIP","floor":12},{"not_picked":["Berserk","Impervious"],"picked":"Reaper","floor":16},{"not_picked":["Searing Blow","Burning Pact","Headbutt+1"],"picked":"SKIP","floor":18},{"not_picked":["Spot Weakness","Reckless Charge"],"picked":"Flex","floor":20},{"not_picked":["Feel No Pain","Twin Strike","Armaments"],"picked":"SKIP","floor":21},{"not_picked":["Flame Barrier","Juggernaut","Clash"],"picked":"SKIP","floor":24},{"not_picked":["Heavy Blade","Anger"],"picked":"Limit Break","floor":28},{"not_picked":["Ghostly Armor+1","Anger"],"picked":"Battle Trance","floor":29},{"not_picked":["Disarm","Shrug It Off","Entrench"],"picked":"SKIP","floor":31}],"player_experience":2792812,"relics_obtained":[{"floor":9,"key":"The Courier"},{"floor":26,"key":"Ornamental Fan"}],"event_choices":[{"event_name":"Shining Light","player_choice":"Entered Light","floor":10,"damage_taken":0},{"event_name":"Golden Wing","player_choice":"Card Removal","floor":14,"damage_taken":0},{"event_name":"Duplicator","player_choice":"One dupe","floor":22,"damage_taken":0},{"event_name":"Vampires","player_choice":"Ignored","floor":25,"damage_taken":0}],"is_beta":false,"boss_relics":[{"not_picked":["Tiny House","Snecko Eye"],"picked":"Sozu"}],"items_purged_floors":[4,19],"is_endless":false,"potions_floor_spawned":[1,5,11,12,16,18,24],"killed_by":"Automaton","ascension_level":0}