{"path_per_floor":["M","?","M","$","M","R","M","M","T","E","M","R","M","M","R"],"character_chosen":"DEFECT","items_purchased":["Fusion"],"gold_per_floor":[112,112,124,50,63,63,83,96,121,152,169,169,183,200,200,200],"floor_reached":16,"campfire_rested":1,"playtime":1342,"item_purchase_floors":[4],"current_hp_per_floor":[75,75,71,71,68,68,63,59,59,24,19,19,14,11,34,0],"items_purged":[],"gold":200,"score":106,"play_id":"12aa971c-923c-4793-8b8d-a8035c04ba7a","local_time":"20180607210115","is_prod":false,"is_daily":false,"chose_seed":false,"is_ascension_mode":false,"campfire_upgraded":2,"win_rate":0.0,"timestamp":1528426875,"campfire_choices":[{"data":"Fusion","floor":6,"key":"SMITH"},{"data":"Static Discharge","floor":12,"key":"SMITH"},{"floor":15,"key":"REST"}],"path_taken":["M","?","M","$","M","R","M","M","T","E","M","R","M","M","R","BOSS"],"build_version":"2018-06-07","seed_source_timestamp":448075420503623,"purchased_purges":0,"victory":false,"master_deck":["Strike_B","Strike_B","Strike_B","Strike_B","Defend_B","Defend_B","Defend_B","Defend_B","Zap","Dualcast","Cold Snap","Regret","Gash","Fusion+1","Gash","Defragment","Static Discharge+1"],"max_hp_per_floor":[75,75,75,75,75,75,75,75,75,75,75,75,77,79,79,79],"relics":["Cracked Core","Art of War","Pen Nib","Singing Bowl"],"card_choices":[{"not_picked":["Leap","BootSequence"],"picked":"Cold Snap","floor":1},{"not_picked":["Go for the Eyes","Heatsinks"],"picked":"Gash","floor":3},{"not_picked":["Coolheaded","Consume","Sweeping Beam"],"picked":"SKIP","floor":5},{"not_picked":["Redo","Multi-Cast"],"picked":"Gash","floor":7},{"not_picked":["Leap","Hologram","Loop"],"picked":"SKIP","floor":8},{"not_picked":["Go for the Eyes","Leap"],"picked":"Defragment","floor":10},{"not_picked":["Double Energy","Hologram"],"picked":"Static Discharge","floor":11},{"not_picked":["Stack","Leap","Beam Cell"],"picked":"Singing Bowl","floor":13},{"not_picked":["Coolheaded","Sweeping Beam","Cold Snap"],"picked":"Singing Bowl","floor":14}],"player_experience":122158,"potions_floor_usage":[14,16,16],"damage_taken":[{"damage":0,"enemies":"Small Slimes","floor":1,"turns":3},{"damage":4,"enemies":"Jaw Worm","floor":3,"turns":3},{"damage":3,"enemies":"Cultist","floor":5,"turns":4},{"damage":5,"enemies":"2 Fungi Beasts","floor":7,"turns":3},{"damage":4,"enemies":"Large Slime","floor":8,"turns":5},{"damage":35,"enemies":"Lagavulin","floor":10,"turns":6},{"damage":5,"enemies":"Blue Slaver","floor":11,"turns":3},{"damage":7,"enemies":"Exordium Thugs","floor":13,"turns":4},{"damage":5,"enemies":"3 Louse","floor":14,"turns":3},{"damage":37,"enemies":"Slime Boss","floor":16,"turns":5}],"relics_obtained":[{"floor":9,"key":"Pen Nib"},{"floor":10,"key":"Singing Bowl"}],"event_choices":[{"event_name":"Big Fish","player_choice":"Box","floor":2,"damage_taken":0}],"boss_relics":[],"items_purged_floors":[],"potions_floor_spawned":[3,5,10],"seed_played":"-2707291817941586565","killed_by":"Slime Boss","ascension_level":0,"potions_obtained":[{"floor":3,"key":"Poison Potion"},{"floor":5,"key":"Dexterity Potion"},{"floor":10,"key":"PowerPotion"}],"is_trial":false}