{"gold_per_floor":[12,12,12,12,32,32,47,222,295,295,326,326,340,9,9,133,133,154,169,169,187,26,65,65,65,65,65,89,5,5,5,5,125,125,141,141,162,175,188,188,158,158,184,205,205,220,220,99,99,99],"floor_reached":51,"playtime":6475,"items_purged":["Doubt"],"score":690,"play_id":"103fe559-8da0-466f-8deb-af1a6aa31246","local_time":"20190131200318","is_ascension_mode":false,"campfire_choices":[{"data":"Outmaneuver","floor":6,"key":"SMITH"},{"data":"Bouncing Flask","floor":10,"key":"SMITH"},{"floor":12,"key":"REST"},{"floor":15,"key":"REST"},{"floor":24,"key":"REST"},{"floor":27,"key":"REST"},{"floor":32,"key":"REST"},{"floor":40,"key":"REST"},{"floor":42,"key":"REST"},{"data":"Noxious Fumes","floor":45,"key":"SMITH"},{"data":"Flechettes","floor":47,"key":"SMITH"},{"data":"Defend_G","floor":49,"key":"SMITH"}],"neow_cost":"NO_GOLD","seed_source_timestamp":1125229765986558,"circlet_count":0,"master_deck":["Defend_G","Defend_G+1","Defend_G","Defend_G","Defend_G","Strike_G","Strike_G","Strike_G","Strike_G","Strike_G","Survivor","Neutralize","Quick Slash","Outmaneuver+1","Bouncing Flask+1","Outmaneuver+1","Bouncing Flask+1","Metamorphosis+1","Leg Sweep+1","Corpse Explosion+1","Acrobatics+1","Cloak And Dagger+1","Burst+1","Catalyst+1","Bullet Time+1","Blade Dance+1","Bouncing Flask+1","Deflect+1","Noxious Fumes+1","Sucker Punch","Burst+1","Cloak And Dagger+1","Flechettes+1","Parasite","Backflip+1","Underhanded Strike","Backflip+1","Flying Knee+1","Prepared+1","Blind+1"],"relics":["Ring of the Snake","Golden Idol","Paper Crane","Toxic Egg 2","Lizard Tail","Du-Vu Doll","Bird Faced Urn","Eternal Feather","Bag of Marbles"],"potions_floor_usage":[28,30,30,37,44,50,50,50],"damage_taken":[{"damage":7,"enemies":"Jaw Worm","floor":1,"turns":7},{"damage":0,"enemies":"Small Slimes","floor":5,"turns":4},{"damage":0,"enemies":"2 Louse","floor":7,"turns":5},{"damage":42,"enemies":"Gremlin Nob","floor":11,"turns":5},{"damage":7,"enemies":"Exordium Wildlife","floor":13,"turns":5},{"damage":24,"enemies":"Hexaghost","floor":16,"turns":11},{"damage":7,"enemies":"Shell Parasite","floor":18,"turns":5},{"damage":10,"enemies":"2 Thieves","floor":19,"turns":5},{"damage":7,"enemies":"Cultist and Chosen","floor":21,"turns":4},{"damage":23,"enemies":"Book of Stabbing","floor":23,"turns":4},{"damage":3,"enemies":"Snecko","floor":28,"turns":4},{"damage":18,"enemies":"Sentry and Sphere","floor":30,"turns":5},{"damage":99,"enemies":"Automaton","floor":33,"turns":11},{"damage":11,"enemies":"3 Shapes","floor":35,"turns":5},{"damage":25,"enemies":"3 Darklings","floor":37,"turns":6},{"damage":8,"enemies":"Writhing Mass","floor":38,"turns":5},{"damage":35,"enemies":"Transient","floor":39,"turns":5},{"damage":26,"enemies":"4 Shapes","floor":44,"turns":5},{"damage":28,"enemies":"Maw","floor":46,"turns":5},{"damage":52,"enemies":"Donu and Deca","floor":50,"turns":10}],"seed_played":"-1831366134474338479","potions_obtained":[{"floor":1,"key":"Fire Potion"},{"floor":19,"key":"FearPotion"},{"floor":21,"key":"SmokeBomb"},{"floor":33,"key":"Poison Potion"},{"floor":39,"key":"SkillPotion"},{"floor":41,"key":"PowerPotion"},{"floor":41,"key":"GhostInAJar"},{"floor":46,"key":"Weak Potion"}],"is_trial":false,"path_per_floor":["M","?","?","?","M","R","M","?","T","R","E","R","M","$","R","B",null,"M","M","?","M","$","E","R","?","T","R","M","$","M","?","R","B",null,"M","?","M","M","M","R","?","R","T","M","R","M","R","$","R","B",null],"character_chosen":"THE_SILENT","items_purchased":["Metamorphosis+1","Leg Sweep+1","Bullet Time+1","Blade Dance+1","Noxious Fumes","Sucker Punch","Prepared+1","Blind+1"],"campfire_rested":7,"item_purchase_floors":[14,14,22,22,29,29,48,48],"current_hp_per_floor":[77,82,82,82,82,82,82,82,82,82,40,66,59,59,85,61,89,82,72,72,65,65,42,68,51,51,79,76,76,58,58,86,37,94,83,83,60,52,17,66,66,94,94,70,91,65,86,86,94,46],"gold":99,"neow_bonus":"TWENTY_PERCENT_HP_BONUS","is_prod":false,"is_daily":false,"chose_seed":false,"campfire_upgraded":5,"win_rate":0.0,"timestamp":1548961398,"path_taken":["M","?","?","?","M","R","?","?","T","R","E","R","M","?","R","BOSS","M","M","?","M","$","E","R","?","T","R","M","?","M","?","R","BOSS","M","?","M","M","?","R","?","R","T","?","R","M","R","$","R","BOSS"],"build_version":"2019-01-23","purchased_purges":1,"victory":true,"max_hp_per_floor":[84,89,89,89,89,89,89,89,89,89,89,89,89,89,89,89,89,89,89,89,89,89,89,89,94,94,94,94,94,94,94,94,94,94,94,94,94,94,94,94,94,94,94,94,94,94,94,94,94,94],"card_choices":[{"not_picked":["Expertise","Sucker Punch"],"picked":"Quick Slash","floor":1},{"not_picked":["PiercingWail","Flying Knee"],"picked":"Outmaneuver","floor":5},{"not_picked":["Masterful Stab","Choke"],"picked":"Bouncing Flask","floor":7},{"not_picked":["All Out Attack","Poisoned Stab"],"picked":"Outmaneuver","floor":11},{"not_picked":["Riddle With Holes","Acrobatics+1"],"picked":"Bouncing Flask+1","floor":13},{"not_picked":["Night Terror+1","Malaise+1"],"picked":"Corpse Explosion+1","floor":16},{"not_picked":["Outmaneuver+1","Dagger Spray+1"],"picked":"Acrobatics+1","floor":18},{"not_picked":["Poisoned Stab","Sucker Punch"],"picked":"Cloak And Dagger+1","floor":19},{"not_picked":["Dodge and Roll+1","PiercingWail+1"],"picked":"Catalyst+1","floor":21},{"not_picked":["Infinite Blades","Skewer"],"picked":"Bouncing Flask+1","floor":23},{"not_picked":["Well Laid Plans","Underhanded Strike+1"],"picked":"Deflect+1","floor":28},{"not_picked":["Glass Knife","Bullet Time+1"],"picked":"Burst+1","floor":33},{"not_picked":["Slice","Dagger Throw"],"picked":"Cloak And Dagger+1","floor":35},{"not_picked":["Prepared+1","Choke+1"],"picked":"Flechettes","floor":37},{"not_picked":["PiercingWail+1","Accuracy+1"],"picked":"Backflip+1","floor":38},{"not_picked":["Endless Agony","Noxious Fumes"],"picked":"Underhanded Strike","floor":39},{"not_picked":["Expertise+1","Crippling Poison+1"],"picked":"Backflip+1","floor":44},{"not_picked":["Underhanded Strike","Eviscerate+1"],"picked":"Flying Knee+1","floor":46}],"player_experience":25062,"relics_obtained":[{"floor":9,"key":"Paper Crane"},{"floor":11,"key":"Toxic Egg 2"},{"floor":23,"key":"Du-Vu Doll"},{"floor":26,"key":"Bird Faced Urn"},{"floor":43,"key":"Bag of Marbles"}],"event_choices":[{"damage_healed":0,"gold_gain":0,"player_choice":"Donut","damage_taken":0,"max_hp_gain":5,"max_hp_loss":0,"event_name":"Big Fish","floor":2,"gold_loss":0},{"damage_healed":0,"gold_gain":0,"player_choice":"Take Wound","damage_taken":0,"relics_obtained":["Golden Idol"],"max_hp_gain":0,"max_hp_loss":0,"event_name":"Golden Idol","floor":3,"gold_loss":0,"cards_obtained":["Injury"]},{"damage_healed":0,"gold_gain":0,"player_choice":"Leave","damage_taken":0,"max_hp_gain":0,"max_hp_loss":0,"event_name":"The Cleric","floor":4,"gold_loss":0},{"damage_healed":0,"gold_gain":175,"player_choice":"AGREE","damage_taken":0,"max_hp_gain":0,"max_hp_loss":0,"event_name":"Liars Game","floor":8,"gold_loss":0,"cards_obtained":["Doubt"]},{"damage_healed":0,"gold_gain":0,"player_choice":"Read","damage_taken":0,"max_hp_gain":0,"max_hp_loss":0,"event_name":"The Library","floor":20,"gold_loss":0,"cards_obtained":["Burst"]},{"damage_healed":0,"gold_gain":0,"player_choice":"Shed Blood","damage_taken":22,"max_hp_gain":5,"max_hp_loss":0,"event_name":"Forgotten Altar","floor":25,"gold_loss":0},{"damage_healed":0,"gold_gain":0,"player_choice":"Ignored","damage_taken":0,"max_hp_gain":0,"max_hp_loss":0,"event_name":"Ghosts","floor":31,"gold_loss":0},{"cards_removed":["Injury"],"damage_healed":0,"gold_gain":0,"player_choice":"Removed Curses","damage_taken":0,"max_hp_gain":0,"max_hp_loss":0,"event_name":"Fountain of Cleansing","floor":36,"gold_loss":0},{"damage_healed":0,"gold_gain":0,"player_choice":"Bought 2 Potions","damage_taken":0,"max_hp_gain":0,"max_hp_loss":0,"event_name":"The Woman in Blue","floor":41,"gold_loss":0}],"is_beta":false,"boss_relics":[{"not_picked":["Philosopher\u0027s Stone","Cursed Key"],"picked":"Lizard Tail"},{"not_picked":["Ring of the Serpent","Snecko Eye"],"picked":"Eternal Feather"}],"items_purged_floors":[14],"is_endless":false,"potions_floor_spawned":[1,19,21,33,39,46],"ascension_level":0}