{"gold_per_floor":[117,130,95,95,107,107,120,120,147,173,187,203,233,233,233,337,337,347,447,447,447,467,467,182,195,195,221,221,238,256,82,82,182,182,193,293,308,408,425,454,454,480,506,516,0,32,32,32,32,32],"floor_reached":51,"playtime":2709,"items_purged":["Strike_G","Defend_G"],"score":1348,"play_id":"e8276954-486b-4698-ad54-41a105e600a2","local_time":"20181221032251","is_ascension_mode":true,"campfire_choices":[{"data":"Cloak And Dagger","floor":6,"key":"SMITH"},{"data":"Burst","floor":8,"key":"SMITH"},{"floor":15,"key":"REST"},{"floor":23,"key":"REST"},{"floor":32,"key":"REST"},{"floor":41,"key":"REST"},{"floor":47,"key":"REST"},{"floor":49,"key":"RECALL"}],"neow_cost":"NONE","seed_source_timestamp":636837514948719,"circlet_count":0,"master_deck":["AscendersBane","Defend_G","Defend_G","Defend_G","Defend_G","Survivor","Neutralize","All Out Attack+1","Storm of Steel+1","Bane+1","Terror+1","Dodge and Roll","Cloak And Dagger+1","Burst+1","Blur","Quick Slash","Dodge and Roll","Poisoned Stab","Corpse Explosion","Catalyst+1","Backflip+1","Reflex","Backflip","Venomology","Catalyst+1","Footwork","Burst","Noxious Fumes","Acrobatics+1","Calculated Gamble","Well Laid Plans+1","Tactician"],"relics":["Astrolabe","Boot","Bronze Scales","PreservedInsect","Snecko Eye","Mango","Molten Egg 2","TwistedFunnel","Pantograph","Sundial","Fusion Hammer","Incense Burner","Mummified Hand","Juzu Bracelet","Bag of Preparation","Red Mask","Frozen Egg 2"],"potions_floor_usage":[19,19,25,29,30,33,36,37,44,44,50,50,50,50,50,50,50],"damage_taken":[{"damage":10,"enemies":"Cultist","floor":1,"turns":4},{"damage":4,"enemies":"Jaw Worm","floor":2,"turns":3},{"damage":5,"enemies":"Small Slimes","floor":5,"turns":2},{"damage":5,"enemies":"Looter","floor":7,"turns":2},{"damage":12,"enemies":"3 Sentries","floor":10,"turns":5},{"damage":0,"enemies":"Exordium Wildlife","floor":11,"turns":3},{"damage":0,"enemies":"2 Fungi Beasts","floor":12,"turns":3},{"damage":12,"enemies":"Lagavulin","floor":13,"turns":8},{"damage":10,"enemies":"The Guardian","floor":16,"turns":14},{"damage":8,"enemies":"Chosen","floor":18,"turns":3},{"damage":7,"enemies":"Colosseum Slavers","floor":19,"turns":4},{"damage":0,"enemies":"Colosseum Nobs","floor":19,"turns":2},{"damage":16,"enemies":"Spheric Guardian","floor":22,"turns":4},{"damage":2,"enemies":"Centurion and Healer","floor":25,"turns":4},{"damage":30,"enemies":"Gremlin Leader","floor":27,"turns":3},{"damage":0,"enemies":"Snake Plant","floor":29,"turns":3},{"damage":0,"enemies":"Cultist and Chosen","floor":30,"turns":4},{"damage":0,"enemies":"Champ","floor":33,"turns":5},{"damage":12,"enemies":"3 Shapes","floor":35,"turns":4},{"damage":2,"enemies":"Mind Bloom Boss Battle","floor":36,"turns":4},{"damage":3,"enemies":"3 Darklings","floor":37,"turns":3},{"damage":5,"enemies":"4 Shapes","floor":39,"turns":2},{"damage":0,"enemies":"Nemesis","floor":40,"turns":3},{"damage":0,"enemies":"Giant Head","floor":42,"turns":4},{"damage":0,"enemies":"Jaw Worm Horde","floor":44,"turns":2},{"damage":0,"enemies":"Nemesis","floor":46,"turns":3},{"damage":45,"enemies":"Awakened One","floor":50,"turns":10}],"seed_played":"4443597463303181740","potions_obtained":[{"floor":1,"key":"Fire Potion"},{"floor":5,"key":"Energy Potion"},{"floor":11,"key":"GhostInAJar"},{"floor":19,"key":"Block Potion"},{"floor":25,"key":"Strength Potion"},{"floor":27,"key":"GhostInAJar"},{"floor":29,"key":"GhostInAJar"},{"floor":30,"key":"Dexterity Potion"},{"floor":40,"key":"SteroidPotion"},{"floor":46,"key":"Poison Potion"},{"floor":48,"key":"EntropicBrew"}],"is_trial":false,"path_per_floor":["M","M","?","?","M","R","M","R","T","E","M","M","E","?","R","B",null,"M","?","?","?","M","R","$","M","T","E","?","M","M","$","R","B",null,"M","?","M","?","M","E","R","E","T","M","?","E","R","?","R","B",null],"character_chosen":"THE_SILENT","items_purchased":["TwistedFunnel","Footwork"],"campfire_rested":5,"item_purchase_floors":[24,31],"current_hp_per_floor":[53,49,66,66,61,61,56,56,56,44,44,44,32,25,46,36,62,54,61,61,61,45,70,70,68,68,38,22,22,22,22,48,73,85,73,87,84,84,79,79,89,89,89,89,89,89,89,89,89,54],"gold":32,"neow_bonus":"BOSS_RELIC","is_prod":false,"is_daily":false,"chose_seed":false,"campfire_upgraded":2,"win_rate":0,"timestamp":1545380571,"path_taken":["M","M","?","?","M","R","M","R","T","E","?","M","E","?","R","BOSS","M","?","?","?","M","R","$","?","T","E","?","M","M","$","R","BOSS","M","?","M","?","M","E","R","E","T","M","?","E","R","?","R","BOSS"],"build_version":"2018-12-20","purchased_purges":2,"victory":true,"max_hp_per_floor":[70,70,70,70,70,70,70,70,70,70,70,70,70,70,70,70,70,70,84,84,84,84,84,84,84,84,84,89,89,89,89,89,89,89,89,89,89,89,89,89,89,89,89,89,89,89,89,89,89,89],"card_choices":[{"not_picked":["Escape Plan","Sucker Punch"],"picked":"Terror","floor":1},{"not_picked":["Prepared","Blade Dance"],"picked":"Dodge and Roll","floor":2},{"not_picked":["Sucker Punch","Prepared"],"picked":"Cloak And Dagger","floor":5},{"not_picked":["Flying Knee","Deflect"],"picked":"Burst","floor":7},{"not_picked":["Outmaneuver","Poisoned Stab"],"picked":"Blur","floor":10},{"not_picked":["Dagger Throw","Underhanded Strike"],"picked":"Quick Slash","floor":11},{"not_picked":["Finisher","Outmaneuver"],"picked":"Dodge and Roll","floor":12},{"not_picked":["Outmaneuver","Terror"],"picked":"Poisoned Stab","floor":13},{"not_picked":["Venomology","A Thousand Cuts"],"picked":"Corpse Explosion","floor":16},{"not_picked":["Poisoned Stab","Outmaneuver"],"picked":"Catalyst+1","floor":18},{"not_picked":["Acrobatics","Cloak And Dagger"],"picked":"Backflip+1","floor":19},{"not_picked":["Heel Hook+1","Outmaneuver+1"],"picked":"Reflex","floor":22},{"not_picked":["Flying Knee+1","Blade Dance"],"picked":"Backflip","floor":25},{"not_picked":["Concentrate","Acrobatics"],"picked":"Venomology","floor":27},{"not_picked":["Acrobatics","Dagger Spray+1","Poisoned Stab+1"],"picked":"SKIP","floor":29},{"not_picked":["Flechettes+1","Escape Plan"],"picked":"Catalyst+1","floor":30},{"not_picked":["Unload+1","Storm of Steel"],"picked":"Burst","floor":33},{"not_picked":["Choke+1","Bane+1"],"picked":"Noxious Fumes","floor":35},{"not_picked":["Backstab+1","Heel Hook+1"],"picked":"Acrobatics+1","floor":36},{"not_picked":["Expertise","Prepared"],"picked":"Calculated Gamble","floor":37},{"not_picked":["Poisoned Stab+1","PiercingWail"],"picked":"Well Laid Plans+1","floor":39},{"not_picked":["Calculated Gamble","Acrobatics+1"],"picked":"Tactician","floor":40},{"not_picked":["Escape Plan","Calculated Gamble+1","Riddle With Holes+1"],"picked":"SKIP","floor":42},{"not_picked":["Dodge and Roll","Slice+1","Acrobatics"],"picked":"SKIP","floor":44},{"not_picked":["Night Terror","Underhanded Strike+1","Cloak And Dagger"],"picked":"SKIP","floor":46}],"player_experience":414861,"relics_obtained":[{"floor":9,"key":"Boot"},{"floor":10,"key":"Bronze Scales"},{"floor":13,"key":"PreservedInsect"},{"floor":19,"key":"Mango"},{"floor":19,"key":"Molten Egg 2"},{"floor":26,"key":"Pantograph"},{"floor":27,"key":"Sundial"},{"floor":36,"key":"Incense Burner"},{"floor":40,"key":"Mummified Hand"},{"floor":42,"key":"Juzu Bracelet"},{"floor":43,"key":"Bag of Preparation"},{"floor":46,"key":"Frozen Egg 2"}],"event_choices":[{"damage_healed":17,"gold_gain":0,"player_choice":"Healed","damage_taken":0,"max_hp_gain":0,"max_hp_loss":0,"event_name":"The Cleric","floor":3,"gold_loss":35},{"damage_healed":0,"gold_gain":0,"player_choice":"Forge","damage_taken":0,"max_hp_gain":0,"max_hp_loss":0,"event_name":"Accursed Blacksmith","floor":4,"gold_loss":0,"cards_upgraded":["Terror"]},{"cards_removed":["Strike_G"],"damage_healed":0,"gold_gain":0,"player_choice":"Card Removal","damage_taken":7,"max_hp_gain":0,"max_hp_loss":0,"event_name":"Golden Wing","floor":14,"gold_loss":0},{"damage_healed":0,"gold_gain":0,"player_choice":"Fight","damage_taken":0,"max_hp_gain":0,"max_hp_loss":0,"event_name":"Colosseum","floor":19,"gold_loss":0},{"damage_healed":0,"gold_gain":0,"player_choice":"Fought Nobs","damage_taken":0,"max_hp_gain":0,"max_hp_loss":0,"event_name":"Colosseum","floor":19,"gold_loss":0},{"damage_healed":0,"gold_gain":0,"player_choice":"Ignored","damage_taken":0,"max_hp_gain":0,"max_hp_loss":0,"event_name":"Ghosts","floor":20,"gold_loss":0},{"damage_healed":0,"gold_gain":0,"player_choice":"Bought 0 Potions","damage_taken":0,"max_hp_gain":0,"max_hp_loss":0,"event_name":"The Woman in Blue","floor":21,"gold_loss":0},{"damage_healed":0,"gold_gain":0,"player_choice":"Shed Blood","damage_taken":21,"max_hp_gain":5,"max_hp_loss":0,"event_name":"Forgotten Altar","floor":28,"gold_loss":0},{"damage_healed":0,"gold_gain":0,"player_choice":"Fight","damage_taken":0,"max_hp_gain":0,"max_hp_loss":0,"event_name":"MindBloom","floor":36,"gold_loss":0},{"damage_healed":0,"gold_gain":100,"player_choice":"Pray","damage_taken":0,"max_hp_gain":0,"max_hp_loss":0,"event_name":"Golden Shrine","floor":38,"gold_loss":0},{"damage_healed":0,"gold_gain":0,"player_choice":"Paid","damage_taken":0,"relics_obtained":["Red Mask"],"max_hp_gain":0,"max_hp_loss":0,"event_name":"Tomb of Lord Red Mask","floor":45,"gold_loss":516},{"damage_healed":0,"gold_gain":0,"player_choice":"Got Potions","damage_taken":0,"max_hp_gain":0,"max_hp_loss":0,"event_name":"Lab","floor":48,"gold_loss":0}],"is_beta":false,"boss_relics":[{"not_picked":["Runic Dome","Coffee Dripper"],"picked":"Snecko Eye"},{"not_picked":["Empty Cage","White Beast Statue"],"picked":"Fusion Hammer"}],"items_purged_floors":[24,31],"is_endless":false,"potions_floor_spawned":[1,5,11,19,25,27,29,30,36,40,44,46],"ascension_level":10}