{"gold_per_floor":[113,113,131,131,149,149,162,162,162,162],"floor_reached":10,"playtime":605,"items_purged":[],"score":96,"play_id":"2c905415-2748-4764-b249-919bc6750be9","local_time":"20190210222336","is_ascension_mode":true,"campfire_choices":[{"data":"Zap","floor":6,"key":"SMITH"},{"data":"Redo","floor":8,"key":"SMITH"}],"neow_cost":"NONE","seed_source_timestamp":1940314363231305,"circlet_count":0,"master_deck":["AscendersBane","Strike_B","Strike_B","Strike_B","Defend_B","Defend_B","Defend_B","Defend_B","Zap+1","Dualcast","Cold Snap","Scrape","Redo+1","Leap"],"relics":["Cracked Core","NeowsBlessing","Happy Flower","Bottled Lightning"],"potions_floor_usage":[],"damage_taken":[{"damage":0,"enemies":"Cultist","floor":1,"turns":1},{"damage":0,"enemies":"Small Slimes","floor":3,"turns":1},{"damage":0,"enemies":"Jaw Worm","floor":5,"turns":1},{"damage":37,"enemies":"Exordium Thugs","floor":7,"turns":4},{"damage":38,"enemies":"Gremlin Nob","floor":10,"turns":3}],"seed_played":"8773125322655288596","potions_obtained":[{"floor":3,"key":"EssenceOfSteel"},{"floor":7,"key":"Ancient Potion"}],"is_trial":false,"path_per_floor":["M","?","M","?","M","R","M","R","T","E"],"character_chosen":"DEFECT","items_purchased":[],"campfire_rested":0,"item_purchase_floors":[],"current_hp_per_floor":[68,68,68,68,68,68,31,31,31,0],"gold":162,"neow_bonus":"THREE_ENEMY_KILL","is_prod":false,"is_daily":false,"chose_seed":false,"campfire_upgraded":2,"win_rate":0,"timestamp":1549837416,"path_taken":["M","?","?","?","M","R","M","R","T","E"],"build_version":"2019-01-23","purchased_purges":0,"victory":false,"max_hp_per_floor":[75,75,75,75,75,75,75,75,75,75],"card_choices":[{"not_picked":["Streamline","Steam"],"picked":"Cold Snap","floor":1},{"not_picked":["Static Discharge","Stack"],"picked":"Redo","floor":3},{"not_picked":["Streamline","Buffer"],"picked":"Leap","floor":5},{"not_picked":["Leap","Steam","Chill"],"picked":"SKIP","floor":7}],"player_experience":1319740,"relics_obtained":[{"floor":9,"key":"Bottled Lightning"}],"event_choices":[{"damage_healed":0,"gold_gain":0,"cards_transformed":["Strike_B"],"player_choice":"Transformed","damage_taken":0,"max_hp_gain":0,"max_hp_loss":0,"event_name":"Transmorgrifier","floor":2,"gold_loss":0,"cards_obtained":["Scrape"]},{"damage_healed":0,"gold_gain":0,"player_choice":"Gave Potion","damage_taken":0,"relics_obtained":["Happy Flower"],"max_hp_gain":0,"max_hp_loss":0,"event_name":"WeMeetAgain","floor":4,"gold_loss":0}],"is_beta":false,"boss_relics":[],"items_purged_floors":[],"is_endless":false,"potions_floor_spawned":[3,7],"killed_by":"Gremlin Nob","ascension_level":13}