{"gold_per_floor":[13,32,7,17,32,58,58,93,118,68,83,33,59,59,59,132,132,150,150,165,165,10,36,50,50],"floor_reached":25,"playtime":1196,"items_purged":["Strike_R","Strike_R"],"score":425,"play_id":"9061ae9c-8ab8-4075-952a-d826c71558cb","local_time":"20190208194456","is_ascension_mode":true,"campfire_choices":[{"data":"Armaments","floor":7,"key":"SMITH"},{"data":"Corruption","floor":15,"key":"SMITH"}],"neow_cost":"NO_GOLD","seed_source_timestamp":1687742135774060,"circlet_count":0,"master_deck":["AscendersBane","Strike_R","Strike_R","Strike_R","Defend_R","Defend_R","Defend_R","Defend_R","Bash","Armaments+1","Anger","Flex","Anger","Cleave","Corruption+1","Entrench+1","Shockwave+1","Fiend Fire","Immolate","Shrug It Off+1","Clash","Shrug It Off+1"],"relics":["Burning Blood","Incense Burner","Toxic Egg 2","Boot","Smiling Mask","Bag of Marbles","Sozu","Question Card","PreservedInsect","Pantograph"],"potions_floor_usage":[6,8,11],"damage_taken":[{"damage":5,"enemies":"Cultist","floor":1,"turns":4},{"damage":2,"enemies":"2 Louse","floor":2,"turns":4},{"damage":9,"enemies":"Jaw Worm","floor":4,"turns":3},{"damage":8,"enemies":"Blue Slaver","floor":5,"turns":4},{"damage":6,"enemies":"3 Sentries","floor":6,"turns":6},{"damage":1,"enemies":"Gremlin Nob","floor":8,"turns":4},{"damage":0,"enemies":"Exordium Thugs","floor":11,"turns":3},{"damage":25,"enemies":"3 Sentries","floor":13,"turns":10},{"damage":11,"enemies":"Large Slime","floor":14,"turns":8},{"damage":50,"enemies":"Hexaghost","floor":16,"turns":10},{"damage":36,"enemies":"Shell Parasite","floor":18,"turns":4},{"damage":2,"enemies":"3 Byrds","floor":20,"turns":4},{"damage":5,"enemies":"Gremlin Leader","floor":23,"turns":5},{"damage":26,"enemies":"Snake Plant","floor":24,"turns":3},{"damage":16,"enemies":"Book of Stabbing","floor":25,"turns":4}],"seed_played":"1714697447445903235","potions_obtained":[{"floor":1,"key":"Energy Potion"},{"floor":2,"key":"EssenceOfSteel"},{"floor":6,"key":"EssenceOfSteel"}],"is_trial":false,"path_per_floor":["M","M","$","M","M","E","R","E","T","$","M","$","E","M","R","B",null,"M","?","M","T","$","E","M","E"],"character_chosen":"IRONCLAD","items_purchased":["Flex","PreservedInsect"],"campfire_rested":0,"item_purchase_floors":[3,22],"current_hp_per_floor":[69,73,73,70,68,68,68,73,73,73,75,75,56,51,51,7,58,28,28,32,32,32,33,13,0],"gold":50,"neow_bonus":"ONE_RARE_RELIC","is_prod":false,"is_daily":false,"chose_seed":false,"campfire_upgraded":2,"win_rate":0,"timestamp":1549673096,"path_taken":["M","?","?","M","M","E","R","E","T","$","M","$","E","M","R","BOSS","M","?","M","?","?","E","M","E"],"build_version":"2019-02-06","purchased_purges":2,"victory":false,"max_hp_per_floor":[75,75,75,75,75,75,75,75,75,75,75,75,75,75,75,75,75,75,75,75,75,75,75,75,75],"card_choices":[{"not_picked":["Dual Wield","Headbutt"],"picked":"Armaments","floor":1},{"not_picked":["Fire Breathing","Wild Strike"],"picked":"Anger","floor":2},{"not_picked":["Heavy Blade","Wild Strike"],"picked":"Anger","floor":4},{"not_picked":["Iron Wave","Clothesline"],"picked":"Cleave","floor":5},{"not_picked":["Perfected Strike","Headbutt"],"picked":"Corruption","floor":6},{"not_picked":["Havoc+1","Clothesline"],"picked":"Entrench+1","floor":8},{"not_picked":["Twin Strike","Battle Trance+1"],"picked":"Shockwave+1","floor":11},{"not_picked":["Spot Weakness+1","Flex+1"],"picked":"Fiend Fire","floor":13},{"not_picked":["Exhume+1","Impervious+1"],"picked":"Immolate","floor":16},{"not_picked":["Cleave","Evolve+1"],"picked":"Shrug It Off+1","floor":18},{"not_picked":["Heavy Blade","Body Slam","Rupture"],"picked":"SKIP","floor":20},{"not_picked":["Blood for Blood","Cleave","Searing Blow"],"picked":"Clash","floor":23},{"not_picked":["Cleave+1","Clash+1","Perfected Strike"],"picked":"Shrug It Off+1","floor":24}],"player_experience":641388,"relics_obtained":[{"floor":6,"key":"Toxic Egg 2"},{"floor":8,"key":"Boot"},{"floor":9,"key":"Smiling Mask"},{"floor":13,"key":"Bag of Marbles"},{"floor":21,"key":"Question Card"},{"floor":23,"key":"Pantograph"}],"event_choices":[{"damage_healed":0,"gold_gain":0,"player_choice":"Ignored","damage_taken":0,"max_hp_gain":0,"max_hp_loss":0,"event_name":"Beggar","floor":19,"gold_loss":0}],"is_beta":true,"boss_relics":[{"not_picked":["Coffee Dripper","Lizard Tail"],"picked":"Sozu"}],"items_purged_floors":[10,12],"is_endless":false,"potions_floor_spawned":[1,2,6,18,24],"killed_by":"Book of Stabbing","ascension_level":15}