{"gold_per_floor":[109,121,121,121,69,104,104,104,104,104,124,150,98,115,115,115],"floor_reached":16,"playtime":1365,"items_purged":[],"score":108,"play_id":"8227ac15-d7a5-4d20-911e-8e2aa09c4789","local_time":"20181229212123","is_ascension_mode":false,"campfire_choices":[{"data":"Armaments","floor":7,"key":"SMITH"},{"data":"Cleave","floor":10,"key":"SMITH"},{"floor":15,"key":"REST"}],"neow_cost":"NONE","seed_source_timestamp":16256099876900,"circlet_count":0,"master_deck":["Strike_R","Strike_R","Strike_R","Strike_R","Strike_R","Defend_R","Defend_R","Defend_R","Defend_R","Bash","Twin Strike","Iron Wave+1","Cleave+1","Armaments+1","Headbutt","Impervious","True Grit","Pommel Strike"],"relics":["Burning Blood","Boot","Question Card","Bag of Preparation"],"potions_floor_usage":[],"damage_taken":[{"damage":0,"enemies":"2 Louse","floor":1,"turns":2},{"damage":0,"enemies":"Small Slimes","floor":2,"turns":4},{"damage":17,"enemies":"Gremlin Nob","floor":6,"turns":4},{"damage":11,"enemies":"Jaw Worm","floor":11,"turns":2},{"damage":39,"enemies":"3 Sentries","floor":12,"turns":7},{"damage":13,"enemies":"Exordium Thugs","floor":14,"turns":3},{"damage":63,"enemies":"Hexaghost","floor":16,"turns":11}],"seed_played":"-1921367193757740438","potions_obtained":[{"floor":6,"key":"Poison Potion"},{"floor":11,"key":"Swift Potion"}],"is_trial":false,"path_per_floor":["M","M","?","?","$","E","R","?","T","R","M","E","$","M","R","B"],"character_chosen":"IRONCLAD","items_purchased":["Cleave","True Grit"],"campfire_rested":1,"item_purchase_floors":[5,13],"current_hp_per_floor":[88,88,88,88,88,77,77,77,77,77,72,39,39,32,58,0],"gold":115,"neow_bonus":"TEN_PERCENT_HP_BONUS","is_prod":false,"is_daily":false,"chose_seed":false,"campfire_upgraded":2,"win_rate":0.0,"timestamp":1546147283,"path_taken":["M","M","?","?","$","E","R","?","T","R","M","E","$","M","R","BOSS"],"build_version":"2018-12-20","purchased_purges":0,"victory":false,"max_hp_per_floor":[88,88,88,88,88,88,88,88,88,88,88,88,88,88,88,88],"card_choices":[{"not_picked":["True Grit","Clothesline"],"picked":"Twin Strike","floor":1},{"not_picked":["Wild Strike","Clash"],"picked":"Iron Wave","floor":2},{"not_picked":["Flex","Perfected Strike"],"picked":"Armaments","floor":6},{"not_picked":["Twin Strike","Juggernaut","Sever Soul"],"picked":"Headbutt","floor":11},{"not_picked":["Searing Blow","Anger","Dual Wield"],"picked":"Impervious","floor":12},{"not_picked":["Heavy Blade","Headbutt","Iron Wave"],"picked":"Pommel Strike","floor":14}],"player_experience":45037,"relics_obtained":[{"floor":6,"key":"Boot"},{"floor":9,"key":"Question Card"},{"floor":12,"key":"Bag of Preparation"}],"event_choices":[{"damage_healed":0,"gold_gain":0,"player_choice":"Grow","damage_taken":0,"max_hp_gain":0,"max_hp_loss":0,"event_name":"Living Wall","floor":3,"gold_loss":0,"cards_upgraded":["Iron Wave"]},{"damage_healed":0,"gold_gain":0,"player_choice":"Ignored","damage_taken":0,"max_hp_gain":0,"max_hp_loss":0,"event_name":"Liars Game","floor":4,"gold_loss":0},{"damage_healed":0,"gold_gain":0,"player_choice":"Ignored","damage_taken":0,"max_hp_gain":0,"max_hp_loss":0,"event_name":"Golden Wing","floor":8,"gold_loss":0}],"is_beta":false,"boss_relics":[],"items_purged_floors":[],"is_endless":false,"potions_floor_spawned":[6,11],"killed_by":"Hexaghost","ascension_level":0}