{"gold_per_floor":[117,134,153,153,153,153,178,178,178,190,202,227,249,281,293,403,415,437,449,480,591,615,645,657,686,772,38,38,58,58,85,85,85],"floor_reached":33,"playtime":7989,"items_purged":["Strike_G"],"score":249,"play_id":"23432bda-67d4-4533-9dbc-0471bfc39c2a","local_time":"20190207183415","is_ascension_mode":false,"campfire_choices":[{"data":"Neutralize","floor":6,"key":"SMITH"},{"floor":8,"key":"REST"},{"floor":10,"key":"REST"},{"floor":15,"key":"REST"},{"floor":24,"key":"REST"},{"floor":28,"key":"REST"},{"floor":32,"key":"REST"}],"neow_cost":"NONE","seed_source_timestamp":354006820621318,"circlet_count":0,"master_deck":["Defend_G","Defend_G","Defend_G","Defend_G","Defend_G","Strike_G","Strike_G","Strike_G","Strike_G","Survivor+1","Neutralize+1","Underhanded Strike","Catalyst","Tactician","Heel Hook","Skewer","Poisoned Stab","Acrobatics","Flying Knee","Tools of the Trade","Sucker Punch","Malaise","Masterful Stab","Riddle With Holes","Bane+1","Outmaneuver","Distraction+1","Secret Weapon","Poisoned Stab"],"relics":["Ring of the Snake","Letter Opener","MawBank","White Beast Statue","Ornamental Fan","Sundial","Toy Ornithopter","Pen Nib"],"potions_floor_usage":[13,16,18,20,22,25,25,29,29,33],"damage_taken":[{"damage":0,"enemies":"Cultist","floor":1,"turns":4},{"damage":0,"enemies":"Small Slimes","floor":2,"turns":2},{"damage":3,"enemies":"2 Louse","floor":3,"turns":6},{"damage":53,"enemies":"3 Sentries","floor":7,"turns":14},{"damage":3,"enemies":"Red Slaver","floor":12,"turns":4},{"damage":0,"enemies":"Large Slime","floor":13,"turns":3},{"damage":1,"enemies":"Exordium Wildlife","floor":14,"turns":6},{"damage":42,"enemies":"Slime Boss","floor":16,"turns":10},{"damage":15,"enemies":"Chosen","floor":18,"turns":5},{"damage":10,"enemies":"Spheric Guardian","floor":20,"turns":4},{"damage":21,"enemies":"Snake Plant","floor":22,"turns":6},{"damage":4,"enemies":"Centurion and Healer","floor":23,"turns":6},{"damage":28,"enemies":"Sentry and Sphere","floor":25,"turns":7},{"damage":21,"enemies":"Cultist and Chosen","floor":29,"turns":8},{"damage":68,"enemies":"Collector","floor":33,"turns":6}],"seed_played":"7359708645752956331","potions_obtained":[{"floor":7,"key":"Strength Potion"},{"floor":14,"key":"LiquidBronze"},{"floor":16,"key":"AttackPotion"},{"floor":18,"key":"EssenceOfSteel"},{"floor":20,"key":"Energy Potion"},{"floor":22,"key":"GhostInAJar"},{"floor":23,"key":"SkillPotion"},{"floor":25,"key":"EssenceOfSteel"},{"floor":29,"key":"GamblersBrew"}],"is_trial":false,"path_per_floor":["M","M","M","?","?","R","E","R","T","R","?","M","M","M","R","B",null,"M","?","M","?","M","M","R","M","T","$","R","M","$","T","R","B"],"character_chosen":"THE_SILENT","items_purchased":["Sundial","Toy Ornithopter","Secret Weapon","Poison Potion"],"campfire_rested":6,"item_purchase_floors":[27,27,27,27],"current_hp_per_floor":[70,70,67,70,70,70,17,38,38,59,59,56,56,55,70,28,70,55,55,45,45,24,20,41,13,13,13,34,23,23,23,44,0],"gold":85,"neow_bonus":"THREE_CARDS","is_prod":false,"is_daily":false,"chose_seed":false,"campfire_upgraded":1,"win_rate":0.0,"timestamp":1549582455,"path_taken":["M","?","M","?","?","R","E","R","T","R","?","M","M","?","R","BOSS","M","?","?","?","M","M","R","M","T","?","R","?","?","?","R","BOSS"],"build_version":"2019-01-23","purchased_purges":1,"victory":false,"max_hp_per_floor":[70,70,70,70,70,70,70,70,70,70,70,70,70,70,70,70,70,70,70,70,70,70,70,70,70,70,70,70,70,70,70,70,70],"card_choices":[{"not_picked":["Bane","Heel Hook"],"picked":"Underhanded Strike","floor":0},{"not_picked":["Prepared","Quick Slash"],"picked":"Catalyst","floor":1},{"not_picked":["Dodge and Roll","Dagger Throw"],"picked":"Tactician","floor":2},{"not_picked":["Distraction","Backflip"],"picked":"Heel Hook","floor":3},{"not_picked":["PiercingWail","Catalyst"],"picked":"Skewer","floor":7},{"not_picked":["Skewer","Well Laid Plans"],"picked":"Poisoned Stab","floor":12},{"not_picked":["Deflect","Backflip"],"picked":"Acrobatics","floor":13},{"not_picked":["Quick Slash","Glass Knife"],"picked":"Flying Knee","floor":14},{"not_picked":["Glass Knife","Phantasmal Killer"],"picked":"Tools of the Trade","floor":16},{"not_picked":["Slice","Riddle With Holes"],"picked":"Sucker Punch","floor":18},{"not_picked":["Well Laid Plans","Infinite Blades+1"],"picked":"Riddle With Holes","floor":20},{"not_picked":["Deflect","Sucker Punch+1"],"picked":"Bane+1","floor":22},{"not_picked":["Blade Dance","Catalyst+1"],"picked":"Outmaneuver","floor":23},{"not_picked":["Dagger Throw","Burst"],"picked":"Distraction+1","floor":25},{"not_picked":["Prepared","Quick Slash"],"picked":"Poisoned Stab","floor":29}],"player_experience":84454,"relics_obtained":[{"floor":7,"key":"Letter Opener"},{"floor":9,"key":"MawBank"},{"floor":26,"key":"Ornamental Fan"},{"floor":31,"key":"Pen Nib"}],"event_choices":[{"damage_healed":23,"gold_gain":0,"player_choice":"Banana","damage_taken":0,"max_hp_gain":0,"max_hp_loss":0,"event_name":"Big Fish","floor":4,"gold_loss":0},{"damage_healed":0,"gold_gain":0,"player_choice":"Ignored","damage_taken":0,"max_hp_gain":0,"max_hp_loss":0,"event_name":"Shining Light","floor":5,"gold_loss":0},{"damage_healed":0,"gold_gain":0,"player_choice":"Forge","damage_taken":0,"max_hp_gain":0,"max_hp_loss":0,"event_name":"Accursed Blacksmith","floor":11,"gold_loss":0,"cards_upgraded":["Survivor"]},{"damage_healed":0,"gold_gain":0,"player_choice":"2 cards matched","damage_taken":0,"max_hp_gain":0,"max_hp_loss":0,"event_name":"Match and Keep!","floor":19,"gold_loss":0,"cards_obtained":["Malaise","Masterful Stab"]},{"damage_healed":0,"gold_gain":0,"player_choice":"2 cards matched","damage_taken":0,"max_hp_gain":0,"max_hp_loss":0,"event_name":"Match and Keep!","floor":19,"gold_loss":0,"cards_obtained":["Malaise","Masterful Stab"]},{"damage_healed":0,"gold_gain":99,"player_choice":"Stole From Cult","damage_taken":0,"max_hp_gain":0,"max_hp_loss":0,"event_name":"Nest","floor":21,"gold_loss":0}],"is_beta":false,"boss_relics":[{"not_picked":["Velvet Choker","Runic Pyramid"],"picked":"White Beast Statue"}],"items_purged_floors":[27],"is_endless":false,"potions_floor_spawned":[7,14,16,18,20,22,23,25,29],"killed_by":"Collector","ascension_level":0}