{"gold_per_floor":[113,113,132,150,166,166,193,212,291,291,43,78,78,88,88,184,184,195,120,120,136,149,184,184,210,235,250,263,263,323,423,423,525,525,537,72,72,82,100,125,125,154,154,154,166,177,204,0,0,0],"floor_reached":51,"playtime":2539,"items_purged":["Strike_R","Defend_R"],"score":1348,"play_id":"5658bb8f-e429-42e5-9866-116d38da213b","local_time":"20190205210951","is_ascension_mode":true,"campfire_choices":[{"data":"Bash","floor":6,"key":"SMITH"},{"data":"Clothesline","floor":10,"key":"SMITH"},{"data":"Double Tap","floor":15,"key":"SMITH"},{"data":"Whirlwind","floor":24,"key":"SMITH"},{"data":"Iron Wave","floor":29,"key":"SMITH"},{"data":"Shockwave","floor":32,"key":"SMITH"},{"data":"Limit Break","floor":41,"key":"SMITH"},{"data":"Reaper","floor":44,"key":"SMITH"},{"data":"Clash","floor":49,"key":"SMITH"}],"neow_cost":"PERCENT_DAMAGE","seed_source_timestamp":12952439929265,"circlet_count":0,"master_deck":["AscendersBane","Defend_R+1","Defend_R+1","Bash+1","Headbutt","Iron Wave+1","Clash+1","Cleave","Clothesline+1","Dropkick","Double Tap+1","Reaper+1","Whirlwind+1","Shockwave+1","Battle Trance+1","Uppercut+1","Limit Break+1","Shrug It Off+1","Metallicize+1","Sword Boomerang+1"],"relics":["Burning Blood","Shuriken","Singing Bowl","Ornamental Fan","StoneCalendar","Bag of Preparation","Philosopher\u0027s Stone","Enchiridion","Smiling Mask","Kunai","Art of War","Tiny Chest","Empty Cage","Mummified Hand","Anchor","Ginger","Letter Opener","War Paint","Dodecahedron","Dream Catcher","Chemical X"],"potions_floor_usage":[12,12,25,27,50,50,50],"damage_taken":[{"damage":2,"enemies":"2 Louse","floor":1,"turns":4},{"damage":1,"enemies":"Cultist","floor":3,"turns":3},{"damage":8,"enemies":"Small Slimes","floor":4,"turns":3},{"damage":11,"enemies":"Blue Slaver","floor":5,"turns":3},{"damage":20,"enemies":"Lagavulin","floor":7,"turns":5},{"damage":8,"enemies":"Exordium Thugs","floor":8,"turns":3},{"damage":20,"enemies":"Gremlin Nob","floor":12,"turns":4},{"damage":6,"enemies":"Red Slaver","floor":14,"turns":3},{"damage":30,"enemies":"The Guardian","floor":16,"turns":10},{"damage":15,"enemies":"2 Thieves","floor":18,"turns":3},{"damage":0,"enemies":"Chosen","floor":21,"turns":2},{"damage":4,"enemies":"3 Cultists","floor":22,"turns":4},{"damage":23,"enemies":"Gremlin Leader","floor":23,"turns":4},{"damage":0,"enemies":"Slavers","floor":25,"turns":1},{"damage":3,"enemies":"Snake Plant","floor":27,"turns":3},{"damage":15,"enemies":"Centurion and Healer","floor":28,"turns":4},{"damage":4,"enemies":"Book of Stabbing","floor":30,"turns":4},{"damage":23,"enemies":"Champ","floor":33,"turns":7},{"damage":0,"enemies":"Orb Walker","floor":35,"turns":2},{"damage":36,"enemies":"3 Darklings","floor":38,"turns":5},{"damage":15,"enemies":"Spire Growth","floor":39,"turns":3},{"damage":26,"enemies":"Nemesis","floor":40,"turns":5},{"damage":12,"enemies":"Giant Head","floor":42,"turns":7},{"damage":0,"enemies":"Jaw Worm Horde","floor":45,"turns":2},{"damage":0,"enemies":"Sphere and 2 Shapes","floor":46,"turns":1},{"damage":15,"enemies":"Reptomancer","floor":47,"turns":5},{"damage":13,"enemies":"Time Eater","floor":50,"turns":6}],"seed_played":"7872331802300272023","potions_obtained":[{"floor":5,"key":"SpeedPotion"},{"floor":7,"key":"Swift Potion"},{"floor":8,"key":"Regen Potion"},{"floor":16,"key":"Swift Potion"},{"floor":21,"key":"Energy Potion"},{"floor":30,"key":"LiquidBronze"},{"floor":33,"key":"Swift Potion"},{"floor":39,"key":"Ancient Potion"}],"is_trial":false,"path_per_floor":["M","?","M","M","M","R","E","M","T","R","$","E","?","M","R","B",null,"M","$","?","M","M","E","R","E","T","M","M","R","E","?","R","B",null,"M","$","T","M","M","E","R","E","T","R","M","M","E","$","R","B",null],"character_chosen":"IRONCLAD","items_purchased":["Ornamental Fan","Mummified Hand","Anchor","Chemical X"],"campfire_rested":0,"item_purchase_floors":[11,36,36,48],"current_hp_per_floor":[55,55,60,58,53,53,39,37,37,37,37,37,37,37,37,13,65,58,58,42,48,66,49,49,57,57,63,69,69,79,79,79,62,83,89,89,89,80,73,55,55,94,94,94,96,98,91,91,91,84],"gold":0,"neow_bonus":"REMOVE_TWO","is_prod":false,"is_daily":false,"chose_seed":false,"campfire_upgraded":9,"win_rate":0,"timestamp":1549422591,"path_taken":["M","?","M","M","?","R","E","M","T","R","$","E","?","M","R","BOSS","M","$","?","M","M","E","R","E","T","M","M","R","E","?","R","BOSS","M","$","?","M","M","E","R","E","T","R","M","?","E","?","R","BOSS"],"build_version":"2019-01-23","purchased_purges":2,"victory":true,"max_hp_per_floor":[80,80,80,80,80,80,80,80,80,80,80,82,82,82,82,82,82,84,84,84,84,86,86,86,88,88,88,88,88,90,90,90,90,90,90,90,90,90,92,94,94,94,94,94,96,98,100,100,100,100],"card_choices":[{"not_picked":["Sword Boomerang","Shrug It Off"],"picked":"Headbutt","floor":1},{"not_picked":["Entrench","Disarm"],"picked":"Iron Wave","floor":3},{"not_picked":["Anger","Evolve"],"picked":"Clash","floor":4},{"not_picked":["Anger","Flex"],"picked":"Cleave","floor":5},{"not_picked":["Iron Wave","Pummel"],"picked":"Clothesline","floor":7},{"not_picked":["Bloodletting","Reckless Charge"],"picked":"Dropkick","floor":8},{"not_picked":["Cleave","Iron Wave","Clothesline"],"picked":"Singing Bowl","floor":12},{"not_picked":["Shockwave","Clash"],"picked":"Double Tap","floor":14},{"not_picked":["Limit Break","Dark Embrace"],"picked":"Reaper","floor":16},{"not_picked":["Shockwave","Armaments","Flame Barrier"],"picked":"Singing Bowl","floor":18},{"not_picked":["Flex","Inflame+1"],"picked":"Whirlwind","floor":21},{"not_picked":["Shrug It Off","Rupture","True Grit"],"picked":"Singing Bowl","floor":22},{"not_picked":["Wild Strike","Warcry"],"picked":"Shockwave","floor":23},{"not_picked":["Feel No Pain","Rupture","Searing Blow"],"picked":"Singing Bowl","floor":25},{"not_picked":["Clash","Thunderclap+1"],"picked":"Battle Trance+1","floor":27},{"not_picked":["Warcry+1","Battle Trance"],"picked":"Uppercut+1","floor":28},{"not_picked":["Flex","Seeing Red","Combust"],"picked":"Singing Bowl","floor":30},{"not_picked":["Fiend Fire","Reaper"],"picked":"Limit Break","floor":33},{"not_picked":["Iron Wave","Thunderclap"],"picked":"Shrug It Off+1","floor":35},{"not_picked":["Perfected Strike+1","Flex+1"],"picked":"Metallicize+1","floor":38},{"not_picked":["Seeing Red","Whirlwind+1","Heavy Blade+1"],"picked":"Singing Bowl","floor":39},{"not_picked":["Feed","Rupture","Clash"],"picked":"Singing Bowl","floor":40},{"not_picked":["Uppercut+1","Entrench"],"picked":"Sword Boomerang+1","floor":42},{"not_picked":["Clothesline+1","Entrench","Cleave+1"],"picked":"Singing Bowl","floor":45},{"not_picked":["Twin Strike+1","Heavy Blade","Body Slam"],"picked":"Singing Bowl","floor":46},{"not_picked":["Sword Boomerang","Battle Trance","Searing Blow+1"],"picked":"Singing Bowl","floor":47}],"player_experience":242204,"relics_obtained":[{"floor":7,"key":"Shuriken"},{"floor":9,"key":"Singing Bowl"},{"floor":12,"key":"StoneCalendar"},{"floor":20,"key":"Enchiridion"},{"floor":23,"key":"Smiling Mask"},{"floor":25,"key":"Kunai"},{"floor":26,"key":"Art of War"},{"floor":30,"key":"Tiny Chest"},{"floor":37,"key":"Ginger"},{"floor":40,"key":"Letter Opener"},{"floor":42,"key":"War Paint"},{"floor":43,"key":"Dodecahedron"},{"floor":47,"key":"Dream Catcher"}],"event_choices":[{"cards_removed":["Strike_R"],"damage_healed":0,"gold_gain":0,"player_choice":"Purged","damage_taken":0,"max_hp_gain":0,"max_hp_loss":0,"event_name":"Purifier","floor":2,"gold_loss":0},{"damage_healed":0,"gold_gain":0,"player_choice":"Searched \u00271\u0027 times","damage_taken":0,"relics_obtained":["Bag of Preparation"],"max_hp_gain":0,"max_hp_loss":0,"event_name":"Dead Adventurer","floor":13,"gold_loss":0},{"damage_healed":0,"gold_gain":0,"player_choice":"Obtained Book","damage_taken":16,"max_hp_gain":0,"max_hp_loss":0,"event_name":"Cursed Tome","floor":20,"gold_loss":0},{"damage_healed":0,"gold_gain":100,"player_choice":"Pray","damage_taken":0,"max_hp_gain":0,"max_hp_loss":0,"event_name":"Golden Shrine","floor":31,"gold_loss":0}],"is_beta":false,"boss_relics":[{"not_picked":["Runic Pyramid","Orrery"],"picked":"Philosopher\u0027s Stone"},{"not_picked":["Mark of Pain","Eternal Feather"],"picked":"Empty Cage"}],"items_purged_floors":[19,36],"is_endless":false,"potions_floor_spawned":[5,7,8,16,21,23,30,33,39,46,47],"ascension_level":10}