{"gold_per_floor":[110,110,75,51,69,69,89,101,101,116,116,116,131,156,156,279,279,299,142,155,180,180],"floor_reached":22,"playtime":1231,"items_purged":["Strike_B"],"score":249,"play_id":"01cdeeac-8eda-400c-b587-8d816387937c","local_time":"20181124132649","is_ascension_mode":true,"campfire_choices":[{"data":"Zap","floor":6,"key":"SMITH"},{"data":"Defragment","floor":11,"key":"SMITH"},{"floor":15,"key":"REST"}],"neow_cost":"NONE","seed_source_timestamp":50821007891906,"circlet_count":0,"master_deck":["Defend_B","Defend_B","Defend_B","Defend_B","Zap+1","Dualcast","Ball Lightning","Cold Snap","Defragment+1","Melter","Rebound","Compile Driver","Sweeping Beam","Redo","Thunder Strike","Defragment","Capacitor","Cold Snap"],"relics":["Runic Dome","Odd Mushroom","Bottled Lightning","Golden Idol","Empty Cage"],"potions_floor_usage":[10,13,21,21],"damage_taken":[{"damage":19,"enemies":"Jaw Worm","floor":1,"turns":5},{"damage":0,"enemies":"Small Slimes","floor":5,"turns":3},{"damage":12,"enemies":"The Mushroom Lair","floor":7,"turns":4},{"damage":0,"enemies":"2 Louse","floor":8,"turns":2},{"damage":0,"enemies":"2 Fungi Beasts","floor":10,"turns":3},{"damage":7,"enemies":"Exordium Thugs","floor":13,"turns":3},{"damage":6,"enemies":"Gremlin Gang","floor":14,"turns":3},{"damage":34,"enemies":"The Guardian","floor":16,"turns":10},{"damage":29,"enemies":"3 Byrds","floor":18,"turns":4},{"damage":26,"enemies":"2 Thieves","floor":20,"turns":4},{"damage":0,"enemies":"Snecko","floor":21,"turns":3},{"damage":2,"enemies":"Centurion and Healer","floor":22,"turns":1}],"seed_played":"4991436438327397910","potions_obtained":[{"floor":5,"key":"Swift Potion"},{"floor":7,"key":"SkillPotion"},{"floor":8,"key":"SkillPotion"},{"floor":14,"key":"SteroidPotion"},{"floor":16,"key":"FocusPotion"},{"floor":21,"key":"FocusPotion"}],"is_trial":false,"path_per_floor":["M","?","?","$","M","R","?","M","T","M","R","?","M","M","R","B",null,"M","$","M","M","M"],"character_chosen":"DEFECT","items_purchased":["Cold Snap","Capacitor"],"campfire_rested":1,"item_purchase_floors":[4,19],"current_hp_per_floor":[49,42,60,60,60,60,48,48,48,48,48,48,41,35,55,21,57,28,28,2,2,0],"gold":180,"neow_bonus":"BOSS_RELIC","is_prod":false,"is_daily":false,"chose_seed":false,"campfire_upgraded":2,"win_rate":0,"timestamp":1543066009,"path_taken":["M","?","?","$","M","R","?","M","T","M","R","?","M","M","R","BOSS","M","$","M","M","M"],"build_version":"2018-11-15","purchased_purges":1,"victory":false,"max_hp_per_floor":[75,75,75,75,75,75,75,75,75,75,75,69,69,69,69,69,69,69,69,69,69,69],"card_choices":[{"not_picked":["Steam","Stack"],"picked":"Ball Lightning","floor":1},{"not_picked":["Fusion","Melter"],"picked":"Defragment","floor":5},{"not_picked":["Blizzard","Stack"],"picked":"Melter","floor":7},{"not_picked":["Hello World","Turbo"],"picked":"Rebound","floor":8},{"not_picked":["Turbo","Hologram"],"picked":"Compile Driver","floor":10},{"not_picked":["Steam","Static Discharge"],"picked":"Sweeping Beam","floor":13},{"not_picked":["Seek","Chill"],"picked":"Redo","floor":14},{"not_picked":["Amplify","Creative AI"],"picked":"Thunder Strike","floor":16},{"not_picked":["Go for the Eyes","Beam Cell"],"picked":"Defragment","floor":18},{"not_picked":["Aggregate","Lockon","Barrage+1"],"picked":"SKIP","floor":20},{"not_picked":["Sunder","Conserve Battery"],"picked":"Cold Snap","floor":21}],"player_experience":879463,"relics_obtained":[{"floor":7,"key":"Odd Mushroom"},{"floor":9,"key":"Bottled Lightning"}],"event_choices":[{"cards_removed":["Strike_B"],"damage_healed":0,"gold_gain":0,"player_choice":"Card Removal","damage_taken":7,"max_hp_gain":0,"max_hp_loss":0,"event_name":"Golden Wing","floor":2,"gold_loss":0},{"damage_healed":18,"gold_gain":0,"player_choice":"Healed","damage_taken":0,"max_hp_gain":0,"max_hp_loss":0,"event_name":"The Cleric","floor":3,"gold_loss":35},{"damage_healed":0,"gold_gain":0,"player_choice":"Fought Mushrooms","damage_taken":0,"max_hp_gain":0,"max_hp_loss":0,"event_name":"Mushrooms","floor":7,"gold_loss":0},{"damage_healed":0,"gold_gain":0,"player_choice":"Lose Max HP","damage_taken":0,"relics_obtained":["Golden Idol"],"max_hp_gain":0,"max_hp_loss":6,"event_name":"Golden Idol","floor":12,"gold_loss":0}],"is_beta":false,"boss_relics":[{"not_picked":["Black Star","Ectoplasm"],"picked":"Empty Cage"}],"items_purged_floors":[19],"is_endless":false,"potions_floor_spawned":[5,7,8,14,16,20,21],"killed_by":"Centurion and Healer","ascension_level":8}