{"gold_per_floor":[119,394,407,422,472,499,499,499,499,499,96,106,118,188,188,260,260,273,173,173,48,48,83,9,19,43,55,127,159,173,203,203,277,277,290,99,99,117,117,117,146,146,146,174,185,210,227,29,29,29],"floor_reached":51,"playtime":1226,"items_purged":["Regret","Strike_R","Strike_R","Strike_R"],"score":1553,"play_id":"74d8ecca-eb7d-4834-aba4-9e9e530a9256","local_time":"20190208212205","is_ascension_mode":true,"campfire_choices":[{"data":"Whirlwind","floor":7,"key":"SMITH"},{"data":"Heavy Blade","floor":8,"key":"SMITH"},{"data":"1","floor":10,"key":"LIFT"},{"floor":15,"key":"REST"},{"floor":32,"key":"REST"},{"data":"2","floor":40,"key":"LIFT"},{"data":"3","floor":42,"key":"LIFT"},{"floor":49,"key":"REST"}],"neow_cost":"NONE","seed_source_timestamp":1693532208213564,"circlet_count":0,"master_deck":["AscendersBane","Strike_R","Defend_R","Defend_R","Defend_R","Defend_R","Bash","Heavy Blade+1","Whirlwind+1","Finesse","Feed","Heavy Blade+1","Decay","Flame Barrier","Seeing Red","Limit Break","Sword Boomerang","Clothesline+1","Thunderclap+1","Seeing Red+1","Metallicize+1"],"relics":["Burning Blood","NeowsBlessing","WingedGreaves","Girya","Brimstone","Darkstone Periapt","Velvet Choker","MutagenicStrength","Dead Branch","Strawberry","Red Skull","Ornamental Fan","Gambling Chip","Anchor","Busted Crown","Chemical X","Question Card","Pocketwatch","Regal Pillow","PreservedInsect"],"potions_floor_usage":[4,13,23,29,31,33,50],"damage_taken":[{"damage":0,"enemies":"Jaw Worm","floor":1,"turns":1},{"damage":0,"enemies":"Cultist","floor":3,"turns":1},{"damage":0,"enemies":"Small Slimes","floor":4,"turns":1},{"damage":53,"enemies":"3 Sentries","floor":6,"turns":8},{"damage":12,"enemies":"Blue Slaver","floor":12,"turns":3},{"damage":7,"enemies":"Lots of Slimes","floor":13,"turns":3},{"damage":0,"enemies":"Slime Boss","floor":16,"turns":5},{"damage":33,"enemies":"2 Thieves","floor":18,"turns":4},{"damage":36,"enemies":"Gremlin Leader","floor":23,"turns":3},{"damage":4,"enemies":"Chosen","floor":25,"turns":3},{"damage":0,"enemies":"Snecko","floor":27,"turns":2},{"damage":7,"enemies":"Book of Stabbing","floor":29,"turns":2},{"damage":9,"enemies":"Shelled Parasite and Fungi","floor":30,"turns":2},{"damage":14,"enemies":"Slavers","floor":31,"turns":4},{"damage":37,"enemies":"Automaton","floor":33,"turns":6},{"damage":0,"enemies":"3 Shapes","floor":35,"turns":2},{"damage":0,"enemies":"3 Darklings","floor":38,"turns":1},{"damage":39,"enemies":"Nemesis","floor":41,"turns":3},{"damage":4,"enemies":"Giant Head","floor":44,"turns":5},{"damage":2,"enemies":"Transient","floor":45,"turns":5},{"damage":16,"enemies":"Nemesis","floor":46,"turns":3},{"damage":0,"enemies":"Spire Growth","floor":47,"turns":2},{"damage":107,"enemies":"Awakened One","floor":50,"turns":8}],"seed_played":"633065333393766748","potions_obtained":[{"floor":4,"key":"Fruit Juice"},{"floor":6,"key":"SteroidPotion"},{"floor":12,"key":"PowerPotion"},{"floor":13,"key":"Ancient Potion"},{"floor":25,"key":"Weak Potion"},{"floor":29,"key":"Poison Potion"},{"floor":30,"key":"BloodPotion"},{"floor":31,"key":"EssenceOfSteel"},{"floor":33,"key":"FairyPotion"}],"is_trial":false,"path_per_floor":["M","?","M","M","?","E","R","R","T","R","$","M","M","T","R","B",null,"M","$","?","$","?","E","?","M","T","M","T","E","M","E","R","B",null,"M","$","?","M","?","R","E","R","T","E","M","E","M","$","R","B",null],"character_chosen":"IRONCLAD","items_purchased":["Brimstone","Finesse","Energy Potion","Chemical X","PowerPotion"],"campfire_rested":3,"item_purchase_floors":[11,11,11,36,48],"current_hp_per_floor":[74,74,75,80,72,25,25,25,25,25,25,19,18,18,42,48,72,48,48,48,48,54,24,31,36,36,42,42,41,41,46,77,46,90,96,96,96,102,102,102,69,69,69,74,78,68,74,74,108,7],"gold":29,"neow_bonus":"THREE_ENEMY_KILL","is_prod":false,"is_daily":false,"chose_seed":false,"campfire_upgraded":2,"win_rate":0,"timestamp":1549678925,"path_taken":["M","?","M","?","?","E","R","R","T","R","$","M","?","?","R","BOSS","M","$","?","$","?","E","?","M","T","?","?","E","?","E","R","BOSS","M","$","?","M","?","R","E","R","T","E","?","E","M","?","R","BOSS"],"build_version":"2019-02-06","purchased_purges":4,"victory":true,"max_hp_per_floor":[75,75,75,80,80,80,80,80,80,80,80,80,80,80,80,80,80,83,83,83,83,89,89,96,99,99,99,99,99,102,105,105,105,105,105,105,105,105,105,105,105,105,105,108,108,108,108,108,108,108],"card_choices":[{"not_picked":["Body Slam","Armaments"],"picked":"Heavy Blade","floor":1},{"not_picked":["Sentinel","Infernal Blade"],"picked":"Whirlwind","floor":3},{"not_picked":["Shrug It Off","Thunderclap","Hemokinesis"],"picked":"SKIP","floor":4},{"not_picked":["Pommel Strike","Iron Wave","Combust"],"picked":"SKIP","floor":6},{"not_picked":["Wild Strike","Twin Strike","Intimidate"],"picked":"SKIP","floor":12},{"not_picked":["Clothesline","Corruption","Sentinel"],"picked":"SKIP","floor":13},{"not_picked":["Immolate","Offering"],"picked":"Feed","floor":16},{"not_picked":["Dual Wield","Flex"],"picked":"Heavy Blade+1","floor":18},{"not_picked":["Inflame","Headbutt","Perfected Strike"],"picked":"SKIP","floor":23},{"not_picked":["Clothesline","Headbutt","True Grit"],"picked":"SKIP","floor":25},{"not_picked":["Intimidate","Anger","True Grit"],"picked":"SKIP","floor":27},{"not_picked":["Clash","Intimidate"],"picked":"Flame Barrier","floor":29},{"not_picked":["Dual Wield","Armaments","Burning Pact"],"picked":"SKIP","floor":30},{"not_picked":["Feed","Iron Wave"],"picked":"Seeing Red","floor":31},{"not_picked":["Brutality","Feed"],"picked":"Limit Break","floor":33},{"not_picked":[],"picked":"Sword Boomerang","floor":35},{"not_picked":["Iron Wave"],"picked":"SKIP","floor":38},{"not_picked":[],"picked":"Clothesline+1","floor":41},{"not_picked":["Pommel Strike+1"],"picked":"Thunderclap+1","floor":44},{"not_picked":["Heavy Blade"],"picked":"Seeing Red+1","floor":45},{"not_picked":["Wild Strike"],"picked":"Metallicize+1","floor":46},{"not_picked":["Anger","Body Slam"],"picked":"SKIP","floor":47}],"player_experience":646826,"relics_obtained":[{"floor":6,"key":"WingedGreaves"},{"floor":9,"key":"Girya"},{"floor":14,"key":"Darkstone Periapt"},{"floor":23,"key":"Dead Branch"},{"floor":26,"key":"Red Skull"},{"floor":28,"key":"Ornamental Fan"},{"floor":29,"key":"Gambling Chip"},{"floor":31,"key":"Anchor"},{"floor":41,"key":"Question Card"},{"floor":43,"key":"Pocketwatch"},{"floor":44,"key":"Regal Pillow"},{"floor":46,"key":"PreservedInsect"}],"event_choices":[{"damage_healed":0,"gold_gain":275,"player_choice":"Desecrate","damage_taken":0,"max_hp_gain":0,"max_hp_loss":0,"event_name":"Golden Shrine","floor":2,"gold_loss":0,"cards_obtained":["Regret"]},{"damage_healed":0,"gold_gain":50,"player_choice":"Touch","damage_taken":8,"max_hp_gain":0,"max_hp_loss":0,"event_name":"FaceTrader","floor":5,"gold_loss":0},{"damage_healed":0,"gold_gain":0,"player_choice":"Inject Mutagens","damage_taken":0,"relics_obtained":["MutagenicStrength"],"max_hp_gain":0,"max_hp_loss":0,"event_name":"Drug Dealer","floor":20,"gold_loss":0},{"damage_healed":0,"gold_gain":0,"player_choice":"Smashed Altar","damage_taken":0,"max_hp_gain":0,"max_hp_loss":0,"event_name":"Forgotten Altar","floor":22,"gold_loss":0,"cards_obtained":["Decay"]},{"damage_healed":0,"gold_gain":0,"player_choice":"Paid Gold","damage_taken":0,"relics_obtained":["Strawberry"],"max_hp_gain":0,"max_hp_loss":0,"event_name":"WeMeetAgain","floor":24,"gold_loss":74},{"cards_removed":["Strike_R"],"damage_healed":0,"gold_gain":0,"player_choice":"Removed Attack","damage_taken":0,"max_hp_gain":0,"max_hp_loss":0,"event_name":"Falling","floor":37,"gold_loss":0},{"damage_healed":0,"gold_gain":0,"player_choice":"0 cards matched","damage_taken":0,"max_hp_gain":0,"max_hp_loss":0,"event_name":"Match and Keep!","floor":39,"gold_loss":0,"cards_obtained":[]}],"is_beta":true,"boss_relics":[{"not_picked":["Snecko Eye","Tiny House"],"picked":"Velvet Choker"},{"not_picked":["Philosopher\u0027s Stone","Lizard Tail"],"picked":"Busted Crown"}],"items_purged_floors":[11,19,21,48],"is_endless":false,"potions_floor_spawned":[4,6,12,13,25,29,30,31,33,35,47],"ascension_level":15}