{"gold_per_floor":[113,113,35,53,71,104,104,104,104,129,129,129,159,170,170,271,271,283,283,139,151,151,151,163,183,183,183,583,41,75,85,85,185,185,201,476,59,75,75,110,126,141,141,141,159,185,185,218,218,218],"floor_reached":51,"playtime":3031,"items_purged":["Strike_B","Rip and Tear","Regret"],"score":1034,"play_id":"ef72b6cc-ae9b-4224-86aa-25fdd03653f1","local_time":"20190209170159","is_ascension_mode":true,"campfire_choices":[{"data":"Doom and Gloom","floor":8,"key":"SMITH"},{"floor":12,"key":"REST"},{"data":"Darkness","floor":15,"key":"SMITH"},{"data":"Creative AI","floor":23,"key":"SMITH"},{"data":"Dualcast","floor":27,"key":"SMITH"},{"data":"Ghostly","floor":32,"key":"SMITH"},{"data":"Buffer","floor":47,"key":"SMITH"},{"data":"Buffer","floor":49,"key":"SMITH"}],"neow_cost":"NONE","seed_source_timestamp":688426054156100,"circlet_count":0,"master_deck":["Strike_B+1","Strike_B+1","Defend_B+1","Defend_B+1","Defend_B+1","Defend_B+1","Zap","Dualcast+1","Darkness+1","Coolheaded","Doom and Gloom+1","Coolheaded","Glacier","Creative AI+1","Ghostly","Ghostly+1","Ghostly","Ghostly","Ghostly","Self Repair","Conserve Battery","Buffer+1","Darkness","Defragment","Loop","Buffer+1"],"relics":["Cracked Core","NeowsBlessing","Sundial","Pen Nib","Dodecahedron","Molten Egg 2","Odd Mushroom","Velvet Choker","Ornamental Fan","Old Coin","Meat on the Bone","Symbiotic Virus","Strawberry","Gremlin Horn","Black Star","Incense Burner","Happy Flower","Art of War","Kunai","Dream Catcher","Du-Vu Doll","Singing Bowl","Lantern"],"potions_floor_usage":[6,13,16,18,28,30,41,46,46,46,48,50,50],"damage_taken":[{"damage":0,"enemies":"2 Louse","floor":1,"turns":1},{"damage":0,"enemies":"Cultist","floor":4,"turns":1},{"damage":0,"enemies":"Small Slimes","floor":5,"turns":1},{"damage":15,"enemies":"Lagavulin","floor":6,"turns":6},{"damage":16,"enemies":"Gremlin Nob","floor":10,"turns":3},{"damage":11,"enemies":"The Mushroom Lair","floor":13,"turns":3},{"damage":0,"enemies":"Blue Slaver","floor":14,"turns":4},{"damage":6,"enemies":"The Guardian","floor":16,"turns":9},{"damage":11,"enemies":"Spheric Guardian","floor":18,"turns":5},{"damage":4,"enemies":"3 Byrds","floor":21,"turns":6},{"damage":2,"enemies":"Shelled Parasite and Fungi","floor":24,"turns":5},{"damage":0,"enemies":"Snake Plant","floor":25,"turns":5},{"damage":2,"enemies":"Colosseum Slavers","floor":28,"turns":5},{"damage":0,"enemies":"Colosseum Nobs","floor":28,"turns":5},{"damage":3,"enemies":"Book of Stabbing","floor":30,"turns":6},{"damage":0,"enemies":"Sentry and Sphere","floor":31,"turns":6},{"damage":16,"enemies":"Collector","floor":33,"turns":17},{"damage":1,"enemies":"3 Shapes","floor":35,"turns":5},{"damage":0,"enemies":"3 Darklings","floor":38,"turns":5},{"damage":1,"enemies":"Giant Head","floor":40,"turns":11},{"damage":21,"enemies":"Writhing Mass","floor":41,"turns":6},{"damage":0,"enemies":"Maw","floor":42,"turns":9},{"damage":0,"enemies":"3 Darklings","floor":45,"turns":6},{"damage":23,"enemies":"Nemesis","floor":46,"turns":13},{"damage":10,"enemies":"Reptomancer","floor":48,"turns":9},{"damage":4,"enemies":"Donu and Deca","floor":50,"turns":8}],"seed_played":"7166591330735151972","potions_obtained":[{"floor":1,"key":"Fire Potion"},{"floor":4,"key":"Regen Potion"},{"floor":6,"key":"FearPotion"},{"floor":13,"key":"Fire Potion"},{"floor":16,"key":"FocusPotion"},{"floor":21,"key":"Block Potion"},{"floor":24,"key":"Swift Potion"},{"floor":30,"key":"EssenceOfSteel"},{"floor":33,"key":"EntropicBrew"},{"floor":38,"key":"FocusPotion"},{"floor":39,"key":"PowerPotion"},{"floor":48,"key":"LiquidBronze"}],"is_trial":false,"path_per_floor":["M","?","$","M","M","E","?","R","T","E","?","R","?","M","R","B",null,"M","?","$","M","?","R","M","M","T","R","?","$","E","M","R","B",null,"M","?","$","M","?","E","M","M","T","$","M","E","R","E","R","B",null],"character_chosen":"DEFECT","items_purchased":["Rip and Tear","Self Repair","Symbiotic Virus","Strawberry","Conserve Battery","Incense Burner"],"campfire_rested":1,"item_purchase_floors":[3,20,29,29,29,37],"current_hp_per_floor":[68,68,68,68,68,62,62,62,62,46,13,35,24,24,24,18,61,50,37,37,37,37,37,37,37,37,37,37,44,44,44,44,35,42,41,41,41,44,44,44,37,44,44,44,44,33,33,46,46,46],"gold":218,"neow_bonus":"THREE_ENEMY_KILL","is_prod":false,"is_daily":false,"chose_seed":false,"campfire_upgraded":7,"win_rate":0,"timestamp":1549756919,"path_taken":["M","?","$","?","?","E","?","R","T","E","?","R","?","M","R","BOSS","M","?","$","M","?","R","M","M","T","R","?","?","E","M","R","BOSS","M","?","$","?","?","E","?","M","T","$","M","E","R","E","R","BOSS"],"build_version":"2019-01-23","purchased_purges":3,"victory":true,"max_hp_per_floor":[75,75,75,75,75,75,75,75,75,75,75,75,75,75,75,75,75,75,37,37,37,37,37,37,37,37,37,37,44,44,44,44,44,44,44,44,44,44,44,44,44,44,44,44,44,44,44,46,46,46],"card_choices":[{"not_picked":["Undo","Redo"],"picked":"Darkness","floor":1},{"not_picked":["Skim","Consume"],"picked":"Coolheaded","floor":4},{"not_picked":["Sweeping Beam","Fusion","Undo"],"picked":"SKIP","floor":5},{"not_picked":["Go for the Eyes","Heatsinks"],"picked":"Doom and Gloom","floor":6},{"not_picked":["Tempest","Capacitor"],"picked":"Coolheaded","floor":10},{"not_picked":["Compile Driver+1","Cold Snap+1"],"picked":"Glacier","floor":13},{"not_picked":["Compile Driver+1","Gash+1","Beam Cell+1"],"picked":"SKIP","floor":14},{"not_picked":["Biased Cognition","Core Surge+1"],"picked":"Creative AI","floor":16},{"not_picked":["Steam+1","Redo+1","Turbo"],"picked":"SKIP","floor":18},{"not_picked":["Barrage+1","Stack","Turbo"],"picked":"SKIP","floor":21},{"not_picked":["Gash+1","Stack","Aggregate"],"picked":"SKIP","floor":24},{"not_picked":["Beam Cell+1","Sunder+1","Streamline+1"],"picked":"SKIP","floor":25},{"not_picked":["Ball Lightning+1","Leap+1","Recycle+1"],"picked":"SKIP","floor":30},{"not_picked":["Melter+1","Streamline+1","Electrodynamics"],"picked":"SKIP","floor":31},{"not_picked":["Meteor Strike+1","Amplify"],"picked":"Buffer","floor":33},{"not_picked":["Stack+1","Sweeping Beam+1"],"picked":"Darkness","floor":35},{"not_picked":["Go for the Eyes+1","Gash+1","Turbo+1"],"picked":"SKIP","floor":38},{"not_picked":["Redo+1","Static Discharge"],"picked":"Defragment","floor":40},{"not_picked":["Conserve Battery","Leap+1","Heatsinks"],"picked":"SKIP","floor":41},{"not_picked":["Gash+1","Chaos+1","Turbo+1"],"picked":"SKIP","floor":42},{"not_picked":["Streamline+1","Leap+1"],"picked":"Loop","floor":45},{"not_picked":["Barrage+1","Redo"],"picked":"Buffer","floor":46},{"not_picked":["Steam Power+1","Steam+1","Ball Lightning+1"],"picked":"Singing Bowl","floor":48}],"player_experience":326094,"relics_obtained":[{"floor":6,"key":"Sundial"},{"floor":9,"key":"Pen Nib"},{"floor":10,"key":"Dodecahedron"},{"floor":13,"key":"Odd Mushroom"},{"floor":26,"key":"Ornamental Fan"},{"floor":28,"key":"Old Coin"},{"floor":28,"key":"Meat on the Bone"},{"floor":30,"key":"Gremlin Horn"},{"floor":40,"key":"Happy Flower"},{"floor":40,"key":"Art of War"},{"floor":43,"key":"Kunai"},{"floor":46,"key":"Dream Catcher"},{"floor":46,"key":"Du-Vu Doll"},{"floor":48,"key":"Singing Bowl"},{"floor":48,"key":"Lantern"}],"event_choices":[{"cards_removed":["Strike_B"],"damage_healed":0,"gold_gain":0,"player_choice":"Purged","damage_taken":0,"max_hp_gain":0,"max_hp_loss":0,"event_name":"Purifier","floor":2,"gold_loss":0},{"damage_healed":0,"gold_gain":0,"player_choice":"Ignored","damage_taken":0,"max_hp_gain":0,"max_hp_loss":0,"event_name":"Liars Game","floor":7,"gold_loss":0},{"damage_healed":0,"gold_gain":0,"player_choice":"Success","damage_taken":33,"relics_obtained":["Molten Egg 2"],"max_hp_gain":0,"max_hp_loss":0,"event_name":"Scrap Ooze","floor":11,"gold_loss":0},{"damage_healed":0,"gold_gain":0,"player_choice":"Fought Mushrooms","damage_taken":0,"max_hp_gain":0,"max_hp_loss":0,"event_name":"Mushrooms","floor":13,"gold_loss":0},{"damage_healed":0,"gold_gain":0,"player_choice":"Became a Ghost","damage_taken":0,"max_hp_gain":0,"max_hp_loss":38,"event_name":"Ghosts","floor":19,"gold_loss":0,"cards_obtained":["Ghostly","Ghostly","Ghostly","Ghostly","Ghostly"]},{"damage_healed":0,"gold_gain":0,"player_choice":"Simplicity","damage_taken":0,"max_hp_gain":0,"max_hp_loss":0,"event_name":"Back to Basics","floor":22,"gold_loss":0,"cards_upgraded":["Strike_B","Strike_B","Defend_B","Defend_B","Defend_B","Defend_B"]},{"damage_healed":0,"gold_gain":0,"player_choice":"Fight","damage_taken":0,"max_hp_gain":0,"max_hp_loss":0,"event_name":"Colosseum","floor":28,"gold_loss":0},{"damage_healed":0,"gold_gain":0,"player_choice":"Fought Nobs","damage_taken":0,"max_hp_gain":0,"max_hp_loss":0,"event_name":"Colosseum","floor":28,"gold_loss":0},{"damage_healed":0,"gold_gain":275,"player_choice":"Desecrate","damage_taken":0,"max_hp_gain":0,"max_hp_loss":0,"event_name":"Golden Shrine","floor":36,"gold_loss":0,"cards_obtained":["Regret"]},{"damage_healed":0,"gold_gain":0,"player_choice":"Got Potions","damage_taken":0,"max_hp_gain":0,"max_hp_loss":0,"event_name":"Lab","floor":39,"gold_loss":0}],"is_beta":false,"boss_relics":[{"not_picked":["Orrery","White Beast Statue"],"picked":"Velvet Choker"},{"not_picked":["Inserter","Tiny House"],"picked":"Black Star"}],"items_purged_floors":[20,29,37],"is_endless":false,"potions_floor_spawned":[1,4,6,13,16,21,24,30,33,35,38,48],"ascension_level":6}