{"gold_per_floor":[362,373,389,403,403,403,430,430,479,498,498,533,533,533,533,638,638,657,78,3,14,14,14,27,27,74,99,19,51,62,92,92,196,196,206,52,0,0,14,40,59,59,82,82,109,443,543,553,553,553,553,553,31,57,57],"floor_reached":56,"playtime":4202,"items_purged":["Strike_R","Combust","Strike_R"],"score":1551,"play_id":"650a52ca-287c-4842-897d-4cc8298bb442","local_time":"20190208182946","is_ascension_mode":true,"campfire_choices":[{"data":"Body Slam","floor":6,"key":"SMITH"},{"data":"True Grit","floor":8,"key":"SMITH"},{"floor":11,"key":"REST"},{"data":"Body Slam","floor":13,"key":"SMITH"},{"floor":15,"key":"REST"},{"data":"Ghostly Armor","floor":23,"key":"SMITH"},{"data":"Juggernaut","floor":25,"key":"SMITH"},{"data":"Metallicize","floor":32,"key":"SMITH"},{"data":"Entrench","floor":42,"key":"SMITH"},{"floor":49,"key":"RECALL"},{"data":"Feel No Pain","floor":52,"key":"SMITH"}],"neow_cost":"PERCENT_DAMAGE","seed_source_timestamp":1217385789498068,"circlet_count":0,"master_deck":["Defend_R","Defend_R","Defend_R","Bash","Ghostly Armor+1","Headbutt","Body Slam+1","True Grit+1","Juggernaut+1","Body Slam+1","Fiend Fire","Iron Wave","Metallicize+1","Shrug It Off+1","Offering","Iron Wave+1","Feel No Pain+1","Metallicize+1","Entrench+1","Intimidate+1","Regret","Regret","Warcry+1","Battle Trance","Discovery","Shrug It Off"],"relics":["Burning Blood","The Courier","PreservedInsect","Bag of Preparation","Runic Cube","Sling","Anchor","Torii","Art of War","Ginger","Bottled Flame","Tiny Chest","Cursed Key","Red Mask","Shuriken","Red Skull","Old Coin","Ice Cream","Lantern","Pear","Happy Flower"],"potions_floor_usage":[4,16,29,33,48,50,50,55,55],"damage_taken":[{"damage":1,"enemies":"Cultist","floor":1,"turns":3},{"damage":3,"enemies":"Small Slimes","floor":2,"turns":3},{"damage":0,"enemies":"2 Louse","floor":3,"turns":4},{"damage":19,"enemies":"Lots of Slimes","floor":4,"turns":6},{"damage":35,"enemies":"3 Sentries","floor":7,"turns":11},{"damage":6,"enemies":"Looter","floor":10,"turns":3},{"damage":25,"enemies":"Gremlin Nob","floor":12,"turns":4},{"damage":38,"enemies":"Hexaghost","floor":16,"turns":10},{"damage":19,"enemies":"Shell Parasite","floor":18,"turns":6},{"damage":2,"enemies":"2 Thieves","floor":21,"turns":4},{"damage":8,"enemies":"Centurion and Healer","floor":24,"turns":6},{"damage":16,"enemies":"Gremlin Leader","floor":27,"turns":5},{"damage":0,"enemies":"Slavers","floor":29,"turns":5},{"damage":8,"enemies":"Snake Plant","floor":30,"turns":4},{"damage":32,"enemies":"Collector","floor":33,"turns":10},{"damage":6,"enemies":"3 Shapes","floor":35,"turns":4},{"damage":7,"enemies":"Orb Walker","floor":39,"turns":3},{"damage":23,"enemies":"Giant Head","floor":40,"turns":6},{"damage":20,"enemies":"Maw","floor":41,"turns":4},{"damage":6,"enemies":"Nemesis","floor":46,"turns":1},{"damage":6,"enemies":"Mind Bloom Boss Battle","floor":47,"turns":3},{"damage":20,"enemies":"Jaw Worm Horde","floor":48,"turns":4},{"damage":14,"enemies":"Donu and Deca","floor":50,"turns":8},{"damage":8,"enemies":"Shield and Spear","floor":54,"turns":5},{"damage":53,"enemies":"The Heart","floor":55,"turns":9}],"seed_played":"-694346042145673779","potions_obtained":[{"floor":1,"key":"SteroidPotion"},{"floor":4,"key":"Fruit Juice"},{"floor":10,"key":"Weak Potion"},{"floor":16,"key":"Regen Potion"},{"floor":24,"key":"LiquidBronze"},{"floor":30,"key":"FearPotion"},{"floor":33,"key":"FearPotion"},{"floor":35,"key":"Dexterity Potion"},{"floor":46,"key":"Regen Potion"},{"floor":47,"key":"SpeedPotion"}],"is_trial":false,"path_per_floor":["M","M","M","M","?","R","E","R","T","M","R","E","R","?","R","B",null,"M","$","?","M","?","R","M","R","T","E","$","E","M","?","R","B",null,"M","$","?","?","M","E","M","R","T","?","T","E","?","M","R","B",null,"R","$","E","B",null],"character_chosen":"IRONCLAD","items_purchased":["Sling","Anchor","Torii","Feel No Pain","Battle Trance","Lantern","Discovery","Pear","Block Potion","Swift Potion"],"campfire_rested":2,"item_purchase_floors":[19,19,19,36,53,53,53,53,53,53],"current_hp_per_floor":[61,64,70,62,55,55,26,26,26,26,51,32,32,37,64,32,76,63,63,63,67,67,67,65,65,65,55,55,75,73,73,73,47,79,79,79,79,79,78,61,47,47,47,47,47,47,47,45,45,37,77,77,87,85,38],"gold":57,"neow_bonus":"TWO_FIFTY_GOLD","is_prod":false,"is_daily":false,"chose_seed":false,"campfire_upgraded":8,"win_rate":0,"timestamp":1549646986,"path_taken":["M","M","?","M","?","R","E","R","T","M","R","E","R","?","R","BOSS","M","$","?","M","?","R","?","R","T","E","$","E","M","?","R","BOSS","M","$","?","?","M","E","?","R","T","?","?","E","?","M","R","BOSS","R","$","E","BOSS"],"build_version":"2019-01-23","purchased_purges":3,"victory":true,"max_hp_per_floor":[80,80,80,85,85,85,85,85,85,85,85,85,85,90,90,90,90,90,90,90,90,90,90,90,90,90,90,90,90,90,90,90,90,90,90,90,90,90,90,90,90,90,90,90,90,90,90,90,90,90,90,90,100,100,100],"card_choices":[{"not_picked":["True Grit","Havoc"],"picked":"Ghostly Armor","floor":1},{"not_picked":["Entrench","Iron Wave"],"picked":"Headbutt","floor":2},{"not_picked":["Shrug It Off","True Grit"],"picked":"Body Slam","floor":3},{"not_picked":["Warcry","Sword Boomerang"],"picked":"True Grit","floor":4},{"not_picked":["Shrug It Off","Thunderclap"],"picked":"Juggernaut","floor":7},{"not_picked":["Perfected Strike","Wild Strike"],"picked":"Body Slam","floor":10},{"not_picked":["Fire Breathing","Dropkick","Brutality"],"picked":"SKIP","floor":12},{"not_picked":["Exhume","Limit Break"],"picked":"Fiend Fire","floor":16},{"not_picked":["Anger","Cleave","Hemokinesis+1"],"picked":"SKIP","floor":18},{"not_picked":["Twin Strike+1","Cleave"],"picked":"Iron Wave","floor":21},{"not_picked":["Anger","Dropkick"],"picked":"Metallicize","floor":24},{"not_picked":["Rage","Feed"],"picked":"Shrug It Off+1","floor":27},{"not_picked":["Burning Pact","Cleave","Perfected Strike"],"picked":"SKIP","floor":29},{"not_picked":["Havoc+1","Brutality","Twin Strike"],"picked":"SKIP","floor":30},{"not_picked":["Dark Embrace","Immolate"],"picked":"Offering","floor":33},{"not_picked":["Cleave","Anger+1"],"picked":"Iron Wave+1","floor":35},{"not_picked":["Clash+1","Cleave+1"],"picked":"Metallicize+1","floor":39},{"not_picked":["Clothesline+1","Demon Form"],"picked":"Entrench","floor":40},{"not_picked":["Rage+1","Thunderclap+1"],"picked":"Intimidate+1","floor":41},{"not_picked":["Anger","Warcry","Dark Embrace"],"picked":"SKIP","floor":46},{"not_picked":["Havoc+1","Clothesline+1"],"picked":"Warcry+1","floor":47},{"not_picked":["Wild Strike+1","Reckless Charge","Clothesline"],"picked":"SKIP","floor":48},{"not_picked":["Searing Blow+1","Heavy Blade"],"picked":"Shrug It Off","floor":54}],"player_experience":308925,"relics_obtained":[{"floor":7,"key":"The Courier"},{"floor":9,"key":"PreservedInsect"},{"floor":12,"key":"Bag of Preparation"},{"floor":26,"key":"Art of War"},{"floor":27,"key":"Ginger"},{"floor":29,"key":"Bottled Flame"},{"floor":40,"key":"Shuriken"},{"floor":45,"key":"Red Skull"},{"floor":46,"key":"Old Coin"},{"floor":47,"key":"Ice Cream"},{"floor":54,"key":"Happy Flower"}],"event_choices":[{"cards_removed":["Strike_R"],"damage_healed":0,"gold_gain":0,"player_choice":"Card Removal","damage_taken":7,"max_hp_gain":0,"max_hp_loss":0,"event_name":"Golden Wing","floor":5,"gold_loss":0},{"damage_healed":0,"gold_gain":0,"player_choice":"Donut","damage_taken":0,"max_hp_gain":5,"max_hp_loss":0,"event_name":"Big Fish","floor":14,"gold_loss":0},{"cards_removed":["Strike_R"],"damage_healed":0,"gold_gain":0,"player_choice":"Gave Gold","damage_taken":0,"max_hp_gain":0,"max_hp_loss":0,"event_name":"Beggar","floor":20,"gold_loss":75},{"damage_healed":0,"gold_gain":0,"player_choice":"1 cards matched","damage_taken":0,"max_hp_gain":0,"max_hp_loss":0,"event_name":"Match and Keep!","floor":22,"gold_loss":0,"cards_obtained":["Combust"]},{"damage_healed":0,"gold_gain":0,"player_choice":"Opened","damage_taken":0,"relics_obtained":["Tiny Chest"],"max_hp_gain":0,"max_hp_loss":0,"event_name":"The Mausoleum","floor":31,"gold_loss":0},{"damage_healed":0,"gold_gain":0,"player_choice":"Paid","damage_taken":0,"relics_obtained":["Red Mask"],"max_hp_gain":0,"max_hp_loss":0,"event_name":"Tomb of Lord Red Mask","floor":37,"gold_loss":52},{"cards_removed":["Strike_R"],"damage_healed":0,"gold_gain":0,"player_choice":"Purged","damage_taken":0,"max_hp_gain":0,"max_hp_loss":0,"event_name":"Purifier","floor":38,"gold_loss":0},{"cards_removed":["Defend_R"],"damage_healed":0,"gold_gain":0,"player_choice":"Removed Skill","damage_taken":0,"max_hp_gain":0,"max_hp_loss":0,"event_name":"Falling","floor":44,"gold_loss":0},{"damage_healed":0,"gold_gain":0,"player_choice":"Fight","damage_taken":0,"max_hp_gain":0,"max_hp_loss":0,"event_name":"MindBloom","floor":47,"gold_loss":0}],"is_beta":false,"boss_relics":[{"not_picked":["Calling Bell","Velvet Choker"],"picked":"Runic Cube"},{"not_picked":["Eternal Feather","Tiny House"],"picked":"Cursed Key"}],"items_purged_floors":[19,28,36],"is_endless":false,"potions_floor_spawned":[1,4,10,16,24,30,33,35,46,47],"ascension_level":5}