{"gold_per_floor":[113,126,126,140,163,191,191,203,203,203,223,233,264,143,143,238,238,252,252,252,252,266,266],"floor_reached":23,"playtime":1525,"items_purged":["Defend_B"],"score":296,"play_id":"234dab88-9124-44c6-a99e-fe0e9531af19","local_time":"20180924202007","is_ascension_mode":true,"campfire_choices":[{"data":"Dualcast","floor":7,"key":"SMITH"},{"data":"Redo","floor":10,"key":"SMITH"},{"data":"Loop","floor":15,"key":"SMITH"}],"neow_cost":"","seed_source_timestamp":0,"circlet_count":0,"master_deck":["Defend_B","Defend_B+1","Defend_B","Zap+1","Dualcast+1","Auto Shields","Conserve Battery","Redo+1","Loop+1","Scrape","Gash","Creative AI","Chaos","Bite","Bite","Bite","Bite","Bite"],"special_seed":0,"relics":["Cracked Core","War Paint","Letter Opener","Bronze Scales","Ice Cream","White Beast Statue","Smiling Mask"],"potions_floor_usage":[12,13,22,23],"damage_taken":[{"damage":0,"enemies":"Cultist","floor":1,"turns":3},{"damage":2,"enemies":"Jaw Worm","floor":2,"turns":3},{"damage":0,"enemies":"Small Slimes","floor":4,"turns":3},{"damage":26,"enemies":"Lagavulin","floor":6,"turns":7},{"damage":2,"enemies":"Exordium Wildlife","floor":8,"turns":4},{"damage":2,"enemies":"3 Louse","floor":11,"turns":2},{"damage":0,"enemies":"Large Slime","floor":12,"turns":4},{"damage":0,"enemies":"Gremlin Nob","floor":13,"turns":4},{"damage":32,"enemies":"The Guardian","floor":16,"turns":8},{"damage":28,"enemies":"Shell Parasite","floor":18,"turns":6},{"damage":22,"enemies":"Spheric Guardian","floor":22,"turns":4},{"damage":44,"enemies":"Book of Stabbing","floor":23,"turns":4}],"seed_played":"125443910246098753","potions_obtained":[{"floor":4,"key":"PowerPotion"},{"floor":8,"key":"Poison Potion"},{"floor":11,"key":"GamblersBrew"},{"floor":16,"key":"Strength Potion"},{"floor":18,"key":"Regen Potion"},{"floor":22,"key":"PowerPotion"}],"is_trial":false,"path_per_floor":["M","M","?","M","T","E","R","M","T","R","M","M","E","$","R","B",null,"M","?","?","?","M"],"character_chosen":"DEFECT","items_purchased":["Gash"],"campfire_rested":0,"item_purchase_floors":[14],"current_hp_per_floor":[75,73,73,73,73,47,47,45,45,45,43,43,43,43,43,11,75,47,33,33,33,30,0],"gold":266,"neow_bonus":"","is_prod":false,"is_daily":false,"chose_seed":false,"campfire_upgraded":3,"win_rate":0,"timestamp":1537842007,"path_taken":["M","M","?","?","?","E","R","M","T","R","?","M","E","$","R","BOSS","M","?","?","?","M","E"],"build_version":"2018-09-20","purchased_purges":1,"victory":false,"max_hp_per_floor":[75,75,75,75,75,75,75,75,75,75,75,75,75,75,75,75,75,75,80,80,56,56,56],"card_choices":[{"not_picked":["Coolheaded","Gash","Undo"],"picked":"SKIP","floor":1},{"not_picked":["Gash","Coolheaded"],"picked":"Auto Shields","floor":2},{"not_picked":["BootSequence","Blizzard","Meteor Strike"],"picked":"SKIP","floor":4},{"not_picked":["Lockon","Static Discharge"],"picked":"Conserve Battery","floor":6},{"not_picked":["Fusion","Sweeping Beam"],"picked":"Redo","floor":8},{"not_picked":["Turbo","Tempest"],"picked":"Loop","floor":11},{"not_picked":["Static Discharge","Cold Snap","Go for the Eyes"],"picked":"SKIP","floor":12},{"not_picked":["Stack","Ball Lightning"],"picked":"Scrape","floor":13},{"not_picked":["Meteor Strike","Multi-Cast"],"picked":"Creative AI","floor":16},{"not_picked":["Compile Driver","Hello World"],"picked":"Chaos","floor":18},{"not_picked":["Reinforced Body+1","Rebound+1","Ball Lightning"],"picked":"SKIP","floor":22}],"player_experience":182572,"relics_obtained":[{"floor":5,"key":"War Paint"},{"floor":6,"key":"Letter Opener"},{"floor":9,"key":"Bronze Scales"},{"floor":13,"key":"Ice Cream"}],"event_choices":[{"event_name":"Bonfire Elementals","player_choice":"BASIC","floor":3,"damage_taken":0},{"event_name":"Forgotten Altar","player_choice":"Shed Blood","floor":19,"damage_taken":0},{"event_name":"The Mausoleum","player_choice":"Yes","floor":20,"damage_taken":0},{"event_name":"Vampires","player_choice":"Became a vampire","floor":21,"damage_taken":0}],"is_beta":false,"boss_relics":[{"not_picked":["Philosopher\u0027s Stone","Eternal Feather"],"picked":"White Beast Statue"}],"items_purged_floors":[14],"is_endless":false,"potions_floor_spawned":[4,8,11,16,18,22],"killed_by":"Book of Stabbing","ascension_level":4}