{"gold_per_floor":[110,110,60,21,38,66,78,96,96,129,140,30,46,77,77,181,181,200,212,212,212,212],"floor_reached":22,"playtime":1733,"items_purged":["Strike_G"],"score":289,"play_id":"fd894276-81d3-4fbf-ba01-5ff7714bd09e","local_time":"20190208145855","is_ascension_mode":true,"campfire_choices":[{"data":"Noxious Fumes","floor":15,"key":"SMITH"}],"neow_cost":"NONE","seed_source_timestamp":361111912357789,"circlet_count":0,"master_deck":["Defend_G","Defend_G","Defend_G","Defend_G","Defend_G","Survivor","Neutralize","Quick Slash","Masterful Stab","Skewer","Underhanded Strike","All Out Attack","Noxious Fumes+1","Well Laid Plans","Footwork","Footwork","Dodge and Roll","Adrenaline"],"relics":["Ring of the Snake","NeowsBlessing","Regal Pillow","PreservedInsect","Darkstone Periapt","Paper Crane","Empty Cage"],"potions_floor_usage":[16,22,22],"damage_taken":[{"damage":0,"enemies":"Jaw Worm","floor":1,"turns":1},{"damage":0,"enemies":"Small Slimes","floor":5,"turns":1},{"damage":0,"enemies":"3 Sentries","floor":6,"turns":1},{"damage":0,"enemies":"2 Louse","floor":7,"turns":2},{"damage":2,"enemies":"Exordium Wildlife","floor":8,"turns":3},{"damage":2,"enemies":"Lagavulin","floor":10,"turns":7},{"damage":5,"enemies":"Looter","floor":11,"turns":3},{"damage":3,"enemies":"2 Fungi Beasts","floor":13,"turns":4},{"damage":8,"enemies":"3 Sentries","floor":14,"turns":7},{"damage":12,"enemies":"Hexaghost","floor":16,"turns":11},{"damage":29,"enemies":"3 Byrds","floor":18,"turns":5},{"damage":2,"enemies":"Spheric Guardian","floor":19,"turns":7},{"damage":26,"enemies":"3 Cultists","floor":22,"turns":6}],"seed_played":"228278920287994232","potions_obtained":[{"floor":6,"key":"Poison Potion"},{"floor":7,"key":"Dexterity Potion"},{"floor":10,"key":"SkillPotion"},{"floor":19,"key":"Regen Potion"}],"is_trial":false,"path_per_floor":["M","?","?","$","M","E","M","M","T","E","M","$","M","E","R","B",null,"M","M","?","?","M"],"character_chosen":"THE_SILENT","items_purchased":["Skewer","Footwork"],"campfire_rested":0,"item_purchase_floors":[4,12],"current_hp_per_floor":[70,70,70,70,70,70,70,68,68,66,61,61,58,50,50,38,62,33,31,31,18,0],"gold":212,"neow_bonus":"THREE_ENEMY_KILL","is_prod":false,"is_daily":false,"chose_seed":false,"campfire_upgraded":1,"win_rate":0,"timestamp":1549616335,"path_taken":["M","?","?","?","M","E","M","M","T","E","M","$","M","E","R","BOSS","M","M","?","?","M"],"build_version":"2019-01-23","purchased_purges":1,"victory":false,"max_hp_per_floor":[70,70,70,70,70,70,70,70,70,70,70,70,70,70,70,70,70,70,70,70,75,75],"card_choices":[{"not_picked":["Poisoned Stab","Deadly Poison"],"picked":"Quick Slash","floor":1},{"not_picked":["Bane","Bouncing Flask"],"picked":"Underhanded Strike","floor":5},{"not_picked":["Dodge and Roll","Underhanded Strike"],"picked":"All Out Attack","floor":6},{"not_picked":["Unload","Sucker Punch"],"picked":"Noxious Fumes","floor":7},{"not_picked":["Bouncing Flask","Slice"],"picked":"Well Laid Plans","floor":8},{"not_picked":["Deflect","Poisoned Stab"],"picked":"Footwork","floor":10},{"not_picked":["Blade Dance","Sucker Punch","Cloak And Dagger"],"picked":"SKIP","floor":11},{"not_picked":["Cloak And Dagger","Bane"],"picked":"Dodge and Roll","floor":13},{"not_picked":["Flechettes","Prepared","Unload"],"picked":"SKIP","floor":14},{"not_picked":["Envenom","Night Terror"],"picked":"Adrenaline","floor":16},{"not_picked":["Predator","Slice","Endless Agony+1"],"picked":"SKIP","floor":18},{"not_picked":["Predator+1","Dagger Spray","Underhanded Strike"],"picked":"SKIP","floor":19}],"player_experience":758020,"relics_obtained":[{"floor":6,"key":"Regal Pillow"},{"floor":9,"key":"PreservedInsect"},{"floor":10,"key":"Darkstone Periapt"},{"floor":14,"key":"Paper Crane"}],"event_choices":[{"damage_healed":0,"gold_gain":0,"cards_transformed":["Strike_G"],"player_choice":"Change","damage_taken":0,"max_hp_gain":0,"max_hp_loss":0,"event_name":"Living Wall","floor":2,"gold_loss":0,"cards_obtained":["Masterful Stab"]},{"cards_removed":["Strike_G"],"damage_healed":0,"gold_gain":0,"player_choice":"Card Removal","damage_taken":0,"max_hp_gain":0,"max_hp_loss":0,"event_name":"The Cleric","floor":3,"gold_loss":50},{"damage_healed":0,"gold_gain":0,"player_choice":"Ignored","damage_taken":0,"max_hp_gain":0,"max_hp_loss":0,"event_name":"Ghosts","floor":20,"gold_loss":0},{"damage_healed":0,"gold_gain":0,"player_choice":"Shed Blood","damage_taken":18,"max_hp_gain":5,"max_hp_loss":0,"event_name":"Forgotten Altar","floor":21,"gold_loss":0}],"is_beta":false,"boss_relics":[{"not_picked":["Black Star","WristBlade"],"picked":"Empty Cage"}],"items_purged_floors":[12],"is_endless":false,"potions_floor_spawned":[6,7,10,13,19],"killed_by":"3 Cultists","ascension_level":5}