{"gold_per_floor":[116,66,86,11,11,37,54,54,54,69,96,47,47,60,60,161,161,177,197,208,219,235,235,261,261],"floor_reached":25,"playtime":1546,"items_purged":["Strike_R"],"score":299,"play_id":"91c3f00f-1687-44f1-9b53-b37ffe8a7f6c","local_time":"20190210114809","is_ascension_mode":true,"campfire_choices":[{"data":"Whirlwind","floor":8.0,"key":"SMITH"},{"data":"True Grit","floor":13.0,"key":"SMITH"},{"data":"Sword Boomerang","floor":15.0,"key":"SMITH"},{"data":"Power Through","floor":23.0,"key":"SMITH"}],"neow_cost":"NONE","seed_source_timestamp":0,"circlet_count":0,"master_deck":["Strike_R","Strike_R","Strike_R","Defend_R","Defend_R","Defend_R","Bash","Battle Trance","Whirlwind+1","Thunderclap","Sword Boomerang+1","Power Through+1","True Grit+1","Flex","Demon Form","Burning Pact","Dropkick","Inflame","Iron Wave+1"],"special_seed":0,"relics":["Burning Blood","NeowsBlessing","Ornamental Fan","Matryoshka","Cursed Key","Mummified Hand"],"potions_floor_usage":[],"damage_taken":[{"damage":0.0,"enemies":"Jaw Worm","floor":1.0,"turns":1.0},{"damage":0.0,"enemies":"Cultist","floor":3.0,"turns":1.0},{"damage":0.0,"enemies":"3 Sentries","floor":6.0,"turns":1.0},{"damage":1.0,"enemies":"2 Louse","floor":7.0,"turns":2.0},{"damage":0.0,"enemies":"Gremlin Gang","floor":10.0,"turns":1.0},{"damage":8.0,"enemies":"Gremlin Nob","floor":11.0,"turns":4.0},{"damage":0.0,"enemies":"Large Slime","floor":14.0,"turns":4.0},{"damage":72.0,"enemies":"The Guardian","floor":16.0,"turns":12.0},{"damage":9.0,"enemies":"Shell Parasite","floor":18.0,"turns":3.0},{"damage":2.0,"enemies":"Spheric Guardian","floor":19.0,"turns":3.0},{"damage":19.0,"enemies":"Centurion and Healer","floor":20.0,"turns":5.0},{"damage":29.0,"enemies":"Sentry and Sphere","floor":21.0,"turns":5.0},{"damage":13.0,"enemies":"Snecko","floor":22.0,"turns":3.0},{"damage":35,"enemies":"Book of Stabbing","floor":24,"turns":5}],"seed_played":"3669134485107929880","potions_obtained":[{"floor":3.0,"key":"Fire Potion"},{"floor":6.0,"key":"GamblersBrew"},{"floor":7.0,"key":"Regen Potion"},{"floor":16.0,"key":"EssenceOfSteel"},{"floor":19.0,"key":"Poison Potion"},{"floor":22.0,"key":"Strength Potion"},{"floor":24,"key":"Ancient Potion"}],"is_trial":false,"path_per_floor":["M","?","M","$","?","E","M","R","T","M","E","$","R","M","R","B",null,"M","M","M","M","M","R","E","?"],"character_chosen":"IRONCLAD","items_purchased":["True Grit"],"campfire_rested":0,"item_purchase_floors":[12],"current_hp_per_floor":[80,80,80,80,80,80,80,80,80,80,78,78,78,80,80,28,80,77,80,67,44,37,37,8,0],"gold":261,"neow_bonus":"THREE_ENEMY_KILL","is_prod":false,"is_daily":false,"chose_seed":false,"campfire_upgraded":4,"win_rate":0,"timestamp":1549820889,"path_taken":["M","?","M","$","?","E","M","R","T","M","E","$","R","M","R","BOSS","M","?","M","M","M","R","E","?"],"build_version":"2019-01-23","purchased_purges":1,"victory":false,"max_hp_per_floor":[80,80,80,80,80,80,80,80,80,80,80,80,80,80,80,80,80,80,80,80,80,80,80,80,80],"card_choices":[{"not_picked":["Cleave","Twin Strike"],"picked":"Battle Trance","floor":1.0},{"not_picked":["Heavy Blade","Rampage"],"picked":"Whirlwind","floor":3.0},{"not_picked":["Rage","Sword Boomerang"],"picked":"Thunderclap","floor":6.0},{"not_picked":["Cleave","Warcry"],"picked":"Sword Boomerang","floor":7.0},{"not_picked":["Warcry","Clothesline"],"picked":"Power Through","floor":10.0},{"not_picked":["Immolate","Armaments","Perfected Strike"],"picked":"SKIP","floor":11.0},{"not_picked":["Headbutt","Clothesline"],"picked":"Flex","floor":14.0},{"not_picked":["Barricade","Exhume"],"picked":"Demon Form","floor":16.0},{"not_picked":["Pommel Strike","Warcry"],"picked":"Burning Pact","floor":18.0},{"not_picked":["Sword Boomerang","Perfected Strike"],"picked":"Dropkick","floor":19.0},{"not_picked":["Twin Strike+1","Clothesline","True Grit"],"picked":"SKIP","floor":20.0},{"not_picked":["Clothesline+1","Pommel Strike+1","Heavy Blade"],"picked":"SKIP","floor":21.0},{"not_picked":["Sword Boomerang","Dropkick"],"picked":"Inflame","floor":22.0},{"not_picked":["Berserk","Bludgeon"],"picked":"Iron Wave+1","floor":24}],"player_experience":337772,"relics_obtained":[{"floor":6.0,"key":"Ornamental Fan"},{"floor":11.0,"key":"Matryoshka"},{"floor":24,"key":"Mummified Hand"}],"event_choices":[{"cards_removed":["Strike_R"],"damage_healed":0.0,"max_hp_gain":0.0,"max_hp_loss":0.0,"gold_gain":0.0,"event_name":"The Cleric","player_choice":"Card Removal","floor":2.0,"gold_loss":50.0,"damage_taken":0.0},{"cards_removed":["Defend_R"],"damage_healed":0.0,"max_hp_gain":0.0,"max_hp_loss":0.0,"gold_gain":0.0,"event_name":"Bonfire Elementals","player_choice":"Offered Basic","floor":5.0,"gold_loss":0.0,"damage_taken":0.0}],"is_beta":false,"boss_relics":[{"not_picked":["Runic Dome","Black Blood"],"picked":"Cursed Key"}],"items_purged_floors":[4],"is_endless":false,"potions_floor_spawned":[3,6,7,16,19,22,24],"ascension_level":3}