{"gold_per_floor":[210,210,135,146,162,197,197,197,273,298,298,298,316,334,334,334],"floor_reached":16,"playtime":787,"items_purged":["Pain"],"score":170,"play_id":"0b826f10-cf0f-4460-9e4c-7a2daf204dbf","local_time":"20181129223556","is_ascension_mode":true,"campfire_choices":[{"data":"Searing Blow","floor":7,"key":"SMITH"},{"data":"Searing Blow+2","floor":12,"key":"SMITH"},{"data":"Searing Blow+3","floor":15,"key":"SMITH"}],"neow_cost":"NONE","seed_source_timestamp":516222844386410,"circlet_count":0,"master_deck":["AscendersBane","Strike_R","Strike_R","Strike_R+1","Strike_R","Strike_R","Defend_R","Defend_R","Defend_R","Defend_R","Bash","Anger","Searing Blow+4","Twin Strike","Sword Boomerang","Cleave","Thunderclap","Offering"],"relics":["Burning Blood","WarpedTongs","Juzu Bracelet","Shuriken","Odd Mushroom"],"potions_floor_usage":[6,10,14],"damage_taken":[{"damage":4,"enemies":"Jaw Worm","floor":1,"turns":4},{"damage":1,"enemies":"Cultist","floor":4,"turns":3},{"damage":1,"enemies":"2 Louse","floor":5,"turns":3},{"damage":16,"enemies":"Gremlin Nob","floor":6,"turns":3},{"damage":29,"enemies":"The Mushroom Lair","floor":10,"turns":4},{"damage":6,"enemies":"Looter","floor":13,"turns":2},{"damage":0,"enemies":"Gremlin Gang","floor":14,"turns":1},{"damage":34,"enemies":"The Guardian","floor":16,"turns":8}],"seed_played":"-7680657324583286791","potions_obtained":[{"floor":1,"key":"SteroidPotion"},{"floor":4,"key":"PowerPotion"},{"floor":11,"key":"Energy Potion"},{"floor":11,"key":"Explosive Potion"}],"is_trial":false,"path_per_floor":["M","?","$","M","M","E","R","?","T","?","?","R","M","M","R","B"],"character_chosen":"IRONCLAD","items_purchased":[],"campfire_rested":0,"item_purchase_floors":[],"current_hp_per_floor":[70,70,70,75,75,65,65,50,50,27,27,27,27,33,33,0],"gold":334,"neow_bonus":"HUNDRED_GOLD","is_prod":false,"is_daily":false,"chose_seed":false,"campfire_upgraded":3,"win_rate":0,"timestamp":1543530956,"path_taken":["M","?","$","M","M","E","R","?","T","?","?","R","M","M","R","BOSS"],"build_version":"2018-11-15","purchased_purges":1,"victory":false,"max_hp_per_floor":[75,75,75,75,75,75,75,75,75,75,75,75,75,75,75,75],"card_choices":[{"not_picked":["Inflame","Body Slam"],"picked":"Anger","floor":1},{"not_picked":["Clash","Armaments"],"picked":"Searing Blow","floor":4},{"not_picked":["Blood for Blood","Dropkick"],"picked":"Twin Strike","floor":5},{"not_picked":["Corruption","Armaments"],"picked":"Sword Boomerang","floor":6},{"not_picked":["Evolve","Whirlwind"],"picked":"Cleave","floor":10},{"not_picked":["Armaments","Sever Soul"],"picked":"Thunderclap","floor":13},{"not_picked":["Searing Blow","Infernal Blade"],"picked":"Offering","floor":14}],"player_experience":922543,"relics_obtained":[{"floor":6,"key":"Juzu Bracelet"},{"floor":9,"key":"Shuriken"},{"floor":10,"key":"Odd Mushroom"}],"event_choices":[{"damage_healed":0,"gold_gain":0,"player_choice":"Rummage","damage_taken":0,"relics_obtained":["WarpedTongs"],"max_hp_gain":0,"max_hp_loss":0,"event_name":"Accursed Blacksmith","floor":2,"gold_loss":0,"cards_obtained":["Pain"]},{"damage_healed":0,"gold_gain":0,"player_choice":"Entered Light","damage_taken":15,"max_hp_gain":0,"max_hp_loss":0,"event_name":"Shining Light","floor":8,"gold_loss":0,"cards_upgraded":["Searing Blow","Strike_R"]},{"damage_healed":0,"gold_gain":0,"player_choice":"Fought Mushrooms","damage_taken":0,"max_hp_gain":0,"max_hp_loss":0,"event_name":"Mushrooms","floor":10,"gold_loss":0},{"damage_healed":0,"gold_gain":0,"player_choice":"Got Potions","damage_taken":0,"max_hp_gain":0,"max_hp_loss":0,"event_name":"Lab","floor":11,"gold_loss":0}],"is_beta":false,"boss_relics":[],"items_purged_floors":[3],"is_endless":false,"potions_floor_spawned":[1,4,13],"killed_by":"The Guardian","ascension_level":14}