{"gold_per_floor":[118,129,50,63,63,63,95,95,95,125,136,136,151,176,176,250,250,263,263,263,263,263,263,282,300,300,316,316,231,16,32,32,32],"floor_reached":33,"playtime":1895,"items_purged":[],"score":464,"play_id":"09abcd65-5679-450b-90c7-bd5b40e99c4b","local_time":"20190107231823","is_ascension_mode":true,"campfire_choices":[{"data":"Offering","floor":6,"key":"SMITH"},{"floor":8,"key":"REST"},{"floor":12,"key":"REST"},{"floor":15,"key":"REST"},{"floor":23,"key":"REST"},{"floor":28,"key":"REST"},{"floor":32,"key":"REST"}],"neow_cost":"NONE","seed_source_timestamp":1643672443218845,"circlet_count":0,"master_deck":["AscendersBane","Strike_R","Strike_R","Strike_R","Strike_R","Defend_R","Defend_R","Defend_R","Defend_R","Bash","Uppercut+1","Headbutt","Offering+1","Thunderclap","Entrench","Shockwave","Corruption","Body Slam","Metallicize","Fiend Fire","Whirlwind","Writhe","Anger","Cleave","Regret","Headbutt","Demon Form","Limit Break","True Grit"],"relics":["Burning Blood","NeowsBlessing","Self Forming Clay","Boot","Bottled Lightning","FossilizedHelix","Cursed Key","Smiling Mask","Question Card","Potion Belt"],"potions_floor_usage":[7,7,10,14,16,25,33,33],"damage_taken":[{"damage":0,"enemies":"2 Louse","floor":1,"turns":1},{"damage":0,"enemies":"Cultist","floor":2,"turns":1},{"damage":0,"enemies":"Jaw Worm","floor":4,"turns":1},{"damage":36,"enemies":"Lagavulin","floor":7,"turns":5},{"damage":22,"enemies":"3 Sentries","floor":10,"turns":6},{"damage":11,"enemies":"3 Louse","floor":11,"turns":3},{"damage":25,"enemies":"Large Slime","floor":13,"turns":3},{"damage":9,"enemies":"Gremlin Nob","floor":14,"turns":3},{"damage":53,"enemies":"Hexaghost","floor":16,"turns":14},{"damage":24,"enemies":"2 Thieves","floor":18,"turns":4},{"damage":13,"enemies":"Shell Parasite","floor":24,"turns":4},{"damage":15,"enemies":"Snecko","floor":25,"turns":5},{"damage":18,"enemies":"Snake Plant","floor":27,"turns":4},{"damage":42,"enemies":"Centurion and Healer","floor":31,"turns":6},{"damage":63,"enemies":"Collector","floor":33,"turns":5}],"seed_played":"-1597608038781804325","potions_obtained":[{"floor":2,"key":"BloodPotion"},{"floor":4,"key":"EntropicBrew"},{"floor":7,"key":"SkillPotion"},{"floor":13,"key":"Energy Potion"},{"floor":18,"key":"SkillPotion"},{"floor":24,"key":"SteroidPotion"},{"floor":25,"key":"Dexterity Potion"}],"is_trial":false,"path_per_floor":["M","M","$","M","?","R","E","R","T","E","M","R","M","E","R","B",null,"M","?","?","?","?","R","M","M","T","M","R","?","$","M","R","B"],"character_chosen":"IRONCLAD","items_purchased":["Offering","Demon Form","Limit Break"],"campfire_rested":6,"item_purchase_floors":[3,30,30],"current_hp_per_floor":[74,75,75,75,75,75,52,74,74,58,53,75,56,53,75,28,63,45,45,45,24,40,64,57,48,48,36,60,60,60,24,48,0],"gold":32,"neow_bonus":"THREE_ENEMY_KILL","is_prod":false,"is_daily":false,"chose_seed":false,"campfire_upgraded":1,"win_rate":0,"timestamp":1546903103,"path_taken":["M","M","$","M","?","R","E","R","T","E","?","R","M","E","R","BOSS","M","?","?","?","?","R","M","M","T","M","R","?","$","M","R","BOSS"],"build_version":"2019-01-03v4","purchased_purges":0,"victory":false,"max_hp_per_floor":[75,75,75,75,75,75,75,75,75,75,75,75,75,75,75,75,75,75,75,75,80,80,80,80,80,80,80,80,80,80,80,80,80],"card_choices":[{"not_picked":["Anger","Warcry"],"picked":"Uppercut","floor":1},{"not_picked":["Dual Wield","Heavy Blade"],"picked":"Headbutt","floor":2},{"not_picked":["Twin Strike","Sword Boomerang"],"picked":"Thunderclap","floor":4},{"not_picked":["Wild Strike","Flex"],"picked":"Entrench","floor":7},{"not_picked":["Bloodletting","Warcry"],"picked":"Shockwave","floor":10},{"not_picked":["Wild Strike","Spot Weakness"],"picked":"Corruption","floor":11},{"not_picked":["Wild Strike","True Grit"],"picked":"Body Slam","floor":13},{"not_picked":["Shockwave","Carnage"],"picked":"Metallicize","floor":14},{"not_picked":["Reaper","Berserk"],"picked":"Fiend Fire","floor":16},{"not_picked":["Perfected Strike+1","Sentinel"],"picked":"Whirlwind","floor":18},{"not_picked":["Thunderclap","Havoc"],"picked":"Anger","floor":24},{"not_picked":["Flex","Warcry"],"picked":"Cleave","floor":25},{"not_picked":["Blood for Blood","Anger","Iron Wave"],"picked":"Headbutt","floor":27},{"not_picked":["Rupture","Second Wind","Warcry"],"picked":"True Grit","floor":31}],"player_experience":1147843,"relics_obtained":[{"floor":7,"key":"Self Forming Clay"},{"floor":9,"key":"Boot"},{"floor":10,"key":"Bottled Lightning"},{"floor":14,"key":"FossilizedHelix"},{"floor":26,"key":"Question Card"}],"event_choices":[{"damage_healed":0,"gold_gain":0,"player_choice":"Upgraded","damage_taken":0,"max_hp_gain":0,"max_hp_loss":0,"event_name":"Upgrade Shrine","floor":5,"gold_loss":0,"cards_upgraded":["Uppercut"]},{"cards_removed":["Strike_R"],"damage_healed":0,"gold_gain":0,"player_choice":"Elegance","damage_taken":0,"max_hp_gain":0,"max_hp_loss":0,"event_name":"Back to Basics","floor":19,"gold_loss":0},{"damage_healed":0,"gold_gain":0,"player_choice":"Opened","damage_taken":0,"relics_obtained":["Smiling Mask"],"max_hp_gain":0,"max_hp_loss":0,"event_name":"The Mausoleum","floor":20,"gold_loss":0,"cards_obtained":["Writhe"]},{"damage_healed":0,"gold_gain":0,"player_choice":"Shed Blood","damage_taken":26,"max_hp_gain":5,"max_hp_loss":0,"event_name":"Forgotten Altar","floor":21,"gold_loss":0},{"damage_healed":16,"gold_gain":0,"player_choice":"Heal","damage_taken":0,"max_hp_gain":0,"max_hp_loss":0,"event_name":"The Library","floor":22,"gold_loss":0},{"damage_healed":0,"gold_gain":0,"player_choice":"Obtained Relic","damage_taken":0,"relics_obtained":["Potion Belt"],"max_hp_gain":0,"max_hp_loss":0,"event_name":"Addict","floor":29,"gold_loss":85}],"is_beta":false,"boss_relics":[{"not_picked":["Velvet Choker","Mark of Pain"],"picked":"Cursed Key"}],"items_purged_floors":[],"is_endless":false,"potions_floor_spawned":[2,4,7,13,18,24,25],"killed_by":"Collector","ascension_level":15}