{"gold_per_floor":[111,35,35,110,110,146,146,159,183,183,207,254,293,306,306,397,397,383,308,352,78,99,99,117,117,117,32,57,69,97,109],"floor_reached":31,"playtime":1144,"items_purged":["Strike_R","Strike_R"],"score":456,"play_id":"35aa73fa-0310-497f-95e9-d51543f7d421","local_time":"20190210152239","is_ascension_mode":true,"campfire_choices":[{"data":"Bash","floor":7,"key":"SMITH"},{"data":"Flame Barrier","floor":10,"key":"SMITH"},{"data":"Shrug It Off","floor":15,"key":"SMITH"},{"data":"Transmutation","floor":23,"key":"SMITH"}],"neow_cost":"NONE","seed_source_timestamp":30818460593253,"circlet_count":0,"master_deck":["AscendersBane","Strike_R","Strike_R","Defend_R","Defend_R","Defend_R","Defend_R","Bash+1","Flame Barrier+1","Pommel Strike","Shrug It Off+1","Transmutation+1","Demon Form"],"relics":["Burning Blood","NeowsBlessing","Singing Bowl","Golden Idol","Kunai","Bronze Scales","Anchor","Gremlin Horn","Cursed Key","Red Mask","MawBank"],"potions_floor_usage":[13,16,16,28,31],"damage_taken":[{"damage":0,"enemies":"Jaw Worm","floor":1,"turns":1},{"damage":0,"enemies":"Lagavulin","floor":6,"turns":1},{"damage":0,"enemies":"2 Louse","floor":8,"turns":1},{"damage":1,"enemies":"Cultist","floor":11,"turns":3},{"damage":10,"enemies":"Gremlin Nob","floor":13,"turns":4},{"damage":8,"enemies":"Exordium Wildlife","floor":14,"turns":4},{"damage":62,"enemies":"Slime Boss","floor":16,"turns":9},{"damage":22,"enemies":"2 Thieves","floor":18,"turns":4},{"damage":11,"enemies":"Masked Bandits","floor":20,"turns":6},{"damage":1,"enemies":"Spheric Guardian","floor":22,"turns":3},{"damage":0,"enemies":"Centurion and Healer","floor":24,"turns":9},{"damage":38,"enemies":"3 Cultists","floor":28,"turns":7},{"damage":30,"enemies":"Cultist and Chosen","floor":30,"turns":7},{"damage":10,"enemies":"Shelled Parasite and Fungi","floor":31,"turns":4}],"seed_played":"-5856959856152619374","potions_obtained":[{"floor":6,"key":"SkillPotion"},{"floor":11,"key":"SkillPotion"},{"floor":13,"key":"BloodPotion"},{"floor":20,"key":"EssenceOfSteel"},{"floor":24,"key":"SkillPotion"},{"floor":28,"key":"Regen Potion"}],"is_trial":false,"path_per_floor":["M","$","?","?","?","E","R","M","T","R","M","T","E","M","R","B",null,"M","$","?","$","M","R","M","?","T","?","M","$","M","M"],"character_chosen":"IRONCLAD","items_purchased":["Flame Barrier","Transmutation"],"campfire_rested":0,"item_purchase_floors":[2,21],"current_hp_per_floor":[74,74,67,56,38,46,46,52,52,52,57,57,55,55,55,9,65,51,51,48,48,53,53,61,61,61,61,31,31,9,0],"gold":109,"neow_bonus":"THREE_ENEMY_KILL","is_prod":false,"is_daily":false,"chose_seed":false,"campfire_upgraded":4,"win_rate":0,"timestamp":1549779759,"path_taken":["M","$","?","?","?","E","R","M","T","R","M","?","E","?","R","BOSS","M","$","?","$","M","R","M","?","T","?","M","?","M","M"],"build_version":"2019-01-23","purchased_purges":2,"victory":false,"max_hp_per_floor":[75,75,75,75,75,77,77,77,77,77,77,77,79,81,81,83,83,85,85,87,87,87,87,89,89,89,89,91,91,93,93],"card_choices":[{"not_picked":["Headbutt","Wild Strike","Evolve"],"picked":"SKIP","floor":1},{"not_picked":["Cleave","Evolve","Combust"],"picked":"Singing Bowl","floor":6},{"not_picked":["Warcry","Clash"],"picked":"Pommel Strike","floor":8},{"not_picked":["Thunderclap","Corruption"],"picked":"Shrug It Off","floor":11},{"not_picked":["Reckless Charge","True Grit","Pommel Strike"],"picked":"Singing Bowl","floor":13},{"not_picked":["Feel No Pain","Double Tap","Body Slam"],"picked":"Singing Bowl","floor":14},{"not_picked":["Juggernaut","Berserk","Fiend Fire"],"picked":"Singing Bowl","floor":16},{"not_picked":["True Grit","Pommel Strike+1","Iron Wave+1"],"picked":"Singing Bowl","floor":18},{"not_picked":["Heavy Blade","Sword Boomerang","Thunderclap"],"picked":"Singing Bowl","floor":20},{"not_picked":["Hemokinesis","Perfected Strike"],"picked":"Demon Form","floor":22},{"not_picked":["True Grit","Anger","Wild Strike"],"picked":"Singing Bowl","floor":24},{"not_picked":["Reckless Charge","Feel No Pain","Spot Weakness"],"picked":"Singing Bowl","floor":28},{"not_picked":["Fire Breathing+1","Combust","Blood for Blood"],"picked":"Singing Bowl","floor":30}],"player_experience":194837,"relics_obtained":[{"floor":6,"key":"Kunai"},{"floor":9,"key":"Bronze Scales"},{"floor":12,"key":"Anchor"},{"floor":13,"key":"Gremlin Horn"},{"floor":20,"key":"Red Mask"}],"event_choices":[{"damage_healed":0,"gold_gain":0,"player_choice":"Success","damage_taken":7,"relics_obtained":["Singing Bowl"],"max_hp_gain":0,"max_hp_loss":0,"event_name":"Scrap Ooze","floor":3,"gold_loss":0},{"damage_healed":0,"gold_gain":75,"player_choice":"Gather Gold","damage_taken":11,"max_hp_gain":0,"max_hp_loss":0,"event_name":"World of Goop","floor":4,"gold_loss":0},{"damage_healed":0,"gold_gain":0,"player_choice":"Take Damage","damage_taken":18,"relics_obtained":["Golden Idol"],"max_hp_gain":0,"max_hp_loss":0,"event_name":"Golden Idol","floor":5,"gold_loss":0},{"damage_healed":0,"gold_gain":0,"player_choice":"Fought Bandits","damage_taken":0,"max_hp_gain":0,"max_hp_loss":0,"event_name":"Masked Bandits","floor":20,"gold_loss":0},{"cards_removed":["Strike_R"],"damage_healed":0,"gold_gain":0,"player_choice":"Elegance","damage_taken":0,"max_hp_gain":0,"max_hp_loss":0,"event_name":"Back to Basics","floor":25,"gold_loss":0},{"damage_healed":0,"gold_gain":0,"player_choice":"Obtained Relic","damage_taken":0,"relics_obtained":["MawBank"],"max_hp_gain":0,"max_hp_loss":0,"event_name":"Addict","floor":27,"gold_loss":85}],"is_beta":false,"boss_relics":[{"not_picked":["Fusion Hammer","Busted Crown"],"picked":"Cursed Key"}],"items_purged_floors":[19,21],"is_endless":false,"potions_floor_spawned":[6,11,13,20,24,28],"killed_by":"Shelled Parasite and Fungi","ascension_level":14}