{"gold_per_floor":[117,117,117,117,17,50,50,76,76,89,124,134,146,177,177,255,255,272,108,18],"floor_reached":20,"playtime":1200,"items_purged":["Strike_R"],"score":438,"play_id":"eaec8c32-1988-4b5f-b473-ab7c0826bb98","local_time":"20190113232113","is_ascension_mode":true,"campfire_choices":[{"data":"Metallicize","floor":7,"key":"SMITH"},{"floor":15,"key":"REST"}],"neow_cost":"NONE","seed_source_timestamp":390852144287493,"circlet_count":0,"master_deck":["AscendersBane","Defend_R+1","Defend_R","Defend_R","Defend_R","Bash","Headbutt","Pommel Strike","Metallicize+1","Dropkick","Clash","Barricade","Offering","True Grit","Body Slam","Juggernaut"],"relics":["Burning Blood","NeowsBlessing","Blood Vial","Ornamental Fan","Matryoshka","Prayer Wheel","Bottled Tornado","Empty Cage"],"potions_floor_usage":[6,11,11,16,18],"damage_taken":[{"damage":0,"enemies":"2 Louse","floor":1,"turns":1},{"damage":0,"enemies":"3 Sentries","floor":6,"turns":2},{"damage":0,"enemies":"Gremlin Nob","floor":8,"turns":1},{"damage":0,"enemies":"Small Slimes","floor":10,"turns":3},{"damage":9,"enemies":"3 Sentries","floor":11,"turns":9},{"damage":2,"enemies":"Cultist","floor":12,"turns":3},{"damage":9,"enemies":"Blue Slaver","floor":13,"turns":3},{"damage":36,"enemies":"Gremlin Nob","floor":14,"turns":5},{"damage":35,"enemies":"Hexaghost","floor":16,"turns":11},{"damage":38,"enemies":"Shell Parasite","floor":18,"turns":10},{"damage":54,"enemies":"2 Thieves","floor":20,"turns":3}],"seed_played":"-7454854718797387680","potions_obtained":[{"floor":1,"key":"BloodPotion"},{"floor":8,"key":"Block Potion"},{"floor":10,"key":"GamblersBrew"},{"floor":13,"key":"SkillPotion"},{"floor":16,"key":"SkillPotion"}],"is_trial":false,"path_per_floor":["M","?","?","?","$","E","R","E","T","M","E","M","M","E","R","B",null,"M","$","M"],"character_chosen":"IRONCLAD","items_purchased":["Pommel Strike","Juggernaut"],"campfire_rested":1,"item_purchase_floors":[5,19],"current_hp_per_floor":[74,67,44,44,44,57,57,65,65,73,72,75,72,44,66,39,66,36,36,0],"gold":18,"neow_bonus":"THREE_ENEMY_KILL","is_prod":false,"is_daily":false,"chose_seed":false,"campfire_upgraded":1,"win_rate":0,"timestamp":1547421673,"path_taken":["M","?","?","?","$","E","R","E","T","?","E","M","M","E","R","BOSS","M","$","M"],"build_version":"2019-01-10","purchased_purges":1,"victory":false,"max_hp_per_floor":[75,75,75,75,75,75,75,75,75,75,75,75,75,75,75,75,75,75,75,75],"card_choices":[{"not_picked":["Blood for Blood","Clash"],"picked":"Headbutt","floor":1},{"not_picked":["Headbutt","Carnage"],"picked":"Metallicize","floor":6},{"not_picked":["Combust","Heavy Blade","Thunderclap"],"picked":"SKIP","floor":8},{"not_picked":["Second Wind","Searing Blow","Heavy Blade"],"picked":"SKIP","floor":10},{"not_picked":["Flame Barrier","Flex"],"picked":"Dropkick","floor":11},{"not_picked":["True Grit","Inflame","Warcry"],"picked":"SKIP","floor":12},{"not_picked":["Second Wind","Rupture","Havoc"],"picked":"SKIP","floor":12},{"not_picked":["Clothesline","Perfected Strike"],"picked":"Clash","floor":13},{"not_picked":["Pommel Strike","Twin Strike","Metallicize"],"picked":"SKIP","floor":13},{"not_picked":["Cleave","Reckless Charge"],"picked":"Barricade","floor":14},{"not_picked":["Barricade","Brutality"],"picked":"Offering","floor":16},{"not_picked":["Flex","Havoc"],"picked":"True Grit","floor":18},{"not_picked":["Wild Strike","Heavy Blade"],"picked":"Body Slam","floor":18}],"player_experience":1174959,"relics_obtained":[{"floor":6,"key":"Blood Vial"},{"floor":8,"key":"Ornamental Fan"},{"floor":9,"key":"Matryoshka"},{"floor":11,"key":"Prayer Wheel"},{"floor":14,"key":"Bottled Tornado"}],"event_choices":[{"cards_removed":["Strike_R"],"damage_healed":0,"gold_gain":0,"player_choice":"Card Removal","damage_taken":7,"max_hp_gain":0,"max_hp_loss":0,"event_name":"Golden Wing","floor":2,"gold_loss":0},{"damage_healed":0,"gold_gain":0,"player_choice":"Entered Light","damage_taken":23,"max_hp_gain":0,"max_hp_loss":0,"event_name":"Shining Light","floor":3,"gold_loss":0,"cards_upgraded":["Defend_R","Strike_R"]},{"cards_removed":["Strike_R"],"damage_healed":0,"gold_gain":0,"player_choice":"Offered Basic","damage_taken":0,"max_hp_gain":0,"max_hp_loss":0,"event_name":"Bonfire Elementals","floor":4,"gold_loss":0}],"is_beta":false,"boss_relics":[{"not_picked":["Cursed Key","Lizard Tail"],"picked":"Empty Cage"}],"items_purged_floors":[5],"is_endless":false,"potions_floor_spawned":[1,8,10,13,16],"killed_by":"2 Thieves","ascension_level":15}