{"gold_per_floor":[109,124,143,143,155,155,185,185,259,259,259],"floor_reached":11,"playtime":586,"items_purged":[],"score":120,"play_id":"03d78ee2-da1c-4374-b841-56f7c671b3a7","local_time":"20190211193521","is_ascension_mode":true,"campfire_choices":[{"floor":6,"key":"REST"},{"floor":8,"key":"REST"}],"neow_cost":"NONE","seed_source_timestamp":2016642150667391,"circlet_count":0,"master_deck":["AscendersBane","Strike_B","Strike_B","Strike_B","Strike_B","Defend_B","Defend_B","Defend_B","Defend_B","Zap","Dualcast","Consume","Capacitor","Capacitor","Rebound","Ball Lightning","Barrage","Gash"],"relics":["Orrery","Torii","Cables","PreservedInsect"],"potions_floor_usage":[7,7,11],"damage_taken":[{"damage":8,"enemies":"Jaw Worm","floor":1,"turns":5},{"damage":18,"enemies":"2 Louse","floor":2,"turns":4},{"damage":25,"enemies":"Cultist","floor":3,"turns":5},{"damage":7,"enemies":"Looter","floor":5,"turns":4},{"damage":30,"enemies":"Lagavulin","floor":7,"turns":5},{"damage":22,"enemies":"3 Sentries","floor":11,"turns":5}],"seed_played":"3062160237385106768","potions_obtained":[{"floor":3,"key":"Weak Potion"},{"floor":5,"key":"Swift Potion"},{"floor":7,"key":"Energy Potion"}],"is_trial":false,"path_per_floor":["M","M","M","$","M","R","E","R","T","?","E"],"character_chosen":"DEFECT","items_purchased":[],"campfire_rested":2,"item_purchase_floors":[],"current_hp_per_floor":[60,42,17,17,10,32,2,24,24,17,0],"gold":259,"neow_bonus":"BOSS_RELIC","is_prod":false,"is_daily":false,"chose_seed":false,"campfire_upgraded":0,"win_rate":0,"timestamp":1549913721,"path_taken":["M","M","M","$","M","R","E","R","T","?","E"],"build_version":"2019-01-23","purchased_purges":0,"victory":false,"max_hp_per_floor":[75,75,75,75,75,75,75,75,75,75,75],"card_choices":[{"not_picked":["Stack","Heatsinks"],"picked":"Consume","floor":0},{"not_picked":["Chill","Aggregate"],"picked":"Capacitor","floor":0},{"not_picked":["Stack","Compile Driver"],"picked":"Capacitor","floor":1},{"not_picked":["Turbo","Capacitor"],"picked":"Rebound","floor":2},{"not_picked":["Go for the Eyes","Consume"],"picked":"Ball Lightning","floor":3},{"not_picked":["Fusion","Scrape"],"picked":"Barrage","floor":5},{"not_picked":["Chill","Redo"],"picked":"Gash","floor":7}],"player_experience":1324029,"relics_obtained":[{"floor":7,"key":"Torii"},{"floor":9,"key":"Cables"}],"event_choices":[{"damage_healed":0,"gold_gain":0,"player_choice":"Success","damage_taken":7,"relics_obtained":["PreservedInsect"],"max_hp_gain":0,"max_hp_loss":0,"event_name":"Scrap Ooze","floor":10,"gold_loss":0}],"is_beta":false,"boss_relics":[],"items_purged_floors":[],"is_endless":false,"potions_floor_spawned":[3,5,7],"killed_by":"3 Sentries","ascension_level":13}