{"gold_per_floor":[366,366,57,69,22,57,57,57,57,7,7,39,59,59,59,163,163,146,164,164,164],"floor_reached":21,"playtime":3004,"items_purged":["Defend_R"],"score":194,"play_id":"3f366cd8-9437-478b-8aaf-8f5b0d0b254b","local_time":"20190206121039","is_ascension_mode":true,"campfire_choices":[{"floor":11.0,"key":"REST"},{"floor":15.0,"key":"REST"}],"neow_cost":"PERCENT_DAMAGE","seed_source_timestamp":0,"circlet_count":0,"master_deck":["Strike_R","Strike_R","Strike_R","Strike_R","Strike_R","Defend_R","Defend_R","Bash","Shrug It Off","Bludgeon+1","Master of Strategy","Warcry+1","Shrug It Off","Headbutt","Armaments","Evolve","Impervious","Power Through","Cleave"],"special_seed":0,"relics":["Black Blood","Smiling Mask","Omamori"],"potions_floor_usage":[],"damage_taken":[{"damage":6.0,"enemies":"Jaw Worm","floor":1.0,"turns":3.0},{"damage":6.0,"enemies":"Cultist","floor":4.0,"turns":3.0},{"damage":29.0,"enemies":"Gremlin Nob","floor":6.0,"turns":5.0},{"damage":6.0,"enemies":"3 Sentries","floor":12.0,"turns":6.0},{"damage":0.0,"enemies":"Small Slimes","floor":13.0,"turns":2.0},{"damage":68.0,"enemies":"Slime Boss","floor":16.0,"turns":14.0},{"damage":18.0,"enemies":"2 Thieves","floor":18.0,"turns":4.0},{"damage":52.0,"enemies":"3 Byrds","floor":19.0,"turns":15.0},{"damage":31,"enemies":"3 Cultists","floor":21,"turns":5}],"seed_played":"-8740335460467227518","potions_obtained":[{"floor":4.0,"key":"SpeedPotion"},{"floor":6.0,"key":"LiquidBronze"},{"floor":13.0,"key":"SpeedPotion"},{"floor":16.0,"key":"EssenceOfSteel"}],"is_trial":false,"path_per_floor":["M","?","$","M","$","E","?","?","T","$","R","E","M","?","R","B",null,"M","M","?","M"],"character_chosen":"IRONCLAD","items_purchased":["Bludgeon","Master of Strategy","Shrug It Off"],"campfire_rested":2,"item_purchase_floors":[3,3,5],"current_hp_per_floor":[56,56,56,56,56,33,33,33,33,33,57,57,63,63,80,18,80,72,30,30,0],"gold":164,"neow_bonus":"TWO_FIFTY_GOLD","is_prod":false,"is_daily":false,"chose_seed":false,"campfire_upgraded":0,"win_rate":0,"timestamp":1549451439,"path_taken":["M","?","$","M","?","E","?","?","T","$","R","E","?","?","R","BOSS","M","?","?","M"],"build_version":"2019-01-23","purchased_purges":1,"victory":false,"max_hp_per_floor":[80,80,80,80,80,80,80,80,80,80,80,80,80,80,80,80,80,80,80,80,80],"card_choices":[{"not_picked":["Infernal Blade","Havoc"],"picked":"Shrug It Off","floor":1.0},{"not_picked":["Metallicize","Rampage"],"picked":"Warcry","floor":4.0},{"not_picked":["Brutality","Shrug It Off"],"picked":"Headbutt","floor":6.0},{"not_picked":["Spot Weakness","Twin Strike"],"picked":"Armaments","floor":12.0},{"not_picked":["Pummel","Iron Wave"],"picked":"Evolve","floor":13.0},{"not_picked":["Limit Break","Brutality"],"picked":"Impervious","floor":16.0},{"not_picked":["Armaments","Ghostly Armor"],"picked":"Power Through","floor":18.0},{"not_picked":["Bloodletting","Havoc"],"picked":"Cleave","floor":19.0}],"player_experience":168844,"relics_obtained":[{"floor":6.0,"key":"Smiling Mask"},{"floor":12.0,"key":"Omamori"}],"event_choices":[{"cards_removed":["Defend_R"],"damage_healed":0.0,"max_hp_gain":0.0,"max_hp_loss":0.0,"gold_gain":0.0,"event_name":"Bonfire Elementals","player_choice":"Offered Basic","floor":2.0,"gold_loss":0.0,"damage_taken":0.0},{"damage_healed":0.0,"max_hp_gain":0.0,"max_hp_loss":0.0,"gold_gain":0.0,"event_name":"Living Wall","player_choice":"Grow","floor":7.0,"gold_loss":0.0,"damage_taken":0.0,"cards_upgraded":["Bludgeon"]},{"damage_healed":0.0,"max_hp_gain":0.0,"max_hp_loss":0.0,"gold_gain":0.0,"event_name":"FaceTrader","player_choice":"Leave","floor":8.0,"gold_loss":0.0,"damage_taken":0.0},{"damage_healed":0.0,"max_hp_gain":0.0,"max_hp_loss":0.0,"gold_gain":0.0,"event_name":"Upgrade Shrine","player_choice":"Upgraded","floor":14.0,"gold_loss":0.0,"damage_taken":0.0,"cards_upgraded":["Warcry"]},{"damage_healed":0.0,"max_hp_gain":0.0,"max_hp_loss":0.0,"gold_gain":0.0,"event_name":"Wheel of Change","player_choice":"Cursed","floor":20.0,"gold_loss":0.0,"damage_taken":0.0,"cards_obtained":["Decay"]}],"is_beta":false,"boss_relics":[{"not_picked":["Lizard Tail","Cursed Key"],"picked":"Black Blood"}],"items_purged_floors":[10],"is_endless":false,"potions_floor_spawned":[4,6,13,16],"killed_by":"3 Cultists","ascension_level":1}