{"gold_per_floor":[116,136,211,228,8,8,42,42,42,42,42,68,80,98,98,98],"floor_reached":16,"playtime":2926,"items_purged":[],"score":116,"play_id":"e1da6f8e-a581-4af4-9ec5-3672ec6ae0b7","local_time":"20190206212602","is_ascension_mode":true,"campfire_choices":[{"floor":6,"key":"RECALL"},{"floor":8,"key":"REST"},{"data":"True Grit","floor":11,"key":"SMITH"},{"floor":15,"key":"REST"}],"neow_cost":"NONE","seed_source_timestamp":257396012034705,"circlet_count":0,"master_deck":["Strike_R","Strike_R","Strike_R","Strike_R","Defend_R","Defend_R","Defend_R","Defend_R","Bash","Flame Barrier","Warcry","True Grit+1","Corruption","Dark Embrace","Offering","Headbutt","Uppercut+1","Body Slam+1","True Grit"],"relics":["Burning Blood","Regal Pillow","Molten Egg 2"],"potions_floor_usage":[7,7,12,16],"damage_taken":[{"damage":0,"enemies":"2 Louse","floor":1,"turns":4},{"damage":0,"enemies":"Jaw Worm","floor":2,"turns":7},{"damage":0,"enemies":"Cultist","floor":4,"turns":5},{"damage":25,"enemies":"Gremlin Nob","floor":7,"turns":6},{"damage":27,"enemies":"3 Sentries","floor":12,"turns":12},{"damage":25,"enemies":"Gremlin Gang","floor":13,"turns":7},{"damage":3,"enemies":"Looter","floor":14,"turns":4},{"damage":82,"enemies":"Slime Boss","floor":16,"turns":17}],"seed_played":"8430958787219854779","potions_obtained":[{"floor":1,"key":"Weak Potion"},{"floor":2,"key":"EssenceOfSteel"},{"floor":7,"key":"PowerPotion"},{"floor":14,"key":"Fire Potion"}],"is_trial":false,"path_per_floor":["M","M","?","M","$","R","E","R","T","$","R","E","M","M","R","B"],"character_chosen":"IRONCLAD","items_purchased":["Dark Embrace","Offering"],"campfire_rested":2,"item_purchase_floors":[5,5],"current_hp_per_floor":[80,80,69,75,75,75,56,80,80,80,80,59,40,43,80,0],"gold":98,"neow_bonus":"TRANSFORM_CARD","is_prod":false,"is_daily":false,"chose_seed":false,"campfire_upgraded":1,"win_rate":0,"timestamp":1549484762,"path_taken":["M","M","?","M","$","R","E","R","T","?","R","E","M","?","R","BOSS"],"build_version":"2019-01-23","purchased_purges":0,"victory":false,"max_hp_per_floor":[80,80,80,80,80,80,80,80,80,80,80,80,80,80,80,80],"card_choices":[{"not_picked":["Entrench","Body Slam"],"picked":"Warcry","floor":1},{"not_picked":["Havoc","Power Through"],"picked":"True Grit","floor":2},{"not_picked":["Headbutt","Thunderclap"],"picked":"Corruption","floor":4},{"not_picked":["Wild Strike","Thunderclap"],"picked":"Headbutt","floor":7},{"not_picked":["Brutality","Fire Breathing"],"picked":"Uppercut","floor":12},{"not_picked":["Sword Boomerang+1","Blood for Blood+1"],"picked":"Body Slam+1","floor":13},{"not_picked":["Rupture","Body Slam+1"],"picked":"True Grit","floor":14}],"player_experience":193611,"relics_obtained":[{"floor":7,"key":"Regal Pillow"},{"floor":12,"key":"Molten Egg 2"}],"event_choices":[{"damage_healed":0,"gold_gain":75,"player_choice":"Gather Gold","damage_taken":11,"max_hp_gain":0,"max_hp_loss":0,"event_name":"World of Goop","floor":3,"gold_loss":0}],"is_beta":false,"boss_relics":[],"items_purged_floors":[],"is_endless":false,"potions_floor_spawned":[1,2,7,14],"killed_by":"Slime Boss","ascension_level":1}