{"path_per_floor":["M","?","$","M","?","E","M","?","T","?","E","M","?","$","R","B",null,"M","$","M","$","$","E","$","M","T","E","R","E","?","?","R","B",null,"M","$","?","M","M","R","M","E","T","$","M","R","M","M","R"],"character_chosen":"THE_SILENT","items_purchased":["Panache","Backstab","Well Laid Plans","Infinite Blades","Pen Nib","Footwork"],"gold_per_floor":[109,284,3,20,20,51,63,63,87,87,115,134,134,56,56,158,188,203,65,77,9,9,43,43,60,60,95,95,126,51,151,151,249,249,259,77,0,20,31,31,42,69,69,69,89,89,107,120,120],"floor_reached":50,"campfire_rested":3,"playtime":7541,"current_hp_per_floor":[70,70,70,70,70,48,48,41,41,41,25,21,21,21,57,12,75,70,70,70,70,70,41,41,40,40,33,33,28,28,28,28,23,75,66,66,66,60,48,48,44,22,22,22,4,41,41,26,63],"items_purged":["Doubt","Strike_G"],"gold":120,"score":512,"play_id":"4b37bc59-6aca-48fa-b3aa-a4d2ec457aca","is_prod":false,"is_daily":false,"is_ascension_mode":true,"campfire_upgraded":1,"path_taken":["M","?","$","M","?","E","M","?","T","?","E","M","?","$","R","BOSS","M","$","M","?","$","E","?","M","T","E","R","E","?","?","R","BOSS","M","$","?","M","M","R","M","E","T","?","M","R","M","M","R","BOSS"],"build_version":"2018-02-15-PROD1","purchased_purges":2,"victory":false,"master_deck":["Defend_G","Defend_G","Defend_G","Defend_G","Defend_G","Strike_G+1","Survivor","Neutralize","Sucker Punch+1","Panache","Flying Knee","Escape Plan","Dagger Throw+1","Flying Knee+1","Backstab+1","Backstab+1","Die Die Die+1","Quick Slash+1","Escape Plan","Well Laid Plans","Predator+1","Infinite Blades+1","Reflex+1","Acrobatics","Heel Hook+1","Footwork","Dagger Spray+1","Underhanded Strike+1","Prepared+1"],"max_hp_per_floor":[70,70,70,70,70,70,70,70,70,70,70,70,70,70,70,70,75,75,75,75,75,75,75,75,75,75,75,75,75,75,75,75,75,75,75,75,75,75,75,75,75,75,75,75,75,75,75,75,75],"relics":["Ring of the Snake","Molten Egg 2","Bag of Marbles","Regal Pillow","Juzu Bracelet","Dream Catcher","Tiny House","Toolbox","Shovel","Bronze Scales","Whetstone","Pantograph","Sozu","Pen Nib","Red Mask","Sundial","Centennial Puzzle","Frozen Eye"],"card_choices":[{"not_picked":["Poisoned Stab","Quick Slash"],"picked":"Sucker Punch"},{"not_picked":["Deadly Poison","Bane"],"picked":"Flying Knee"},{"not_picked":["Heel Hook","Terror"],"picked":"Escape Plan"},{"not_picked":["Bane","Acrobatics"],"picked":"Dagger Throw"},{"not_picked":["Outmaneuver","Expertise"],"picked":"Flying Knee"},{"not_picked":["Burst","Endless Agony"],"picked":"Backstab"},{"not_picked":["Venomology","Doppelganger"],"picked":"Die Die Die"},{"not_picked":["Poisoned Stab","Outmaneuver"],"picked":"Quick Slash"},{"not_picked":["Backflip","Masterful Stab"],"picked":"Escape Plan"},{"not_picked":["Slice","Bane"],"picked":"Predator"},{"not_picked":["PiercingWail","Corpse Explosion"],"picked":"Reflex"},{"not_picked":["Endless Agony","Sucker Punch"],"picked":"Acrobatics"},{"not_picked":["Catalyst","Flying Knee"],"picked":"Heel Hook"},{"not_picked":["Well Laid Plans","Sucker Punch"],"picked":"Dagger Spray"},{"not_picked":["Infinite Blades","Poisoned Stab"],"picked":"Underhanded Strike"},{"not_picked":["Flechettes","Endless Agony"],"picked":"Prepared"}],"player_experience":68022,"potions_floor_usage":[6,16,23,25,29,33,33],"damage_taken":[{"damage":0,"enemies":"Small Slimes","floor":1,"turns":6},{"damage":0,"enemies":"Cultist","floor":4,"turns":3},{"damage":22,"enemies":"3 Sentries","floor":6,"turns":10},{"damage":0,"enemies":"2 Louse","floor":7,"turns":2},{"damage":16,"enemies":"Gremlin Nob","floor":11,"turns":4},{"damage":4,"enemies":"Exordium Thugs","floor":12,"turns":4},{"damage":45,"enemies":"Slime Boss","floor":16,"turns":12},{"damage":5,"enemies":"Spheric Guardian","floor":18,"turns":3},{"damage":0,"enemies":"Chosen","floor":20,"turns":1},{"damage":29,"enemies":"Book of Stabbing","floor":23,"turns":4},{"damage":1,"enemies":"Snake Plant","floor":25,"turns":4},{"damage":7,"enemies":"Slavers","floor":27,"turns":3},{"damage":5,"enemies":"Book of Stabbing","floor":29,"turns":4},{"damage":30,"enemies":"Champ","floor":33,"turns":8},{"damage":9,"enemies":"3 Darklings","floor":35,"turns":3},{"damage":6,"enemies":"Orb Walker","floor":38,"turns":2},{"damage":12,"enemies":"3 Darklings","floor":39,"turns":3},{"damage":4,"enemies":"Maw","floor":41,"turns":6},{"damage":22,"enemies":"Giant Head","floor":42,"turns":6},{"damage":18,"enemies":"4 Shapes","floor":45,"turns":5},{"damage":0,"enemies":"3 Darklings","floor":47,"turns":2},{"damage":15,"enemies":"Maw","floor":48,"turns":5},{"damage":81,"enemies":"Time Eater","floor":50,"turns":7}],"event_choices":[{"event_name":"Liars Game","player_choice":"agreed","floor":2,"damage_taken":0},{"event_name":"Wheel of Change","player_choice":"Relic","floor":5,"damage_taken":0},{"event_name":"Scrap Ooze","player_choice":"success","floor":8,"damage_taken":7},{"event_name":"Living Wall","player_choice":"Forget","floor":10,"damage_taken":0},{"event_name":"Bonfire Elementals","player_choice":"BASIC","floor":13,"damage_taken":0},{"event_name":"Beggar","player_choice":"Gave Gold","floor":30,"damage_taken":0},{"event_name":"Golden Shrine","player_choice":"Pray","floor":31,"damage_taken":0},{"event_name":"Tomb of Lord Red Mask","player_choice":"Paid","floor":37,"damage_taken":0}],"boss_relics":[{"not_picked":["Calling Bell","Ectoplasm"],"picked":"Tiny House"},{"not_picked":["The Specimen","Lizard Tail"],"picked":"Sozu"}],"potions_floor_spawned":[1,6,12,18,25,27,29,33,42,47,48],"seed_played":"-8855692608180539456","killed_by":"Time Eater","ascension_level":1,"is_trial":false}