{"gold_per_floor":[113,113,133,9,9,40,40,69,69,87,116,116,116],"floor_reached":13,"playtime":669,"items_purged":["Strike_R"],"score":177,"play_id":"b3ad325c-4f7e-4670-8d87-1eccc55cf74b","local_time":"20190107212707","is_ascension_mode":true,"campfire_choices":[{"floor":7,"key":"REST"}],"neow_cost":"NONE","seed_source_timestamp":1638224372539850,"circlet_count":0,"master_deck":["AscendersBane","Strike_R","Strike_R","Strike_R","Defend_R","Defend_R","Defend_R","Defend_R","Bash","True Grit","Twin Strike","Cleave","Demon Form","Feel No Pain","Rampage","Feed"],"relics":["Burning Blood","PreservedInsect","Bag of Preparation","Girya","Art of War","Gremlin Horn","The Courier","Mango"],"potions_floor_usage":[8,13],"damage_taken":[{"damage":15,"enemies":"2 Louse","floor":1,"turns":3},{"damage":7,"enemies":"Jaw Worm","floor":3,"turns":4},{"damage":25,"enemies":"3 Sentries","floor":6,"turns":6},{"damage":25,"enemies":"Gremlin Nob","floor":8,"turns":4},{"damage":1,"enemies":"Cultist","floor":10,"turns":3},{"damage":18,"enemies":"3 Sentries","floor":11,"turns":5},{"damage":32,"enemies":"Gremlin Nob","floor":13,"turns":4}],"seed_played":"-3019400941119005015","potions_obtained":[{"floor":3,"key":"EssenceOfSteel"},{"floor":6,"key":"Strength Potion"}],"is_trial":false,"path_per_floor":["M","?","M","$","?","E","R","E","T","M","E","T","E"],"character_chosen":"IRONCLAD","items_purchased":["Cleave"],"campfire_rested":1,"item_purchase_floors":[4],"current_hp_per_floor":[59,48,47,47,40,21,43,24,24,29,17,31,0],"gold":116,"neow_bonus":"RANDOM_COMMON_RELIC","is_prod":false,"is_daily":false,"chose_seed":false,"campfire_upgraded":0,"win_rate":0,"timestamp":1546896427,"path_taken":["M","?","M","$","?","E","R","E","T","?","E","?","E"],"build_version":"2019-01-03v4","purchased_purges":1,"victory":false,"max_hp_per_floor":[75,75,75,75,75,75,75,75,75,75,75,89,89],"card_choices":[{"not_picked":["Flex","Anger"],"picked":"True Grit","floor":1},{"not_picked":["Clothesline","Warcry"],"picked":"Twin Strike","floor":3},{"not_picked":["Pommel Strike","Flame Barrier"],"picked":"Demon Form","floor":6},{"not_picked":["Bloodletting","Perfected Strike"],"picked":"Feel No Pain","floor":8},{"not_picked":["Armaments","Flex"],"picked":"Rampage","floor":10},{"not_picked":["True Grit","Sever Soul"],"picked":"Feed","floor":11}],"player_experience":1147174,"relics_obtained":[{"floor":6,"key":"Girya"},{"floor":8,"key":"Art of War"},{"floor":9,"key":"Gremlin Horn"},{"floor":11,"key":"The Courier"},{"floor":12,"key":"Mango"}],"event_choices":[{"damage_healed":0,"gold_gain":0,"player_choice":"Success","damage_taken":11,"relics_obtained":["Bag of Preparation"],"max_hp_gain":0,"max_hp_loss":0,"event_name":"Scrap Ooze","floor":2,"gold_loss":0},{"cards_removed":["Strike_R"],"damage_healed":0,"gold_gain":0,"player_choice":"Card Removal","damage_taken":7,"max_hp_gain":0,"max_hp_loss":0,"event_name":"Golden Wing","floor":5,"gold_loss":0}],"is_beta":false,"boss_relics":[],"items_purged_floors":[4],"is_endless":false,"potions_floor_spawned":[3,6],"killed_by":"Gremlin Nob","ascension_level":15}