{"gold_per_floor":[363,380,396,34,54,54,229,229,253,316,340,360,375,414,414,505,505,520,538,463,52,52,52,52,52,52,52,64,80,80,97,97,97],"floor_reached":33,"playtime":1714,"items_purged":["Regret"],"score":465,"play_id":"0f273c01-a37e-4b51-9d04-9976fef32c7e","local_time":"20181130000537","is_ascension_mode":true,"campfire_choices":[{"data":"Perfected Strike","floor":6,"key":"SMITH"},{"floor":15,"key":"REST"},{"floor":23,"key":"REST"},{"floor":25,"key":"REST"},{"floor":27,"key":"REST"},{"data":"Perfected Strike","floor":32,"key":"SMITH"}],"neow_cost":"CURSE","seed_source_timestamp":520676210389286,"circlet_count":0,"master_deck":["AscendersBane","Strike_R","Strike_R","Strike_R","Strike_R","Defend_R","Defend_R","Defend_R","Defend_R","Bash","Twin Strike","Cleave","True Grit","Perfected Strike+1","Wild Strike","Metallicize","True Grit","Trip","Twin Strike","Doubt","Spot Weakness","Battle Trance","Spot Weakness","Reaper","Shrug It Off","Twin Strike","Headbutt","Cleave","Shrug It Off","Apotheosis","Twin Strike","Impervious","Perfected Strike+1"],"relics":["Burning Blood","Bloody Idol","Vajra","Tiny Chest","Dodecahedron","Orrery","Bottled Lightning","Dream Catcher","Kunai"],"potions_floor_usage":[3,5,12,14,16,33,33],"damage_taken":[{"damage":9,"enemies":"2 Louse","floor":1,"turns":3},{"damage":15,"enemies":"Jaw Worm","floor":2,"turns":4},{"damage":2,"enemies":"Small Slimes","floor":3,"turns":3},{"damage":0,"enemies":"3 Louse","floor":5,"turns":3},{"damage":23,"enemies":"Gremlin Nob","floor":10,"turns":4},{"damage":0,"enemies":"Blue Slaver","floor":11,"turns":1},{"damage":12,"enemies":"Exordium Thugs","floor":12,"turns":3},{"damage":12,"enemies":"Exordium Wildlife","floor":13,"turns":3},{"damage":38,"enemies":"3 Sentries","floor":14,"turns":8},{"damage":21,"enemies":"The Guardian","floor":16,"turns":9},{"damage":33,"enemies":"2 Thieves","floor":18,"turns":3},{"damage":17,"enemies":"Spheric Guardian","floor":19,"turns":4},{"damage":13,"enemies":"Chosen and Byrds","floor":28,"turns":4},{"damage":18,"enemies":"Snake Plant","floor":29,"turns":3},{"damage":29,"enemies":"3 Cultists","floor":31,"turns":4},{"damage":91,"enemies":"Champ","floor":33,"turns":8}],"seed_played":"-9091710909596531776","potions_obtained":[{"floor":1,"key":"SkillPotion"},{"floor":3,"key":"SkillPotion"},{"floor":5,"key":"SkillPotion"},{"floor":13,"key":"SneckoOil"},{"floor":14,"key":"PowerPotion"},{"floor":29,"key":"FearPotion"},{"floor":31,"key":"Dexterity Potion"}],"is_trial":false,"path_per_floor":["M","M","M","$","M","R","?","?","T","E","M","M","M","E","R","B",null,"M","M","?","$","?","R","$","R","T","R","M","M","T","M","R","B"],"character_chosen":"IRONCLAD","items_purchased":["Perfected Strike","Wild Strike","Metallicize","True Grit","Trip","Apotheosis","Bottled Lightning"],"campfire_rested":4,"item_purchase_floors":[4,4,4,4,4,21,21],"current_hp_per_floor":[65,56,60,60,66,66,66,66,66,49,55,49,43,11,31,16,56,29,18,18,18,18,38,38,58,58,69,69,62,62,54,54,0],"gold":97,"neow_bonus":"TWO_FIFTY_GOLD","is_prod":false,"is_daily":false,"chose_seed":false,"campfire_upgraded":2,"win_rate":0,"timestamp":1543536337,"path_taken":["M","M","M","$","M","R","?","?","T","E","M","M","M","E","R","BOSS","M","M","?","$","?","R","$","R","T","R","M","M","?","M","R","BOSS"],"build_version":"2018-11-15","purchased_purges":1,"victory":false,"max_hp_per_floor":[75,75,75,75,75,75,75,69,69,69,69,69,69,69,69,69,69,69,69,69,69,69,69,69,69,69,69,69,69,69,69,69,69],"card_choices":[{"not_picked":["Pommel Strike","Heavy Blade"],"picked":"Twin Strike","floor":1},{"not_picked":["Heavy Blade","Burning Pact"],"picked":"Cleave","floor":2},{"not_picked":["Armaments","Clash"],"picked":"True Grit","floor":3},{"not_picked":["Anger","Brutality"],"picked":"Twin Strike","floor":5},{"not_picked":["Brutality","Warcry","Clash"],"picked":"SKIP","floor":10},{"not_picked":["Havoc","Clash"],"picked":"Spot Weakness","floor":11},{"not_picked":["Entrench","Rage"],"picked":"Battle Trance","floor":12},{"not_picked":["Battle Trance","Armaments"],"picked":"Spot Weakness","floor":13},{"not_picked":["Armaments","Heavy Blade","Havoc"],"picked":"SKIP","floor":14},{"not_picked":["Juggernaut","Offering"],"picked":"Reaper","floor":16},{"not_picked":["Blood for Blood","Body Slam"],"picked":"Shrug It Off","floor":17},{"not_picked":["Headbutt","Spot Weakness"],"picked":"Twin Strike","floor":17},{"not_picked":["Heavy Blade","Warcry"],"picked":"Headbutt","floor":17},{"not_picked":["Entrench","Sword Boomerang"],"picked":"Cleave","floor":17},{"not_picked":["Anger","Disarm","Infernal Blade"],"picked":"SKIP","floor":18},{"not_picked":["Battle Trance","Searing Blow+1"],"picked":"Shrug It Off","floor":19},{"not_picked":["Burning Pact","Clothesline+1"],"picked":"Twin Strike","floor":27},{"not_picked":["Spot Weakness+1","Dropkick","Disarm"],"picked":"SKIP","floor":28},{"not_picked":["Carnage","Rampage+1"],"picked":"Impervious","floor":29},{"not_picked":["Entrench","Clothesline"],"picked":"Perfected Strike","floor":31}],"player_experience":923330,"relics_obtained":[{"floor":9,"key":"Vajra"},{"floor":10,"key":"Tiny Chest"},{"floor":14,"key":"Dodecahedron"},{"floor":26,"key":"Dream Catcher"},{"floor":30,"key":"Kunai"}],"event_choices":[{"damage_healed":0,"gold_gain":175,"player_choice":"AGREE","damage_taken":0,"max_hp_gain":0,"max_hp_loss":0,"event_name":"Liars Game","floor":7,"gold_loss":0,"cards_obtained":["Doubt"]},{"damage_healed":0,"gold_gain":0,"player_choice":"Lose Max HP","damage_taken":0,"relics_obtained":["Golden Idol"],"max_hp_gain":0,"max_hp_loss":6,"event_name":"Golden Idol","floor":8,"gold_loss":0},{"cards_removed":["Strike_R"],"damage_healed":0,"gold_gain":0,"player_choice":"Gave Gold","damage_taken":0,"max_hp_gain":0,"max_hp_loss":0,"event_name":"Beggar","floor":20,"gold_loss":75},{"damage_healed":0,"gold_gain":0,"player_choice":"Gave Idol","damage_taken":0,"relics_obtained":["Bloody Idol"],"max_hp_gain":0,"max_hp_loss":0,"event_name":"Forgotten Altar","floor":22,"relics_lost":["Golden Idol"],"gold_loss":0}],"is_beta":false,"boss_relics":[{"not_picked":["Lizard Tail","Velvet Choker"],"picked":"Orrery"}],"items_purged_floors":[4],"is_endless":false,"potions_floor_spawned":[1,3,5,13,14,29,31],"killed_by":"Champ","ascension_level":14}