{"gold_per_floor":[111,127,142,317,317,317,242,242,242,255,285,285,285,285],"floor_reached":14,"playtime":1520,"items_purged":["Strike_B"],"score":110,"play_id":"1ecc838a-4dc2-4c35-a6fb-0737d325d08e","local_time":"20190210021531","is_ascension_mode":true,"campfire_choices":[{"data":"Rainbow","floor":6,"key":"SMITH"},{"data":"Dualcast","floor":8,"key":"SMITH"},{"floor":13,"key":"REST"}],"neow_cost":"NONE","seed_source_timestamp":535372003841504,"circlet_count":0,"master_deck":["Strike_B","Strike_B","Strike_B","Defend_B","Defend_B","Defend_B+1","Defend_B","Zap+1","Dualcast+1","Rainbow+1","BootSequence+1","Genetic Algorithm","Turbo+1","Doubt","Self Repair"],"relics":["Cracked Core","Singing Bowl","Dream Catcher","War Paint"],"potions_floor_usage":[10,14],"damage_taken":[{"damage":0,"enemies":"Cultist","floor":1,"turns":4},{"damage":0,"enemies":"2 Louse","floor":2,"turns":3},{"damage":1,"enemies":"Jaw Worm","floor":3,"turns":4},{"damage":0,"enemies":"Large Slime","floor":10,"turns":5},{"damage":34,"enemies":"3 Sentries","floor":11,"turns":10},{"damage":53,"enemies":"Gremlin Nob","floor":14,"turns":5}],"seed_played":"-5604269075405997602","potions_obtained":[{"floor":1,"key":"AttackPotion"},{"floor":10,"key":"Poison Potion"}],"is_trial":false,"path_per_floor":["M","M","M","?","?","R","$","R","T","M","E","?","R","E"],"character_chosen":"DEFECT","items_purchased":[],"campfire_rested":1,"item_purchase_floors":[],"current_hp_per_floor":[75,75,74,74,59,59,59,59,59,61,29,26,49,0],"gold":285,"neow_bonus":"ONE_RANDOM_RARE_CARD","is_prod":false,"is_daily":false,"chose_seed":false,"campfire_upgraded":2,"win_rate":0,"timestamp":1549761331,"path_taken":["M","?","M","?","?","R","$","R","T","M","E","?","R","E"],"build_version":"2019-01-23","purchased_purges":1,"victory":false,"max_hp_per_floor":[75,75,75,75,75,75,75,75,75,77,79,79,79,79],"card_choices":[{"not_picked":["Beam Cell","Steam"],"picked":"BootSequence","floor":1},{"not_picked":["Sunder","Self Repair"],"picked":"Genetic Algorithm","floor":2},{"not_picked":["Streamline","Barrage"],"picked":"Turbo","floor":3},{"not_picked":["Storm","Thunder Strike","Sweeping Beam"],"picked":"Singing Bowl","floor":10},{"not_picked":["Rebound","Undo","Beam Cell"],"picked":"Singing Bowl","floor":11},{"not_picked":["Cold Snap","Compile Driver"],"picked":"Self Repair","floor":13}],"player_experience":342000,"relics_obtained":[{"floor":9,"key":"Singing Bowl"},{"floor":11,"key":"Dream Catcher"}],"event_choices":[{"damage_healed":0,"gold_gain":175,"player_choice":"AGREE","damage_taken":0,"max_hp_gain":0,"max_hp_loss":0,"event_name":"Liars Game","floor":4,"gold_loss":0,"cards_obtained":["Doubt"]},{"damage_healed":0,"gold_gain":0,"player_choice":"Entered Light","damage_taken":15,"max_hp_gain":0,"max_hp_loss":0,"event_name":"Shining Light","floor":5,"gold_loss":0,"cards_upgraded":["Turbo","Zap"]},{"damage_healed":0,"gold_gain":0,"player_choice":"Success","damage_taken":3,"relics_obtained":["War Paint"],"max_hp_gain":0,"max_hp_loss":0,"event_name":"Scrap Ooze","floor":12,"gold_loss":0}],"is_beta":false,"boss_relics":[],"items_purged_floors":[7],"is_endless":false,"potions_floor_spawned":[1,10],"killed_by":"Gremlin Nob","ascension_level":5}