{"gold_per_floor":[113,128,140,215,233,233,245,260,310,320,349,46,221,236,236,341,341,341,341,85,85,10,10,10,10,10,10,10,10,10,10,10,10,10,10,10,10,10,10,10,10,10,10,10,10,0,0],"floor_reached":47,"playtime":3174,"items_purged":["Defend_R","Doubt"],"score":630,"play_id":"49302e44-1dc2-49bf-942c-9ffd88e64784","local_time":"20181116011811","is_ascension_mode":true,"campfire_choices":[{"data":"Thunderclap","floor":6,"key":"SMITH"},{"data":"Havoc","floor":15,"key":"SMITH"},{"data":"Armaments","floor":23,"key":"SMITH"},{"data":"Feed","floor":28,"key":"SMITH"},{"floor":32,"key":"REST"},{"floor":41,"key":"REST"},{"data":"Double Tap","floor":44,"key":"SMITH"}],"neow_cost":"NONE","seed_source_timestamp":80659608654966,"circlet_count":0,"master_deck":["Strike_R","Strike_R","Strike_R","Strike_R","Strike_R","Defend_R","Defend_R+1","Bash","Shrug It Off","Ghostly Armor+1","Headbutt","Thunderclap+1","Pommel Strike","Iron Wave","Iron Wave","Immolate","Armaments+1","Headbutt","Havoc+1","Feed+1","Perfected Strike+1","Power Through","Blood for Blood","Warcry","Reckless Charge+1","J.A.X.","Thunderclap","Double Tap+1","Sentinel+1","Good Instincts","Flash of Steel","Armaments","Burning Pact","Flame Barrier","Thunderclap+1","Headbutt+1","Perfected Strike"],"relics":["Burning Blood","Ancient Tea Set","Bronze Scales","Blood Vial","Ectoplasm","War Paint","Strawberry","Paper Frog","White Beast Statue","Dream Catcher","Pen Nib","Red Mask"],"potions_floor_usage":[10,11,16,18,19,25,25,33,38,39,39,45,45,47,47],"damage_taken":[{"damage":7,"enemies":"2 Louse","floor":1,"turns":3},{"damage":10,"enemies":"Small Slimes","floor":2,"turns":5},{"damage":2,"enemies":"Jaw Worm","floor":3,"turns":5},{"damage":1,"enemies":"Exordium Wildlife","floor":5,"turns":3},{"damage":8,"enemies":"3 Louse","floor":7,"turns":3},{"damage":7,"enemies":"Looter","floor":8,"turns":3},{"damage":7,"enemies":"Large Slime","floor":10,"turns":7},{"damage":36,"enemies":"Lagavulin","floor":11,"turns":7},{"damage":0,"enemies":"Blue Slaver","floor":14,"turns":4},{"damage":48,"enemies":"The Guardian","floor":16,"turns":11},{"damage":17,"enemies":"Spheric Guardian","floor":18,"turns":4},{"damage":0,"enemies":"Chosen","floor":19,"turns":3},{"damage":16,"enemies":"Snake Plant","floor":21,"turns":2},{"damage":7,"enemies":"Cultist and Chosen","floor":24,"turns":2},{"damage":1,"enemies":"Centurion and Healer","floor":25,"turns":4},{"damage":49,"enemies":"Slavers","floor":29,"turns":4},{"damage":22,"enemies":"Chosen and Byrds","floor":31,"turns":4},{"damage":83,"enemies":"Automaton","floor":33,"turns":7},{"damage":0,"enemies":"Orb Walker","floor":35,"turns":2},{"damage":23,"enemies":"3 Shapes","floor":37,"turns":3},{"damage":1,"enemies":"Spire Growth","floor":38,"turns":4},{"damage":56,"enemies":"Maw","floor":39,"turns":8},{"damage":75,"enemies":"Reptomancer","floor":40,"turns":6},{"damage":29,"enemies":"Sphere and 2 Shapes","floor":45,"turns":7},{"damage":68,"enemies":"Writhing Mass","floor":47,"turns":3}],"seed_played":"6706024395516705583","potions_obtained":[{"floor":3,"key":"SpeedPotion"},{"floor":5,"key":"Swift Potion"},{"floor":8,"key":"SkillPotion"},{"floor":10,"key":"Regen Potion"},{"floor":14,"key":"Poison Potion"},{"floor":16,"key":"SpeedPotion"},{"floor":18,"key":"Strength Potion"},{"floor":21,"key":"Regen Potion"},{"floor":24,"key":"Fire Potion"},{"floor":29,"key":"EssenceOfSteel"},{"floor":35,"key":"Regen Potion"},{"floor":37,"key":"Regen Potion"},{"floor":38,"key":"LiquidBronze"},{"floor":39,"key":"Regen Potion"},{"floor":40,"key":"SpeedPotion"},{"floor":45,"key":"Explosive Potion"}],"is_trial":false,"path_per_floor":["M","M","M","?","M","R","M","M","T","M","E","$","?","M","R","B",null,"M","M","$","M","?","R","M","M","T","?","R","E","?","M","R","B",null,"M","?","M","M","M","E","R","?","T","R","M","?","M"],"character_chosen":"IRONCLAD","items_purchased":["Blood Vial","Armaments","Headbutt","War Paint"],"campfire_rested":2,"item_purchase_floors":[12,12,12,20],"current_hp_per_floor":[87,83,87,76,81,81,79,78,78,77,62,62,62,70,70,30,88,80,88,88,83,83,83,87,97,104,104,104,67,67,57,91,31,115,115,105,90,97,94,27,61,61,61,61,59,59,0],"gold":0,"neow_bonus":"TEN_PERCENT_HP_BONUS","is_prod":false,"is_daily":false,"chose_seed":false,"campfire_upgraded":5,"win_rate":0,"timestamp":1542349091,"path_taken":["M","M","M","?","M","R","M","M","T","M","E","$","?","M","R","BOSS","M","M","$","M","?","R","M","M","T","?","R","E","?","M","R","BOSS","M","?","M","M","M","E","R","?","T","R","M","?","M"],"build_version":"2018-11-15","purchased_purges":2,"victory":false,"max_hp_per_floor":[88,88,88,88,88,88,88,88,88,88,88,88,88,88,88,88,88,91,91,91,94,94,94,97,100,107,107,107,111,111,115,115,115,115,115,115,115,115,115,115,115,115,115,115,119,119,119],"card_choices":[{"not_picked":["Headbutt","Warcry"],"picked":"Shrug It Off","floor":1},{"not_picked":["Uppercut","Clothesline"],"picked":"Ghostly Armor","floor":2},{"not_picked":["Corruption","Heavy Blade"],"picked":"Headbutt","floor":3},{"not_picked":["Battle Trance","Cleave"],"picked":"Thunderclap","floor":5},{"not_picked":["Rage","Flex"],"picked":"Pommel Strike","floor":7},{"not_picked":["Clash","Heavy Blade"],"picked":"Iron Wave","floor":8},{"not_picked":["Clothesline","Flame Barrier"],"picked":"Iron Wave","floor":10},{"not_picked":["Armaments","Sever Soul"],"picked":"Immolate","floor":11},{"not_picked":["Twin Strike","Burning Pact"],"picked":"Havoc","floor":14},{"not_picked":["Bludgeon","Demon Form"],"picked":"Feed","floor":16},{"not_picked":["Ghostly Armor","Flex+1"],"picked":"Perfected Strike+1","floor":18},{"not_picked":["Sentinel","Rampage"],"picked":"Power Through","floor":19},{"not_picked":["Clash","Cleave"],"picked":"Blood for Blood","floor":21},{"not_picked":["Body Slam","Pummel"],"picked":"Warcry","floor":24},{"not_picked":["Warcry","True Grit"],"picked":"Reckless Charge+1","floor":25},{"not_picked":["Clothesline","Carnage"],"picked":"Thunderclap","floor":29},{"not_picked":["Bludgeon","Body Slam","Sever Soul"],"picked":"SKIP","floor":31},{"not_picked":["Immolate","Barricade"],"picked":"Double Tap","floor":33},{"not_picked":["Cleave+1","Body Slam+1"],"picked":"Sentinel+1","floor":35},{"not_picked":["Dark Shackles","Forethought"],"picked":"Good Instincts","floor":36},{"not_picked":["Secret Weapon","Forethought"],"picked":"Flash of Steel","floor":36},{"not_picked":["Body Slam+1","Carnage"],"picked":"Armaments","floor":37},{"not_picked":["Headbutt","Clash+1"],"picked":"Burning Pact","floor":38},{"not_picked":["Carnage+1","Body Slam"],"picked":"Flame Barrier","floor":39},{"not_picked":["Anger+1","Pommel Strike"],"picked":"Thunderclap+1","floor":40},{"not_picked":["Demon Form","Rage"],"picked":"Headbutt+1","floor":41},{"not_picked":["Rampage+1","Twin Strike"],"picked":"Perfected Strike","floor":45}],"player_experience":268346,"relics_obtained":[{"floor":9,"key":"Ancient Tea Set"},{"floor":11,"key":"Bronze Scales"},{"floor":26,"key":"Strawberry"},{"floor":29,"key":"Paper Frog"},{"floor":40,"key":"Dream Catcher"},{"floor":43,"key":"Pen Nib"}],"event_choices":[{"damage_healed":0,"gold_gain":75,"player_choice":"Gather Gold","damage_taken":11,"max_hp_gain":0,"max_hp_loss":0,"event_name":"World of Goop","floor":4,"gold_loss":0},{"damage_healed":0,"gold_gain":175,"player_choice":"AGREE","damage_taken":0,"max_hp_gain":0,"max_hp_loss":0,"event_name":"Liars Game","floor":13,"gold_loss":0,"cards_obtained":["Doubt"]},{"cards_removed":["Defend_R"],"damage_healed":0,"gold_gain":0,"player_choice":"Gave Gold","damage_taken":0,"max_hp_gain":0,"max_hp_loss":0,"event_name":"Beggar","floor":22,"gold_loss":75},{"damage_healed":0,"gold_gain":0,"player_choice":"Obtain J.A.X.","damage_taken":0,"max_hp_gain":0,"max_hp_loss":0,"event_name":"Drug Dealer","floor":27,"gold_loss":0,"cards_obtained":["J.A.X."]},{"damage_healed":0,"gold_gain":0,"player_choice":"Ignored","damage_taken":0,"max_hp_gain":0,"max_hp_loss":0,"event_name":"The Mausoleum","floor":30,"gold_loss":0},{"damage_healed":0,"gold_gain":0,"player_choice":"Memory 3","damage_taken":10,"max_hp_gain":0,"max_hp_loss":0,"event_name":"SensoryStone","floor":36,"gold_loss":0},{"damage_healed":0,"gold_gain":0,"player_choice":"Ignored","damage_taken":0,"max_hp_gain":0,"max_hp_loss":0,"event_name":"Mysterious Sphere","floor":42,"gold_loss":0},{"damage_healed":0,"gold_gain":0,"player_choice":"Paid","damage_taken":0,"relics_obtained":["Red Mask"],"max_hp_gain":0,"max_hp_loss":0,"event_name":"Tomb of Lord Red Mask","floor":46,"gold_loss":10}],"is_beta":false,"boss_relics":[{"not_picked":["Empty Cage","Cursed Key"],"picked":"Ectoplasm"},{"not_picked":["Calling Bell","Black Blood"],"picked":"White Beast Statue"}],"items_purged_floors":[12,20],"is_endless":false,"potions_floor_spawned":[3,5,8,10,14,16,18,21,24,29,35,37,38,39,40,45],"killed_by":"Writhing Mass","ascension_level":3}