{"gold_per_floor":[116,130,130,130,147,147,173,187,187,187,207,222,222,238,238,334,334,334,334,334,65,65,65,65,65,65,65,65,65,65,65,65,65,65,65,65,65,65,65,65,65,65,65,65,65,65,65,65,65,65],"floor_reached":51,"playtime":2465,"items_purged":["Strike_B"],"score":1124,"play_id":"d8ab91e5-9061-460f-a0c4-0b8ddaa2edf1","local_time":"20181211190155","is_ascension_mode":true,"campfire_choices":[{"data":"Genetic Algorithm","floor":6,"key":"SMITH"},{"floor":10,"key":"REST"},{"data":"Loop","floor":13,"key":"SMITH"},{"data":"Biased Cognition","floor":15,"key":"SMITH"},{"data":"Hologram","floor":24,"key":"SMITH"},{"floor":32,"key":"REST"},{"data":"Chaos","floor":40,"key":"SMITH"},{"data":"Streamline","floor":42,"key":"SMITH"},{"floor":49,"key":"REST"}],"neow_cost":"NONE","seed_source_timestamp":220193815915321,"circlet_count":0,"master_deck":["Strike_B+1","Defend_B","Defend_B","Defend_B","Defend_B","Zap+1","Dualcast","Leap","Melter","Genetic Algorithm+1","Coolheaded+1","Loop+1","Sweeping Beam","Streamline+1","Biased Cognition+1","Core Surge+1","Hologram+1","Chaos+1","Self Repair+1","Machine Learning+1","Rebound+1","Sunder","Undo+1","Loop+1","Compile Driver","Self Repair+1","Echo Form+1","Conserve Battery+1","Hologram+1","Steam","Blizzard+1","Madness","Madness","Cold Snap+1","Darkness","Secret Technique","Finesse","Panacea","Stack+1"],"relics":["Cracked Core","Art of War","Mercury Hourglass","Ectoplasm","Bird Faced Urn","Frozen Egg 2","Dream Catcher","Du-Vu Doll","Letter Opener","Juzu Bracelet","Sozu","Darkstone Periapt","Whetstone","Oddly Smooth Stone"],"potions_floor_usage":[7,20,20,23,31,50],"damage_taken":[{"damage":0,"enemies":"Cultist","floor":1,"turns":4},{"damage":6,"enemies":"Small Slimes","floor":2,"turns":4},{"damage":4,"enemies":"2 Louse","floor":5,"turns":2},{"damage":21,"enemies":"3 Sentries","floor":7,"turns":7},{"damage":4,"enemies":"Large Slime","floor":8,"turns":6},{"damage":3,"enemies":"Looter","floor":11,"turns":3},{"damage":5,"enemies":"Gremlin Gang","floor":12,"turns":3},{"damage":0,"enemies":"3 Louse","floor":14,"turns":2},{"damage":7,"enemies":"Slime Boss","floor":16,"turns":8},{"damage":2,"enemies":"Shell Parasite","floor":18,"turns":5},{"damage":0,"enemies":"Spheric Guardian","floor":19,"turns":3},{"damage":21,"enemies":"Colosseum Slavers","floor":20,"turns":5},{"damage":33,"enemies":"Colosseum Nobs","floor":20,"turns":5},{"damage":0,"enemies":"Snecko","floor":22,"turns":5},{"damage":0,"enemies":"Gremlin Leader","floor":23,"turns":6},{"damage":9,"enemies":"Shelled Parasite and Fungi","floor":25,"turns":5},{"damage":1,"enemies":"3 Cultists","floor":27,"turns":5},{"damage":43,"enemies":"Book of Stabbing","floor":29,"turns":5},{"damage":4,"enemies":"Snecko","floor":31,"turns":5},{"damage":40,"enemies":"Champ","floor":33,"turns":8},{"damage":38,"enemies":"3 Darklings","floor":35,"turns":5},{"damage":43,"enemies":"3 Shapes","floor":36,"turns":3},{"damage":14,"enemies":"Maw","floor":37,"turns":7},{"damage":0,"enemies":"Sphere and 2 Shapes","floor":39,"turns":3},{"damage":59,"enemies":"Reptomancer","floor":41,"turns":8},{"damage":33,"enemies":"Giant Head","floor":45,"turns":8},{"damage":58,"enemies":"Donu and Deca","floor":50,"turns":7}],"seed_played":"-3652368356249644964","potions_obtained":[{"floor":2,"key":"PowerPotion"},{"floor":4,"key":"Energy Potion"},{"floor":4,"key":"Ancient Potion"},{"floor":8,"key":"Weak Potion"},{"floor":11,"key":"Block Potion"},{"floor":12,"key":"LiquidBronze"},{"floor":20,"key":"EssenceOfSteel"},{"floor":25,"key":"Fire Potion"},{"floor":29,"key":"SteroidPotion"}],"is_trial":false,"path_per_floor":["M","M","?","?","M","R","E","M","T","R","M","M","R","M","R","B",null,"M","M","?","$","M","E","R","M","T","M","?","E","?","M","R","B",null,"M","M","M","?","M","R","E","R","T","?","E","?","?","?","R","B",null],"character_chosen":"DEFECT","items_purchased":["Self Repair+1","Dream Catcher"],"campfire_rested":3,"item_purchase_floors":[21,21],"current_hp_per_floor":[68,62,55,55,51,51,30,26,26,48,45,40,40,40,40,33,65,63,63,9,9,25,43,43,52,52,69,69,46,32,48,72,64,76,80,59,80,80,80,80,53,53,53,43,60,60,50,50,74,54],"gold":65,"neow_bonus":"UPGRADE_CARD","is_prod":false,"is_daily":false,"chose_seed":false,"campfire_upgraded":6,"win_rate":0,"timestamp":1544572915,"path_taken":["M","?","?","?","M","R","E","M","T","R","M","M","R","?","R","BOSS","M","M","?","$","M","E","R","M","T","M","?","E","?","M","R","BOSS","M","M","M","?","M","R","E","R","T","?","E","?","?","?","R","BOSS"],"build_version":"2018-12-06","purchased_purges":1,"victory":true,"max_hp_per_floor":[75,75,75,75,75,75,75,75,75,75,75,75,75,75,75,75,75,75,75,75,75,75,75,75,75,75,75,75,75,80,80,80,80,80,80,80,80,80,80,80,80,80,80,80,80,80,80,80,80,80],"card_choices":[{"not_picked":["Compile Driver","Hello World"],"picked":"Leap","floor":1},{"not_picked":["Auto Shields","Heatsinks"],"picked":"Melter","floor":2},{"not_picked":["Double Energy","Lockon"],"picked":"Genetic Algorithm","floor":5},{"not_picked":["Chill","Go for the Eyes"],"picked":"Coolheaded","floor":7},{"not_picked":["Gash","Redo"],"picked":"Loop","floor":8},{"not_picked":["Redo","Reinforced Body"],"picked":"Sweeping Beam","floor":11},{"not_picked":["Stack","Turbo"],"picked":"Streamline","floor":12},{"not_picked":["Hologram","Steam Power"],"picked":"Biased Cognition","floor":14},{"not_picked":["Rainbow","Reboot"],"picked":"Core Surge","floor":16},{"not_picked":["Sweeping Beam","Hello World"],"picked":"Beam Cell+1","floor":18},{"not_picked":["Beam Cell","Stack"],"picked":"Hologram","floor":19},{"not_picked":["Compile Driver+1","FTL+1"],"picked":"Chaos","floor":20},{"not_picked":["Static Discharge+1","Stack"],"picked":"Machine Learning+1","floor":22},{"not_picked":["Chaos","Beam Cell"],"picked":"Rebound+1","floor":23},{"not_picked":["Gash","Fusion"],"picked":"Sunder","floor":25},{"not_picked":["Conserve Battery","Consume"],"picked":"Undo+1","floor":27},{"not_picked":["Steam Power","Coolheaded"],"picked":"Compile Driver","floor":29},{"not_picked":["Reprogram","Heatsinks+1"],"picked":"Self Repair+1","floor":31},{"not_picked":["Buffer+1","Amplify"],"picked":"Echo Form+1","floor":33},{"not_picked":["Undo+1","Rebound+1"],"picked":"Conserve Battery+1","floor":35},{"not_picked":["Darkness","Reprogram+1"],"picked":"Hologram+1","floor":36},{"not_picked":["Tempest","Sweeping Beam"],"picked":"Steam","floor":37},{"not_picked":["Stack+1","Rip and Tear+1","Undo+1"],"picked":"SKIP","floor":39},{"not_picked":["Melter+1","Barrage+1"],"picked":"Blizzard+1","floor":41},{"not_picked":["Reprogram","Ball Lightning"],"picked":"Cold Snap+1","floor":45},{"not_picked":["PanicButton","Enlightenment"],"picked":"Secret Technique","floor":47},{"not_picked":["Enlightenment","Discovery"],"picked":"Finesse","floor":47},{"not_picked":["HandOfGreed","Dramatic Entrance"],"picked":"Panacea","floor":47},{"not_picked":["Coolheaded","Beam Cell"],"picked":"Stack+1","floor":49}],"player_experience":379602,"relics_obtained":[{"floor":7,"key":"Art of War"},{"floor":9,"key":"Mercury Hourglass"},{"floor":20,"key":"Bird Faced Urn"},{"floor":20,"key":"Frozen Egg 2"},{"floor":23,"key":"Du-Vu Doll"},{"floor":26,"key":"Letter Opener"},{"floor":29,"key":"Juzu Bracelet"},{"floor":41,"key":"Darkstone Periapt"},{"floor":43,"key":"Whetstone"},{"floor":45,"key":"Oddly Smooth Stone"}],"event_choices":[{"cards_removed":["Strike_B"],"damage_healed":0,"gold_gain":0,"player_choice":"Card Removal","damage_taken":7,"max_hp_gain":0,"max_hp_loss":0,"event_name":"Golden Wing","floor":3,"gold_loss":0},{"damage_healed":0,"gold_gain":0,"player_choice":"Got Potions","damage_taken":0,"max_hp_gain":0,"max_hp_loss":0,"event_name":"Lab","floor":4,"gold_loss":0},{"damage_healed":0,"gold_gain":0,"player_choice":"Fight","damage_taken":0,"max_hp_gain":0,"max_hp_loss":0,"event_name":"Colosseum","floor":20,"gold_loss":0},{"damage_healed":0,"gold_gain":0,"player_choice":"Fought Nobs","damage_taken":0,"max_hp_gain":0,"max_hp_loss":0,"event_name":"Colosseum","floor":20,"gold_loss":0},{"damage_healed":0,"gold_gain":0,"player_choice":"Read","damage_taken":0,"max_hp_gain":0,"max_hp_loss":0,"event_name":"The Library","floor":28,"gold_loss":0,"cards_obtained":["Loop"]},{"damage_healed":0,"gold_gain":0,"player_choice":"Shed Blood","damage_taken":19,"max_hp_gain":5,"max_hp_loss":0,"event_name":"Forgotten Altar","floor":30,"gold_loss":0},{"damage_healed":0,"gold_gain":0,"player_choice":"Upgraded","damage_taken":0,"max_hp_gain":0,"max_hp_loss":0,"event_name":"Upgrade Shrine","floor":38,"gold_loss":0,"cards_upgraded":["Coolheaded"]},{"damage_healed":0,"gold_gain":0,"player_choice":"Embrace Madness","damage_taken":10,"max_hp_gain":0,"max_hp_loss":0,"event_name":"Winding Halls","floor":44,"gold_loss":0,"cards_obtained":["Madness","Madness"]},{"damage_healed":0,"gold_gain":0,"cards_transformed":["Strike_B"],"player_choice":"Transformed","damage_taken":0,"max_hp_gain":0,"max_hp_loss":0,"event_name":"Transmorgrifier","floor":46,"gold_loss":0,"cards_obtained":["Darkness"]},{"damage_healed":0,"gold_gain":0,"player_choice":"Memory 3","damage_taken":10,"max_hp_gain":0,"max_hp_loss":0,"event_name":"SensoryStone","floor":47,"gold_loss":0},{"cards_removed":["Beam Cell"],"damage_healed":0,"gold_gain":0,"player_choice":"Removed Attack","damage_taken":0,"max_hp_gain":0,"max_hp_loss":0,"event_name":"Falling","floor":48,"gold_loss":0}],"is_beta":false,"boss_relics":[{"not_picked":["Runic Pyramid","Lizard Tail"],"picked":"Ectoplasm"},{"not_picked":["Pandora\u0027s Box","Eternal Feather"],"picked":"Sozu"}],"items_purged_floors":[21],"is_endless":false,"potions_floor_spawned":[2,5,8,11,12,16,19,20,20,25,29,36,41,45],"ascension_level":8}