{"gold_per_floor":[112,187,197,30,30,30,30,30,30,41,59,71,71,120,120,223,223,237,162,12,31,50,50,63,63,63,80,94,94,94,119,119,218,218,237,1,0,10,21,21,40,40,66,66,34,45,60,72,72,72],"floor_reached":51,"playtime":11382,"items_purged":["Normality","Strike_B"],"score":736,"play_id":"d869204c-74fe-4bba-839c-cfdc5b47e87f","local_time":"20180917154227","is_ascension_mode":false,"campfire_choices":[{"data":"Zap","floor":6,"key":"SMITH"},{"data":"Sunder","floor":8,"key":"SMITH"},{"data":"Chaos","floor":13,"key":"SMITH"},{"data":"White Noise","floor":15,"key":"SMITH"},{"data":"Fission","floor":23,"key":"SMITH"},{"data":"Hologram","floor":25,"key":"SMITH"},{"data":"Defragment","floor":29,"key":"SMITH"},{"data":"Hologram","floor":32,"key":"SMITH"},{"data":"Discovery","floor":42,"key":"SMITH"},{"data":"Panacea","floor":44,"key":"SMITH"},{"floor":49,"key":"REST"}],"neow_cost":"CURSE","seed_source_timestamp":516557499473036,"circlet_count":0,"master_deck":["Strike_B","Defend_B","Defend_B+1","Defend_B","Defend_B","Zap+1","Dualcast","Ball Lightning","Sunder+1","Leap+1","Hologram+1","Lockon","Chaos+1","Glacier","White Noise+1","Fission+1","Coolheaded","Rebound+1","Conserve Battery+1","Coolheaded","Hologram+1","Defragment+1","Leap+1","Creative AI","Coolheaded+1","Discovery+1","Panacea+1","Loop","Conserve Battery+1"],"relics":["Cracked Core","Turnip","Cables","War Paint","Inserter","DataDisk","The Courier","Incense Burner","Busted Crown","Red Mask","Dream Catcher"],"potions_floor_usage":[31,33,50,50,50],"damage_taken":[{"damage":7,"enemies":"Small Slimes","floor":1,"turns":3},{"damage":1,"enemies":"Cultist","floor":3,"turns":3},{"damage":0,"enemies":"2 Louse","floor":10,"turns":2},{"damage":0,"enemies":"Lots of Slimes","floor":11,"turns":4},{"damage":0,"enemies":"Exordium Wildlife","floor":12,"turns":2},{"damage":26,"enemies":"Hexaghost","floor":16,"turns":8},{"damage":4,"enemies":"Spheric Guardian","floor":18,"turns":6},{"damage":5,"enemies":"2 Thieves","floor":21,"turns":2},{"damage":20,"enemies":"Snake Plant","floor":22,"turns":3},{"damage":2,"enemies":"Sentry and Sphere","floor":24,"turns":4},{"damage":0,"enemies":"Shelled Parasite and Fungi","floor":27,"turns":6},{"damage":0,"enemies":"Snecko","floor":28,"turns":5},{"damage":0,"enemies":"Book of Stabbing","floor":31,"turns":9},{"damage":0,"enemies":"Collector","floor":33,"turns":14},{"damage":0,"enemies":"Orb Walker","floor":35,"turns":3},{"damage":0,"enemies":"3 Shapes","floor":38,"turns":7},{"damage":3,"enemies":"Sphere and 2 Shapes","floor":39,"turns":5},{"damage":8,"enemies":"Transient","floor":41,"turns":5},{"damage":0,"enemies":"4 Shapes","floor":46,"turns":5},{"damage":6,"enemies":"Sphere and 2 Shapes","floor":47,"turns":5},{"damage":0,"enemies":"Spire Growth","floor":48,"turns":8},{"damage":0,"enemies":"Donu and Deca","floor":50,"turns":10}],"seed_played":"3146329514049653304","potions_obtained":[{"floor":3,"key":"Block Potion"},{"floor":11,"key":"FearPotion"},{"floor":12,"key":"SteroidPotion"},{"floor":27,"key":"Regen Potion"},{"floor":28,"key":"PowerPotion"},{"floor":35,"key":"SkillPotion"},{"floor":48,"key":"Explosive Potion"}],"is_trial":false,"path_per_floor":["M","?","M","$","?","R","$","R","T","M","M","M","R","T","R","B",null,"M","?","$","M","M","R","M","R","T","M","M","R","?","E","R","B",null,"M","$","?","M","M","?","M","R","T","R","$","M","M","M","R","B"],"character_chosen":"DEFECT","items_purchased":["Leap","Hologram","DataDisk","Discovery","Panacea","Loop"],"campfire_rested":1,"item_purchase_floors":[4,4,20,36,36,45],"current_hp_per_floor":[68,57,56,56,56,56,56,56,56,56,56,56,56,56,56,30,75,71,71,71,66,46,46,44,44,44,44,44,44,44,59,59,59,75,75,75,75,75,72,71,63,63,63,63,63,63,57,57,71,71],"gold":72,"neow_bonus":"ONE_RARE_RELIC","is_prod":false,"is_daily":false,"chose_seed":false,"campfire_upgraded":10,"win_rate":0,"timestamp":1537213347,"path_taken":["M","?","M","?","?","R","$","R","T","M","M","M","R","?","R","BOSS","M","?","?","M","?","R","M","R","T","M","M","R","?","E","R","BOSS","M","$","?","M","?","?","M","R","T","R","$","?","M","M","R","BOSS"],"build_version":"2018-09-06","purchased_purges":2,"victory":true,"max_hp_per_floor":[75,75,75,75,75,75,75,75,75,75,75,75,75,75,75,75,75,75,75,75,75,75,75,75,75,75,75,75,75,75,75,75,75,75,75,75,75,75,75,71,71,71,71,71,71,71,71,71,71,71],"card_choices":[{"not_picked":["Redo","Conserve Battery"],"picked":"Ball Lightning","floor":1},{"not_picked":["Streamline","Go for the Eyes"],"picked":"Sunder","floor":3},{"not_picked":["Streamline","Recycle"],"picked":"Chaos","floor":10},{"not_picked":["Cold Snap","Steam Power"],"picked":"Glacier","floor":11},{"not_picked":["Coolheaded","Go for the Eyes"],"picked":"White Noise","floor":12},{"not_picked":["Buffer","Machine Learning"],"picked":"Fission","floor":16},{"not_picked":["Sweeping Beam+1","Rip and Tear"],"picked":"Coolheaded","floor":18},{"not_picked":["Sweeping Beam","Redo"],"picked":"Rebound+1","floor":21},{"not_picked":["Capacitor","Seek"],"picked":"Conserve Battery+1","floor":22},{"not_picked":["Doom and Gloom","Hologram"],"picked":"Coolheaded","floor":24},{"not_picked":["Sweeping Beam","Go for the Eyes"],"picked":"Hologram","floor":27},{"not_picked":["BootSequence","Self Repair+1"],"picked":"Defragment","floor":28},{"not_picked":["Biased Cognition","Reinforced Body"],"picked":"Leap+1","floor":31},{"not_picked":["Amplify","Machine Learning"],"picked":"Creative AI","floor":33},{"not_picked":[],"picked":"Coolheaded+1","floor":35},{"not_picked":["Reprogram"],"picked":"SKIP","floor":38},{"not_picked":["Steam"],"picked":"SKIP","floor":39},{"not_picked":["Recycle"],"picked":"SKIP","floor":41},{"not_picked":["Self Repair+1"],"picked":"SKIP","floor":46},{"not_picked":[],"picked":"Conserve Battery+1","floor":47},{"not_picked":["Sunder+1"],"picked":"SKIP","floor":48}],"player_experience":2766580,"relics_obtained":[{"floor":9,"key":"Cables"},{"floor":14,"key":"War Paint"},{"floor":26,"key":"The Courier"},{"floor":31,"key":"Incense Burner"},{"floor":43,"key":"Dream Catcher"}],"event_choices":[{"event_name":"World of Goop","player_choice":"Gather Gold","floor":2,"damage_taken":0},{"event_name":"Transmorgrifier","player_choice":"Transform","floor":5,"damage_taken":0},{"event_name":"Beggar","player_choice":"Gave Gold","floor":19,"damage_taken":0},{"event_name":"The Mausoleum","player_choice":"No","floor":30,"damage_taken":0},{"event_name":"Tomb of Lord Red Mask","player_choice":"Paid","floor":37,"damage_taken":0},{"event_name":"Winding Halls","player_choice":"Max HP","floor":40,"damage_taken":0}],"is_beta":false,"boss_relics":[{"not_picked":["Snecko Eye","Black Star"],"picked":"Inserter"},{"not_picked":["Philosopher\u0027s Stone","White Beast Statue"],"picked":"Busted Crown"}],"items_purged_floors":[4,36],"is_endless":false,"potions_floor_spawned":[3,11,12,21,22,27,28,35,48],"ascension_level":0}