{"gold_per_floor":[113,113,113,126,126,126,51,51,51,63,92,43,43,53,53,155,155,174,174,174,188,198,198,48,48,48,48,48,48,48,62,62,160,160,180,0,100,114,114,114,149,149,173,189,208,218,235,247,247,247],"floor_reached":51,"playtime":2596,"items_purged":["Defend_R"],"score":863,"play_id":"f0833d38-fdd8-4832-af79-00554b29d84d","local_time":"20190127223556","is_ascension_mode":true,"campfire_choices":[{"data":"Bash","floor":6,"key":"SMITH"},{"data":"Pummel","floor":8,"key":"SMITH"},{"data":"Shrug It Off","floor":13,"key":"SMITH"},{"floor":15,"key":"REST"},{"data":"Intimidate","floor":23,"key":"SMITH"},{"data":"Disarm","floor":27,"key":"SMITH"},{"data":"Flex","floor":30,"key":"SMITH"},{"floor":32,"key":"RECALL"},{"data":"Demon Form","floor":40,"key":"SMITH"},{"data":"Berserk","floor":42,"key":"SMITH"},{"data":"Immolate","floor":49,"key":"SMITH"}],"neow_cost":"PERCENT_DAMAGE","seed_source_timestamp":32617738698097,"circlet_count":0,"master_deck":["Strike_R","Strike_R","Defend_R","Defend_R","Bash+1","Pummel+1","Heavy Blade+1","Whirlwind+1","Evolve","Shrug It Off+1","Demon Form+1","Flex+1","Intimidate+1","Disarm+1","Necronomicurse","Seeing Red+1","Immolate+1","Battle Trance+1","Warcry+1","Burning Pact+1","Berserk+1"],"relics":["Black Blood","Oddly Smooth Stone","Anchor","Sozu","Pantograph","Bag of Preparation","Toxic Egg 2","Necronomicon","Red Mask","Turnip","Bag of Marbles"],"potions_floor_usage":[16,33],"damage_taken":[{"damage":10,"enemies":"Small Slimes","floor":1,"turns":3},{"damage":0,"enemies":"Cultist","floor":4,"turns":2},{"damage":6,"enemies":"Jaw Worm","floor":10,"turns":2},{"damage":28,"enemies":"Gremlin Nob","floor":11,"turns":4},{"damage":10,"enemies":"Exordium Thugs","floor":14,"turns":4},{"damage":26,"enemies":"Slime Boss","floor":16,"turns":10},{"damage":0,"enemies":"Chosen","floor":18,"turns":3},{"damage":0,"enemies":"3 Byrds","floor":21,"turns":3},{"damage":14,"enemies":"Centurion and Healer","floor":22,"turns":4},{"damage":0,"enemies":"Sentry and Sphere","floor":31,"turns":1},{"damage":22,"enemies":"Champ","floor":33,"turns":7},{"damage":8,"enemies":"3 Shapes","floor":35,"turns":2},{"damage":12,"enemies":"Mind Bloom Boss Battle","floor":37,"turns":5},{"damage":0,"enemies":"Orb Walker","floor":38,"turns":3},{"damage":18,"enemies":"Nemesis","floor":41,"turns":4},{"damage":0,"enemies":"3 Darklings","floor":44,"turns":1},{"damage":5,"enemies":"Maw","floor":45,"turns":5},{"damage":0,"enemies":"Jaw Worm Horde","floor":46,"turns":1},{"damage":14,"enemies":"Spire Growth","floor":47,"turns":3},{"damage":8,"enemies":"Sphere and 2 Shapes","floor":48,"turns":3},{"damage":40,"enemies":"Donu and Deca","floor":50,"turns":5}],"seed_played":"-1382324401918656289","potions_obtained":[{"floor":1,"key":"LiquidBronze"},{"floor":10,"key":"Energy Potion"}],"is_trial":false,"path_per_floor":["M","?","?","M","?","R","$","R","T","M","E","$","R","M","R","B",null,"M","T","?","M","M","R","$","?","T","R","?","?","R","M","R","B",null,"M","?","?","M","?","R","E","R","T","M","M","M","M","M","R","B",null],"character_chosen":"IRONCLAD","items_purchased":["Shrug It Off","Bag of Preparation"],"campfire_rested":1,"item_purchase_floors":[12,24],"current_hp_per_floor":[52,52,52,58,58,58,58,58,58,58,36,36,36,32,56,36,80,80,80,80,80,72,72,72,72,72,72,72,56,56,62,62,64,80,80,80,78,80,80,80,72,72,72,80,80,80,76,78,78,50],"gold":247,"neow_bonus":"TRANSFORM_TWO_CARDS","is_prod":false,"is_daily":false,"chose_seed":false,"campfire_upgraded":9,"win_rate":0,"timestamp":1548596156,"path_taken":["M","?","?","?","?","R","?","R","T","M","E","$","R","?","R","BOSS","M","?","?","?","M","R","?","?","T","R","?","?","R","M","R","BOSS","M","?","?","M","?","R","E","R","T","M","M","M","M","M","R","BOSS"],"build_version":"2019-01-23","purchased_purges":1,"victory":true,"max_hp_per_floor":[80,80,80,80,80,80,80,80,80,80,80,80,80,80,80,80,80,80,80,80,80,80,80,80,80,80,80,80,80,80,80,80,80,80,80,80,80,80,80,80,80,80,80,80,80,80,80,80,80,80],"card_choices":[{"not_picked":["Uppercut","Body Slam"],"picked":"Whirlwind","floor":1},{"not_picked":["Twin Strike","Havoc","Wild Strike"],"picked":"SKIP","floor":4},{"not_picked":["Perfected Strike","Rage","Second Wind"],"picked":"SKIP","floor":10},{"not_picked":["Barricade","Body Slam"],"picked":"Evolve","floor":11},{"not_picked":["Shrug It Off","Clothesline","Clash"],"picked":"SKIP","floor":14},{"not_picked":["Barricade","Berserk"],"picked":"Demon Form","floor":16},{"not_picked":["Dropkick","Warcry","Feel No Pain+1"],"picked":"SKIP","floor":18},{"not_picked":["Havoc","Wild Strike"],"picked":"Flex","floor":21},{"not_picked":["Sword Boomerang+1","Carnage"],"picked":"Intimidate","floor":22},{"not_picked":["Perfected Strike","Twin Strike"],"picked":"Seeing Red+1","floor":31},{"not_picked":["Berserk","Bludgeon"],"picked":"Immolate","floor":33},{"not_picked":["Intimidate+1","Shrug It Off+1"],"picked":"Battle Trance+1","floor":35},{"not_picked":["Anger+1","Havoc+1"],"picked":"Warcry+1","floor":37},{"not_picked":["Sword Boomerang","Iron Wave"],"picked":"Burning Pact+1","floor":38},{"not_picked":["Intimidate+1","Anger","Cleave"],"picked":"SKIP","floor":41},{"not_picked":["Wild Strike","Inflame+1","Shockwave+1"],"picked":"SKIP","floor":44},{"not_picked":["Rampage","Thunderclap+1","Twin Strike"],"picked":"SKIP","floor":45},{"not_picked":["Bloodletting+1","Burning Pact+1","Sentinel+1"],"picked":"SKIP","floor":46},{"not_picked":["Entrench+1","Iron Wave+1","Feed"],"picked":"SKIP","floor":47},{"not_picked":["Feel No Pain+1","True Grit+1","Clash+1"],"picked":"SKIP","floor":48}],"player_experience":101311,"relics_obtained":[{"floor":9,"key":"Oddly Smooth Stone"},{"floor":11,"key":"Anchor"},{"floor":19,"key":"Pantograph"},{"floor":26,"key":"Toxic Egg 2"},{"floor":29,"key":"Necronomicon"},{"floor":37,"key":"Turnip"},{"floor":41,"key":"Bag of Marbles"}],"event_choices":[{"damage_healed":0,"gold_gain":0,"player_choice":"Ignored","damage_taken":0,"max_hp_gain":0,"max_hp_loss":0,"event_name":"Liars Game","floor":2,"gold_loss":0},{"damage_healed":0,"gold_gain":0,"player_choice":"Upgraded","damage_taken":0,"max_hp_gain":0,"max_hp_loss":0,"event_name":"Upgrade Shrine","floor":3,"gold_loss":0,"cards_upgraded":["Whirlwind"]},{"cards_removed":["Defend_R"],"damage_healed":0,"gold_gain":0,"player_choice":"Card Removal","damage_taken":0,"max_hp_gain":0,"max_hp_loss":0,"event_name":"Wheel of Change","floor":5,"gold_loss":0},{"damage_healed":0,"gold_gain":0,"player_choice":"Forge","damage_taken":0,"max_hp_gain":0,"max_hp_loss":0,"event_name":"Accursed Blacksmith","floor":20,"gold_loss":0,"cards_upgraded":["Heavy Blade"]},{"damage_healed":0,"gold_gain":0,"player_choice":"Read","damage_taken":0,"max_hp_gain":0,"max_hp_loss":0,"event_name":"The Library","floor":25,"gold_loss":0,"cards_obtained":["Disarm"]},{"damage_healed":0,"gold_gain":0,"player_choice":"Ignored","damage_taken":0,"max_hp_gain":0,"max_hp_loss":0,"event_name":"Vampires","floor":28,"gold_loss":0},{"damage_healed":0,"gold_gain":0,"player_choice":"Obtained Book","damage_taken":16,"max_hp_gain":0,"max_hp_loss":0,"event_name":"Cursed Tome","floor":29,"gold_loss":0},{"damage_healed":0,"gold_gain":0,"player_choice":"Paid","damage_taken":0,"relics_obtained":["Red Mask"],"max_hp_gain":0,"max_hp_loss":0,"event_name":"Tomb of Lord Red Mask","floor":36,"gold_loss":180},{"damage_healed":0,"gold_gain":0,"player_choice":"Fight","damage_taken":0,"max_hp_gain":0,"max_hp_loss":0,"event_name":"MindBloom","floor":37,"gold_loss":0},{"damage_healed":0,"gold_gain":0,"cards_transformed":["Strike_R"],"player_choice":"Transformed","damage_taken":0,"max_hp_gain":0,"max_hp_loss":0,"event_name":"Transmorgrifier","floor":39,"gold_loss":0,"cards_obtained":["Berserk"]}],"is_beta":false,"boss_relics":[{"not_picked":["White Beast Statue","Busted Crown"],"picked":"Sozu"},{"not_picked":["Velvet Choker","Philosopher\u0027s Stone"],"picked":"Black Blood"}],"items_purged_floors":[7],"is_endless":false,"potions_floor_spawned":[1,10,31,37,46],"ascension_level":2}