{"gold_per_floor":[18,36,56,70,87,115,134,164,164,195,213,224,224,236,236,339,339,358,374,385,402,176,209,209,241,294,312,312,344,344,344,344,439,439,449,461,157,257,273,305,305,305,305,0,28,28,60,60,60,60],"floor_reached":51,"playtime":3603,"items_purged":["Strike_R","Clumsy"],"score":1224,"play_id":"8cde55b7-7073-4603-8c7e-4520e439f884","local_time":"20190119181024","is_ascension_mode":true,"campfire_choices":[{"data":"Bludgeon","floor":13,"key":"SMITH"},{"floor":15,"key":"REST"},{"floor":24,"key":"REST"},{"floor":30,"key":"REST"},{"floor":32,"key":"REST"},{"floor":41,"key":"REST"},{"floor":46,"key":"REST"},{"floor":49,"key":"REST"}],"neow_cost":"NO_GOLD","seed_source_timestamp":74410102438172,"circlet_count":0,"master_deck":["Strike_R","Strike_R","Strike_R+1","Strike_R","Defend_R","Defend_R","Defend_R","Defend_R","Bash","Twin Strike","Cleave","Sever Soul","Shrug It Off","Battle Trance","Bludgeon+1","Carnage","Shrug It Off","Fiend Fire","Immolate+1","Disarm","Shockwave","Headbutt+1","Sentinel","Evolve","Demon Form+1","Twin Strike","Offering","True Grit+1","Feel No Pain","Rage","Clothesline","Clumsy","Juggernaut"],"relics":["Burning Blood","Pocketwatch","Blue Candle","Ancient Tea Set","Self Forming Clay","Vajra","Fusion Hammer","Bag of Preparation","Paper Frog","Bronze Scales","Tiny Chest","Potion Belt","Cursed Key","PreservedInsect","FossilizedHelix","Nunchaku","Meat on the Bone","Juzu Bracelet","Whetstone","Oddly Smooth Stone","Pear"],"potions_floor_usage":[18,40,50,50,50,50],"damage_taken":[{"damage":5,"enemies":"Small Slimes","floor":1,"turns":4},{"damage":6,"enemies":"2 Louse","floor":2,"turns":3},{"damage":0,"enemies":"Cultist","floor":3,"turns":2},{"damage":11,"enemies":"Blue Slaver","floor":4,"turns":3},{"damage":12,"enemies":"Exordium Wildlife","floor":5,"turns":3},{"damage":20,"enemies":"Gremlin Nob","floor":6,"turns":4},{"damage":11,"enemies":"Looter","floor":7,"turns":2},{"damage":14,"enemies":"3 Sentries","floor":8,"turns":6},{"damage":29,"enemies":"Lagavulin","floor":10,"turns":6},{"damage":6,"enemies":"3 Louse","floor":11,"turns":2},{"damage":0,"enemies":"Large Slime","floor":12,"turns":3},{"damage":1,"enemies":"Red Slaver","floor":14,"turns":2},{"damage":0,"enemies":"Slime Boss","floor":16,"turns":6},{"damage":11,"enemies":"2 Thieves","floor":18,"turns":2},{"damage":9,"enemies":"Shell Parasite","floor":19,"turns":4},{"damage":8,"enemies":"Centurion and Healer","floor":20,"turns":3},{"damage":14,"enemies":"Cultist and Chosen","floor":21,"turns":4},{"damage":0,"enemies":"Gremlin Leader","floor":23,"turns":3},{"damage":8,"enemies":"Slavers","floor":25,"turns":3},{"damage":0,"enemies":"Sentry and Sphere","floor":27,"turns":2},{"damage":20,"enemies":"Book of Stabbing","floor":29,"turns":2},{"damage":30,"enemies":"Collector","floor":33,"turns":6},{"damage":10,"enemies":"3 Darklings","floor":35,"turns":3},{"damage":8,"enemies":"3 Shapes","floor":36,"turns":3},{"damage":6,"enemies":"Mind Bloom Boss Battle","floor":38,"turns":3},{"damage":8,"enemies":"Sphere and 2 Shapes","floor":39,"turns":5},{"damage":2,"enemies":"Nemesis","floor":40,"turns":5},{"damage":31,"enemies":"Giant Head","floor":45,"turns":6},{"damage":21,"enemies":"Nemesis","floor":47,"turns":5},{"damage":51,"enemies":"Awakened One","floor":50,"turns":8}],"seed_played":"-1121534520788424143","potions_obtained":[{"floor":3,"key":"GamblersBrew"},{"floor":5,"key":"Dexterity Potion"},{"floor":6,"key":"Ancient Potion"},{"floor":19,"key":"SteroidPotion"},{"floor":29,"key":"SkillPotion"},{"floor":38,"key":"Regen Potion"},{"floor":45,"key":"PowerPotion"}],"is_trial":false,"path_per_floor":["M","M","M","M","M","E","M","E","T","E","M","M","R","M","R","B",null,"M","M","M","M","$","E","R","E","T","M","?","E","R","?","R","B",null,"M","M","$","?","M","E","R","T","T","$","E","R","E","?","R","B",null],"character_chosen":"IRONCLAD","items_purchased":["Bag of Preparation","Feel No Pain","PreservedInsect","Rage","Whetstone","Strength Potion"],"campfire_rested":7,"item_purchase_floors":[22,37,37,37,44,44],"current_hp_per_floor":[73,73,79,74,68,54,49,41,41,18,18,24,24,29,53,59,75,70,67,65,57,57,63,80,78,78,80,80,66,80,80,80,56,74,70,68,68,68,66,70,80,80,80,80,55,79,74,74,90,57],"gold":60,"neow_bonus":"ONE_RARE_RELIC","is_prod":false,"is_daily":false,"chose_seed":false,"campfire_upgraded":1,"win_rate":0,"timestamp":1547943024,"path_taken":["M","M","M","M","M","E","M","E","T","E","M","M","R","M","R","BOSS","M","M","M","M","$","E","R","E","T","M","?","E","R","?","R","BOSS","M","?","$","?","M","E","R","?","T","$","E","R","E","?","R","BOSS"],"build_version":"2019-01-17v2","purchased_purges":2,"victory":true,"max_hp_per_floor":[80,80,80,80,80,80,80,80,80,80,80,80,80,80,80,80,80,80,80,80,80,80,80,80,80,80,80,80,80,80,80,80,80,80,80,80,80,80,80,80,80,80,80,80,80,80,90,90,90,90],"card_choices":[{"not_picked":["True Grit","Thunderclap"],"picked":"Twin Strike","floor":1},{"not_picked":["Warcry","Havoc"],"picked":"Cleave","floor":2},{"not_picked":["Intimidate","Searing Blow"],"picked":"Sever Soul","floor":3},{"not_picked":["Pommel Strike","Sever Soul"],"picked":"Shrug It Off","floor":4},{"not_picked":["Havoc","Burning Pact"],"picked":"Battle Trance","floor":5},{"not_picked":["Bloodletting","Sever Soul"],"picked":"Bludgeon","floor":6},{"not_picked":["Body Slam","Battle Trance"],"picked":"Carnage","floor":7},{"not_picked":["Ghostly Armor","Battle Trance"],"picked":"Shrug It Off","floor":8},{"not_picked":["Twin Strike","Combust"],"picked":"Fiend Fire","floor":10},{"not_picked":["Body Slam","Anger","Cleave"],"picked":"SKIP","floor":11},{"not_picked":["Carnage","Infernal Blade","Sword Boomerang"],"picked":"SKIP","floor":12},{"not_picked":["Cleave","Hemokinesis","Clash"],"picked":"SKIP","floor":14},{"not_picked":["Berserk","Dark Embrace"],"picked":"Immolate","floor":16},{"not_picked":["Rupture+1","Power Through"],"picked":"Disarm","floor":18},{"not_picked":["Armaments","Iron Wave"],"picked":"Shockwave","floor":19},{"not_picked":["Burning Pact","Spot Weakness"],"picked":"Headbutt+1","floor":20},{"not_picked":["Thunderclap","Shrug It Off"],"picked":"Sentinel","floor":21},{"not_picked":["Iron Wave","Combust","Rupture"],"picked":"SKIP","floor":23},{"not_picked":["Thunderclap","Body Slam"],"picked":"Evolve","floor":25},{"not_picked":["Body Slam","Burning Pact+1","Dropkick"],"picked":"SKIP","floor":27},{"not_picked":["Havoc","Body Slam"],"picked":"Twin Strike","floor":29},{"not_picked":["Demon Form","Feed"],"picked":"Offering","floor":33},{"not_picked":["Clothesline+1","Twin Strike+1"],"picked":"True Grit+1","floor":35},{"not_picked":["Metallicize","Perfected Strike+1","Pommel Strike"],"picked":"SKIP","floor":36},{"not_picked":["Pummel","Bloodletting"],"picked":"Battle Trance+1","floor":39},{"not_picked":["Inflame+1","Shrug It Off"],"picked":"Clothesline","floor":40},{"not_picked":["Hemokinesis","Battle Trance+1"],"picked":"Juggernaut","floor":45},{"not_picked":["Thunderclap+1","Berserk","Sword Boomerang+1"],"picked":"SKIP","floor":47}],"player_experience":183805,"relics_obtained":[{"floor":6,"key":"Blue Candle"},{"floor":8,"key":"Ancient Tea Set"},{"floor":9,"key":"Self Forming Clay"},{"floor":10,"key":"Vajra"},{"floor":23,"key":"Paper Frog"},{"floor":25,"key":"Bronze Scales"},{"floor":26,"key":"Tiny Chest"},{"floor":29,"key":"Potion Belt"},{"floor":38,"key":"FossilizedHelix"},{"floor":40,"key":"Nunchaku"},{"floor":42,"key":"Meat on the Bone"},{"floor":43,"key":"Juzu Bracelet"},{"floor":45,"key":"Oddly Smooth Stone"},{"floor":47,"key":"Pear"}],"event_choices":[{"damage_healed":0,"gold_gain":0,"player_choice":"Read","damage_taken":0,"max_hp_gain":0,"max_hp_loss":0,"event_name":"The Library","floor":28,"gold_loss":0,"cards_obtained":["Demon Form"]},{"damage_healed":0,"gold_gain":0,"player_choice":"Upgraded","damage_taken":0,"max_hp_gain":0,"max_hp_loss":0,"event_name":"Upgrade Shrine","floor":31,"gold_loss":0,"cards_upgraded":["Demon Form"]},{"damage_healed":0,"gold_gain":0,"player_choice":"Fight","damage_taken":0,"max_hp_gain":0,"max_hp_loss":0,"event_name":"MindBloom","floor":38,"gold_loss":0},{"cards_removed":["Battle Trance"],"damage_healed":0,"gold_gain":0,"player_choice":"Removed Skill","damage_taken":0,"max_hp_gain":0,"max_hp_loss":0,"event_name":"Falling","floor":48,"gold_loss":0}],"is_beta":false,"boss_relics":[{"not_picked":["Runic Pyramid","Lizard Tail"],"picked":"Fusion Hammer"},{"not_picked":["Philosopher\u0027s Stone","White Beast Statue"],"picked":"Cursed Key"}],"items_purged_floors":[22,44],"is_endless":false,"potions_floor_spawned":[3,5,6,7,12,16,19,21,23,29,38,45,47],"ascension_level":9}