{"gold_per_floor":[360,376,228,244,244,244,271,271,297,326,338,338,338,362,362,458,458,481,524,537,73,73],"floor_reached":22,"playtime":1575,"items_purged":["Strike_B","Clumsy"],"score":361,"play_id":"de5ea1f3-67a6-4c3d-a3ea-03824ee09c43","local_time":"20190118102825","is_ascension_mode":true,"campfire_choices":[{"data":"Hologram","floor":6,"key":"SMITH"},{"data":"Streamline","floor":8,"key":"SMITH"},{"data":"Glacier","floor":13,"key":"SMITH"},{"data":"Leap","floor":15,"key":"SMITH"}],"neow_cost":"CURSE","seed_source_timestamp":776135177603547,"circlet_count":0,"master_deck":["AscendersBane","Strike_B","Strike_B","Strike_B","Defend_B","Defend_B","Defend_B","Defend_B","Zap","Dualcast","Compile Driver","Beam Cell","Streamline+1","Leap+1","Hologram+1","Glacier+1","Undo","Electrodynamics","Coolheaded","Creative AI","Storm"],"relics":["Cracked Core","Art of War","Bag of Preparation","Singing Bowl","Golden Idol","Runic Pyramid","Red Mask","Turnip"],"potions_floor_usage":[10,19],"damage_taken":[{"damage":11,"enemies":"Jaw Worm","floor":1,"turns":4},{"damage":0,"enemies":"Small Slimes","floor":2,"turns":3},{"damage":1,"enemies":"2 Louse","floor":4,"turns":2},{"damage":17,"enemies":"3 Sentries","floor":7,"turns":9},{"damage":0,"enemies":"Gremlin Nob","floor":10,"turns":3},{"damage":3,"enemies":"Blue Slaver","floor":11,"turns":2},{"damage":0,"enemies":"Exordium Wildlife","floor":14,"turns":2},{"damage":26,"enemies":"Hexaghost","floor":16,"turns":12},{"damage":23,"enemies":"2 Thieves","floor":18,"turns":3},{"damage":32,"enemies":"Masked Bandits","floor":19,"turns":4},{"damage":0,"enemies":"Chosen","floor":20,"turns":5},{"damage":22,"enemies":"Snecko","floor":22,"turns":4}],"seed_played":"-3167574268667381181","potions_obtained":[{"floor":2,"key":"Poison Potion"},{"floor":7,"key":"PowerPotion"},{"floor":16,"key":"Fire Potion"},{"floor":20,"key":"Strength Potion"}],"is_trial":false,"path_per_floor":["M","M","$","M","?","R","E","R","T","E","M","?","R","M","R","B",null,"M","?","M","$","M"],"character_chosen":"DEFECT","items_purchased":["Streamline","Leap","Turnip","Storm"],"campfire_rested":0,"item_purchase_floors":[3,3,21,21],"current_hp_per_floor":[57,57,57,56,56,56,39,39,39,41,38,38,38,38,38,12,56,35,3,3,3,0],"gold":73,"neow_bonus":"TWO_FIFTY_GOLD","is_prod":false,"is_daily":false,"chose_seed":false,"campfire_upgraded":4,"win_rate":0,"timestamp":1547807305,"path_taken":["M","M","$","M","?","R","E","R","T","E","M","?","R","M","R","BOSS","M","?","M","$","M"],"build_version":"2019-01-17","purchased_purges":2,"victory":false,"max_hp_per_floor":[75,75,75,75,75,75,75,75,75,77,77,71,71,71,71,71,71,73,73,73,73,73],"card_choices":[{"not_picked":["Chill","Force Field"],"picked":"Compile Driver","floor":1},{"not_picked":["Conserve Battery","Compile Driver"],"picked":"Beam Cell","floor":2},{"not_picked":["Turbo","Thunder Strike"],"picked":"Hologram","floor":4},{"not_picked":["Recycle","Chaos","Double Energy"],"picked":"SKIP","floor":7},{"not_picked":["BootSequence","Streamline","Hello World"],"picked":"Singing Bowl","floor":10},{"not_picked":["Conserve Battery","BootSequence"],"picked":"Glacier","floor":11},{"not_picked":["Redo","Capacitor"],"picked":"Undo","floor":14},{"not_picked":["Amplify","Biased Cognition"],"picked":"Electrodynamics","floor":16},{"not_picked":["Aggregate","Reprogram","Conserve Battery"],"picked":"Singing Bowl","floor":18},{"not_picked":["Rebound","Sweeping Beam"],"picked":"Coolheaded","floor":19},{"not_picked":["Glacier+1","Melter"],"picked":"Creative AI","floor":20}],"player_experience":1202756,"relics_obtained":[{"floor":7,"key":"Art of War"},{"floor":9,"key":"Bag of Preparation"},{"floor":10,"key":"Singing Bowl"},{"floor":19,"key":"Red Mask"}],"event_choices":[{"damage_healed":0,"gold_gain":0,"player_choice":"Ignored","damage_taken":0,"max_hp_gain":0,"max_hp_loss":0,"event_name":"Liars Game","floor":5,"gold_loss":0},{"damage_healed":0,"gold_gain":0,"player_choice":"Lose Max HP","damage_taken":0,"relics_obtained":["Golden Idol"],"max_hp_gain":0,"max_hp_loss":6,"event_name":"Golden Idol","floor":12,"gold_loss":0},{"damage_healed":0,"gold_gain":0,"player_choice":"Fought Bandits","damage_taken":0,"max_hp_gain":0,"max_hp_loss":0,"event_name":"Masked Bandits","floor":19,"gold_loss":0}],"is_beta":false,"boss_relics":[{"not_picked":["Runic Dome","Black Star"],"picked":"Runic Pyramid"}],"items_purged_floors":[3,21],"is_endless":false,"potions_floor_spawned":[2,7,16,20],"killed_by":"Snecko","ascension_level":13}