{"gold_per_floor":[19,32,43,54,65,90,90,40,63,78,111,111,111,111,111,111],"floor_reached":16,"playtime":1408,"items_purged":[],"score":123,"play_id":"78ed9d8e-58b9-4697-b110-d608f60da996","local_time":"20190210193218","is_ascension_mode":true,"campfire_choices":[{"floor":7.0,"key":"REST"},{"floor":15.0,"key":"REST"}],"neow_cost":"NO_GOLD","seed_source_timestamp":597276396984140,"circlet_count":0,"master_deck":["Strike_R","Strike_R","Defend_R","Defend_R","Defend_R","Bash","Wild Strike","Seeing Red","Feel No Pain","Headbutt","Feed","Shrug It Off","Corruption"],"special_seed":0,"relics":["Burning Blood","Bottled Flame","Strawberry","Golden Idol","Omamori"],"potions_floor_usage":[],"damage_taken":[{"damage":1.0,"enemies":"Cultist","floor":1.0,"turns":4.0},{"damage":2.0,"enemies":"2 Louse","floor":2.0,"turns":2.0},{"damage":0.0,"enemies":"Small Slimes","floor":3.0,"turns":2.0},{"damage":10.0,"enemies":"3 Louse","floor":4.0,"turns":4.0},{"damage":19.0,"enemies":"Blue Slaver","floor":5.0,"turns":4.0},{"damage":27.0,"enemies":"Gremlin Nob","floor":6.0,"turns":5.0},{"damage":11.0,"enemies":"Red Slaver","floor":10.0,"turns":2.0},{"damage":9.0,"enemies":"Lagavulin","floor":11.0,"turns":6.0},{"damage":51,"enemies":"Hexaghost","floor":16,"turns":9}],"seed_played":"-6283024842638181842","potions_obtained":[{"floor":2.0,"key":"Dexterity Potion"},{"floor":5.0,"key":"Poison Potion"},{"floor":10.0,"key":"Poison Potion"}],"is_trial":false,"path_per_floor":["M","M","M","M","M","E","R","?","T","M","E","?","?","?","R","B"],"character_chosen":"IRONCLAD","items_purchased":[],"campfire_rested":2,"item_purchase_floors":[],"current_hp_per_floor":[80,80,80,76,63,42,66,66,66,64,71,71,48,23,50,0],"gold":111,"neow_bonus":"REMOVE_TWO","is_prod":false,"is_daily":false,"chose_seed":false,"campfire_upgraded":0,"win_rate":0,"timestamp":1549823538,"path_taken":["M","?","?","M","M","E","R","?","T","M","E","?","?","?","R","BOSS"],"build_version":"2019-01-23","purchased_purges":0,"victory":false,"max_hp_per_floor":[80,80,80,80,80,80,80,80,80,83,93,93,93,93,93,93],"card_choices":[{"not_picked":["Clash","Clothesline"],"picked":"Wild Strike","floor":1.0},{"not_picked":["Wild Strike","Armaments"],"picked":"Seeing Red","floor":2.0},{"not_picked":["Headbutt","Warcry"],"picked":"Feel No Pain","floor":3.0},{"not_picked":["Headbutt","Berserk","Bloodletting"],"picked":"SKIP","floor":4.0},{"not_picked":["Berserk","Bloodletting"],"picked":"Headbutt","floor":4.0},{"not_picked":["Second Wind","Sentinel","Body Slam"],"picked":"SKIP","floor":5.0},{"not_picked":["Rampage","Clash"],"picked":"Feed","floor":6.0},{"not_picked":["Thunderclap","Twin Strike"],"picked":"Shrug It Off","floor":10.0},{"not_picked":["Dropkick","Heavy Blade"],"picked":"Corruption","floor":11.0}],"player_experience":366051,"relics_obtained":[{"floor":6.0,"key":"Bottled Flame"},{"floor":11.0,"key":"Strawberry"}],"event_choices":[{"cards_removed":["Strike_R"],"damage_healed":0.0,"max_hp_gain":0.0,"max_hp_loss":0.0,"gold_gain":0.0,"event_name":"The Cleric","player_choice":"Card Removal","floor":8.0,"gold_loss":50.0,"damage_taken":0.0},{"cards_removed":["Strike_R"],"damage_healed":0.0,"max_hp_gain":0.0,"max_hp_loss":0.0,"gold_gain":0.0,"event_name":"Living Wall","player_choice":"Forget","floor":12.0,"gold_loss":0.0,"damage_taken":0.0},{"damage_healed":0.0,"max_hp_gain":0.0,"max_hp_loss":0.0,"gold_gain":0.0,"event_name":"Golden Idol","player_choice":"Take Damage","floor":13.0,"gold_loss":0.0,"damage_taken":23.0,"relics_obtained":["Golden Idol"]},{"damage_healed":0.0,"max_hp_gain":0.0,"max_hp_loss":0.0,"gold_gain":0.0,"event_name":"Scrap Ooze","player_choice":"Success","floor":14.0,"gold_loss":0.0,"damage_taken":25.0,"relics_obtained":["Omamori"]}],"is_beta":false,"boss_relics":[],"items_purged_floors":[],"is_endless":false,"potions_floor_spawned":[2,5,10],"killed_by":"Hexaghost","ascension_level":2}