{"path_per_floor":["M","M","?","$","M","E","$","R","T","M","M","R","$","M","R","B",null,"M","?","M","?","M","R","E","M","T","E","M","M","R","M","R","B",null,"M","?","T","M","?","?","$","R","T"],"character_chosen":"THE_SILENT","items_purchased":["Noxious Fumes","Sadistic Nature"],"gold_per_floor":[13,32,32,32,43,77,77,77,102,116,135,135,60,71,71,173,173,188,288,298,223,241,241,272,285,339,369,380,396,396,412,412,510,510,520,520,543,559,559,559,180,180,206],"floor_reached":44,"campfire_rested":2,"playtime":8513,"current_hp_per_floor":[70,70,67,67,67,23,23,23,23,23,23,23,23,23,23,21,70,49,49,49,49,39,39,29,25,25,4,3,3,24,20,41,27,70,51,41,41,37,37,37,37,37,37],"items_purged":["Defend_G","Strike_G"],"gold":206,"play_id":"91b93869-cb28-493a-97ec-8b5c62f710ef","is_prod":false,"is_daily":false,"is_ascension_mode":false,"campfire_upgraded":5,"path_taken":["M","?","?","?","M","E","?","R","T","M","M","R","$","M","R","BOSS","M","?","?","?","M","R","E","M","T","E","M","M","R","M","R","BOSS","M","?","?","M","?","?","$","R","T","E"],"build_version":"2018-02-01-PROD3","purchased_purges":2,"victory":false,"master_deck":["Defend_G","Defend_G+1","Defend_G","Strike_G","Survivor+1","Neutralize","Quick Slash","Prepared+1","Bane","Leg Sweep+1","Bouncing Flask+1","Tools of the Trade","Escape Plan","Reflex+1","Bane","Escape Plan+1","Poisoned Stab","Blur+1","Die Die Die","Madness","Madness","Noxious Fumes+1","Sadistic Nature"],"max_hp_per_floor":[70,70,70,70,70,70,70,70,70,70,70,70,70,70,70,70,70,70,70,70,70,70,70,70,70,70,70,70,70,70,70,70,70,70,70,70,70,70,70,70,70,70,70],"relics":["Ring of the Snake","War Paint","Dream Catcher","Lantern","Sozu","Orichalcum","Ancient Tea Set","Gremlin Horn","Black Star","Juzu Bracelet","Regal Pillow"],"card_choices":[{"not_picked":["Deadly Poison","Choke"],"picked":"Quick Slash"},{"not_picked":["Eviscerate","Acrobatics"],"picked":"Prepared"},{"not_picked":["Poisoned Stab","Sucker Punch"],"picked":"Bane"},{"not_picked":["Sucker Punch","Deflect"],"picked":"Leg Sweep"},{"not_picked":["Quick Slash","Bullet Time"],"picked":"Bouncing Flask"},{"not_picked":["Night Terror","Unload"],"picked":"Tools of the Trade"},{"not_picked":["Endless Agony","Underhanded Strike"],"picked":"Escape Plan"},{"not_picked":["Sucker Punch","Leg Sweep"],"picked":"Reflex"},{"not_picked":["Blur","Backstab"],"picked":"Bane"},{"not_picked":["Quick Slash","Prepared"],"picked":"Escape Plan"},{"not_picked":["Deadly Poison","Flechettes"],"picked":"Poisoned Stab"},{"not_picked":["Poisoned Stab","Dagger Throw"],"picked":"Blur"},{"not_picked":["Tools of the Trade","Night Terror"],"picked":"Die Die Die"}],"player_experience":44872,"potions_floor_usage":[16],"damage_taken":[{"damage":0,"enemies":"Blue Slaver","floor":1,"turns":8},{"damage":0,"enemies":"2 Louse","floor":2,"turns":3},{"damage":0,"enemies":"Small Slimes","floor":5,"turns":4},{"damage":44,"enemies":"Gremlin Nob","floor":6,"turns":7},{"damage":0,"enemies":"2 Fungi Beasts","floor":10,"turns":4},{"damage":0,"enemies":"Red Slaver","floor":11,"turns":3},{"damage":0,"enemies":"Exordium Thugs","floor":14,"turns":6},{"damage":2,"enemies":"The Guardian","floor":16,"turns":8},{"damage":21,"enemies":"2 Thieves","floor":18,"turns":5},{"damage":0,"enemies":"Spheric Guardian","floor":20,"turns":5},{"damage":10,"enemies":"Centurion and Healer","floor":22,"turns":5},{"damage":10,"enemies":"Book of Stabbing","floor":24,"turns":7},{"damage":4,"enemies":"Snake Plant","floor":25,"turns":3},{"damage":21,"enemies":"Slavers","floor":27,"turns":7},{"damage":1,"enemies":"3 Cultists","floor":28,"turns":6},{"damage":0,"enemies":"Slaver and Parasite","floor":29,"turns":8},{"damage":4,"enemies":"Sentry and Sphere","floor":31,"turns":5},{"damage":14,"enemies":"Collector","floor":33,"turns":12},{"damage":19,"enemies":"3 Darklings","floor":35,"turns":6},{"damage":4,"enemies":"3 Shapes","floor":38,"turns":4},{"damage":47,"enemies":"2 Orb Walkers","floor":44,"turns":4}],"event_choices":[{"event_name":"Scrap Ooze","player_choice":"success","floor":3,"damage_taken":3},{"event_name":"Golden Shrine","player_choice":"Pray","floor":19,"damage_taken":0},{"event_name":"Beggar","player_choice":"Gave Gold","floor":21,"damage_taken":0},{"event_name":"Winding Halls","player_choice":"Embrace Madness","floor":36,"damage_taken":0},{"event_name":"Tomb of Lord Red Mask","player_choice":"Ignored","floor":40,"damage_taken":0}],"boss_relics":[{"not_picked":["Tiny House","Runic Pyramid"],"picked":"Sozu"},{"not_picked":["Question Card","Snecko Eye"],"picked":"Black Star"}],"potions_floor_spawned":[2,5,11,16,20,24,28,29,31],"seed_played":"-3054650580781990848","killed_by":"2 Orb Walkers","ascension_level":0,"is_trial":false}