{"gold_per_floor":[118,118,43,43,54,82,92,92,117,133,133,166,181,81,81,179,179,192,205,220,145,100,100,15,15,39,39,39,56,56,70,70,70],"floor_reached":33,"playtime":2806,"items_purged":["Decay","Strike_G"],"score":383,"play_id":"7e8fc3c6-31b7-42d7-bc46-de5dbea00ae7","local_time":"20181205113830","is_ascension_mode":true,"campfire_choices":[{"floor":8,"key":"REST"},{"floor":15,"key":"REST"},{"floor":23,"key":"REST"},{"floor":32,"key":"RECALL"}],"neow_cost":"CURSE","seed_source_timestamp":388785918886862,"circlet_count":0,"master_deck":["AscendersBane","Defend_G","Defend_G","Defend_G","Defend_G","Defend_G","Strike_G+1","Survivor","Neutralize+1","Accuracy","Sucker Punch","Bouncing Flask","Neutralize","Deadly Poison","Dagger Throw","Quick Slash","All Out Attack","Riddle With Holes","Predator","Adrenaline","PiercingWail+1","Blade Dance","Blade Dance","Caltrops"],"relics":["Ring of the Snake","Orichalcum","Vajra","Ninja Scroll","WristBlade","Tingsha","Nilry\u0027s Codex"],"potions_floor_usage":[13,16,19,20,33],"damage_taken":[{"damage":2,"enemies":"Small Slimes","floor":1,"turns":5},{"damage":4,"enemies":"Jaw Worm","floor":5,"turns":4},{"damage":10,"enemies":"Gremlin Nob","floor":6,"turns":4},{"damage":0,"enemies":"Cultist","floor":7,"turns":3},{"damage":7,"enemies":"Blue Slaver","floor":10,"turns":4},{"damage":26,"enemies":"3 Sentries","floor":12,"turns":7},{"damage":0,"enemies":"Lots of Slimes","floor":13,"turns":2},{"damage":16,"enemies":"Hexaghost","floor":16,"turns":9},{"damage":0,"enemies":"Spheric Guardian","floor":18,"turns":1},{"damage":0,"enemies":"3 Byrds","floor":19,"turns":3},{"damage":20,"enemies":"Shelled Parasite and Fungi","floor":20,"turns":5},{"damage":7,"enemies":"Snecko","floor":29,"turns":4},{"damage":0,"enemies":"3 Cultists","floor":31,"turns":4},{"damage":64,"enemies":"Automaton","floor":33,"turns":6}],"seed_played":"2243309203478670138","potions_obtained":[{"floor":1,"key":"SteroidPotion"},{"floor":7,"key":"Poison Potion"},{"floor":16,"key":"Swift Potion"},{"floor":19,"key":"Fire Potion"},{"floor":20,"key":"Weak Potion"}],"is_trial":false,"path_per_floor":["M","?","$","?","M","E","M","R","T","M","?","E","M","$","R","B",null,"M","M","M","?","$","R","?","$","T","?","?","M","?","M","R","B"],"character_chosen":"THE_SILENT","items_purchased":["Blade Dance"],"campfire_rested":3,"item_purchase_floors":[22],"current_hp_per_floor":[61,47,47,47,43,33,33,54,54,47,47,21,21,21,42,26,59,59,59,39,39,39,60,60,60,60,60,44,37,60,60,60,0],"gold":70,"neow_bonus":"TRANSFORM_TWO_CARDS","is_prod":false,"is_daily":false,"chose_seed":false,"campfire_upgraded":0,"win_rate":0,"timestamp":1544009910,"path_taken":["M","?","$","?","?","E","M","R","T","M","?","E","M","$","R","BOSS","M","M","?","?","$","R","?","$","T","?","?","M","?","M","R","BOSS"],"build_version":"2018-11-15","purchased_purges":2,"victory":false,"max_hp_per_floor":[70,70,70,70,70,70,70,70,70,70,70,70,70,70,70,70,70,70,70,70,70,70,70,70,70,70,70,70,70,70,70,70,70],"card_choices":[{"not_picked":["Quick Slash","Outmaneuver"],"picked":"Bouncing Flask","floor":1},{"not_picked":["Quick Slash","Deflect"],"picked":"Deadly Poison","floor":5},{"not_picked":["Underhanded Strike","PiercingWail"],"picked":"Dagger Throw","floor":6},{"not_picked":["Underhanded Strike","Masterful Stab"],"picked":"Quick Slash","floor":7},{"not_picked":["Deflect","Blade Dance"],"picked":"All Out Attack","floor":10},{"not_picked":["Prepared","Backflip"],"picked":"Riddle With Holes","floor":12},{"not_picked":["Backflip","Masterful Stab"],"picked":"Predator","floor":13},{"not_picked":["Bullet Time","Envenom"],"picked":"Adrenaline","floor":16},{"not_picked":["Deadly Poison","Dagger Throw+1"],"picked":"PiercingWail+1","floor":18},{"not_picked":["Deflect","Expertise+1","Acrobatics"],"picked":"SKIP","floor":19},{"not_picked":["Dagger Throw","Deadly Poison"],"picked":"Blade Dance","floor":20},{"not_picked":["Acrobatics","Quick Slash","Eviscerate"],"picked":"SKIP","floor":29},{"not_picked":["Prepared","PiercingWail"],"picked":"Caltrops","floor":31}],"player_experience":945781,"relics_obtained":[{"floor":6,"key":"Orichalcum"},{"floor":9,"key":"Vajra"},{"floor":12,"key":"Ninja Scroll"},{"floor":28,"key":"Nilry\u0027s Codex"}],"event_choices":[{"damage_healed":0,"gold_gain":0,"player_choice":"Entered Light","damage_taken":14,"max_hp_gain":0,"max_hp_loss":0,"event_name":"Shining Light","floor":2,"gold_loss":0,"cards_upgraded":["Strike_G","Strike_G"]},{"damage_healed":0,"gold_gain":0,"player_choice":"1 cards matched","damage_taken":0,"max_hp_gain":0,"max_hp_loss":0,"event_name":"Match and Keep!","floor":4,"gold_loss":0,"cards_obtained":["Neutralize"]},{"damage_healed":0,"gold_gain":0,"player_choice":"Forge","damage_taken":0,"max_hp_gain":0,"max_hp_loss":0,"event_name":"Accursed Blacksmith","floor":11,"gold_loss":0,"cards_upgraded":["Neutralize"]},{"cards_removed":["Strike_G"],"damage_healed":0,"gold_gain":0,"player_choice":"Gave Gold","damage_taken":0,"max_hp_gain":0,"max_hp_loss":0,"event_name":"Beggar","floor":21,"gold_loss":75},{"damage_healed":0,"gold_gain":0,"player_choice":"Obtained Relic","damage_taken":0,"relics_obtained":["Tingsha"],"max_hp_gain":0,"max_hp_loss":0,"event_name":"Addict","floor":24,"gold_loss":85},{"damage_healed":0,"gold_gain":0,"player_choice":"Ignored","damage_taken":0,"max_hp_gain":0,"max_hp_loss":0,"event_name":"Ghosts","floor":27,"gold_loss":0},{"damage_healed":0,"gold_gain":0,"player_choice":"Obtained Book","damage_taken":16,"max_hp_gain":0,"max_hp_loss":0,"event_name":"Cursed Tome","floor":28,"gold_loss":0},{"damage_healed":23,"gold_gain":0,"player_choice":"Heal","damage_taken":0,"max_hp_gain":0,"max_hp_loss":0,"event_name":"The Library","floor":30,"gold_loss":0}],"is_beta":false,"boss_relics":[{"not_picked":["Coffee Dripper","Busted Crown"],"picked":"WristBlade"}],"items_purged_floors":[3,14],"is_endless":false,"potions_floor_spawned":[1,7,16,19,20],"killed_by":"Automaton","ascension_level":10}