{"gold_per_floor":[114,130,144,35,35,63,63,63,63,63,73,73,73,73,73,172,172,192,192,192,182,201,231,231,231,304,315,315,63,63,63,63,166,166,184,8,18,18,118,152,152,181,269,296,33,33,33,0,0,0,0,0,0,34,34],"floor_reached":55,"playtime":8905,"items_purged":["Strike_G","Pain","Strike_G+1","Clumsy"],"score":1206,"play_id":"2254df28-9c5c-4076-96e9-5525a6446dff","local_time":"20190209105242","is_ascension_mode":true,"campfire_choices":[{"data":"Burst","floor":7,"key":"SMITH"},{"data":"Caltrops","floor":10,"key":"SMITH"},{"data":"Caltrops","floor":13,"key":"SMITH"},{"floor":15,"key":"REST"},{"data":"Wraith Form v2","floor":24,"key":"SMITH"},{"floor":28,"key":"REST"},{"floor":32,"key":"REST"},{"data":"Deadly Poison","floor":41,"key":"SMITH"},{"floor":47,"key":"RECALL"},{"data":"Neutralize","floor":49,"key":"SMITH"},{"floor":52,"key":"REST"}],"neow_cost":"NONE","seed_source_timestamp":1271682477234793,"circlet_count":0,"master_deck":["AscendersBane","Defend_G+1","Defend_G+1","Defend_G+1","Defend_G+1","Defend_G+1","Strike_G+1","Strike_G+1","Survivor","Neutralize+1","Caltrops+1","Footwork+1","Caltrops+1","Burst+1","Wraith Form v2+1","Deadly Poison+1","Catalyst+1","Catalyst+1","Burst+1","Wraith Form v2+1","Footwork+1","Backflip+1","Deadly Poison+1","Backflip+1","Footwork+1","PiercingWail+1","Discovery+1","Thinking Ahead+1","PanicButton+1","Leg Sweep+1"],"relics":["Velvet Choker","Tough Bandages","Juzu Bracelet","Cursed Key","Toxic Egg 2","Nloth\u0027s Gift","Frozen Egg 2","Anchor","Black Star","Girya","Bag of Marbles","Boot","Turnip","MawBank","Red Mask","Snake Skull","Lantern"],"potions_floor_usage":[16,23,27,27,37,50,55],"damage_taken":[{"damage":1,"enemies":"Cultist","floor":1,"turns":4},{"damage":7,"enemies":"Jaw Worm","floor":2,"turns":4},{"damage":3,"enemies":"Small Slimes","floor":3,"turns":6},{"damage":18,"enemies":"3 Sentries","floor":6,"turns":11},{"damage":1,"enemies":"Gremlin Gang","floor":11,"turns":6},{"damage":7,"enemies":"The Guardian","floor":16,"turns":12},{"damage":10,"enemies":"Shell Parasite","floor":18,"turns":6},{"damage":12,"enemies":"2 Thieves","floor":21,"turns":4},{"damage":5,"enemies":"Snake Plant","floor":22,"turns":3},{"damage":0,"enemies":"Book of Stabbing","floor":23,"turns":6},{"damage":21,"enemies":"Centurion and Healer","floor":27,"turns":7},{"damage":8,"enemies":"Champ","floor":33,"turns":4},{"damage":0,"enemies":"3 Shapes","floor":35,"turns":9},{"damage":2,"enemies":"3 Darklings","floor":37,"turns":10},{"damage":8,"enemies":"Mind Bloom Boss Battle","floor":39,"turns":7},{"damage":0,"enemies":"Reptomancer","floor":40,"turns":2},{"damage":0,"enemies":"Giant Head","floor":42,"turns":2},{"damage":0,"enemies":"Maw","floor":44,"turns":4},{"damage":63,"enemies":"Awakened One","floor":50,"turns":19},{"damage":33,"enemies":"Shield and Spear","floor":54,"turns":8},{"damage":80,"enemies":"The Heart","floor":55,"turns":3}],"seed_played":"-1302585901614324988","potions_obtained":[{"floor":1,"key":"Strength Potion"},{"floor":6,"key":"Dexterity Potion"},{"floor":11,"key":"FearPotion"},{"floor":16,"key":"PowerPotion"},{"floor":18,"key":"SneckoOil"},{"floor":19,"key":"FairyPotion"},{"floor":19,"key":"Weak Potion"},{"floor":23,"key":"AttackPotion"},{"floor":27,"key":"SpeedPotion"},{"floor":35,"key":"Regen Potion"},{"floor":44,"key":"LiquidBronze"},{"floor":54,"key":"AttackPotion"}],"is_trial":false,"path_per_floor":["M","M","M","$","?","E","R","?","T","R","M","$","R","?","R","B",null,"M","?","?","M","M","E","R","?","T","M","R","$","?","?","R","B",null,"M","$","M","?","?","E","R","E","T","M","$","?","R","?","R","B",null,"R","$","E","B"],"character_chosen":"THE_SILENT","items_purchased":["Caltrops","Burst+1","Backflip+1","Footwork+1","PiercingWail+1"],"campfire_rested":4,"item_purchase_floors":[4,29,36,45,45],"current_hp_per_floor":[62,55,52,52,38,20,20,20,20,20,19,19,19,1,22,15,56,46,46,46,34,29,29,29,29,29,8,29,29,29,29,50,42,63,63,63,70,70,62,62,62,62,62,62,62,52,52,52,52,4,54,70,70,37,0],"gold":34,"neow_bonus":"BOSS_RELIC","is_prod":false,"is_daily":false,"chose_seed":false,"campfire_upgraded":6,"win_rate":0,"timestamp":1549705962,"path_taken":["M","?","M","?","?","E","R","?","T","R","?","$","R","?","R","BOSS","M","?","?","M","M","E","R","?","T","M","R","?","?","?","R","BOSS","M","$","M","?","?","E","R","E","T","M","$","?","R","?","R","BOSS","R","$","E","BOSS"],"build_version":"2019-01-23","purchased_purges":4,"victory":false,"max_hp_per_floor":[70,70,70,70,70,70,70,70,70,70,70,70,70,70,70,70,70,70,70,70,70,70,70,70,70,70,70,70,70,70,70,70,70,70,70,70,70,70,70,70,70,70,70,70,70,70,70,70,70,70,70,70,70,70,70],"card_choices":[{"not_picked":["Acrobatics","Prepared"],"picked":"Caltrops","floor":1},{"not_picked":["Choke","Flying Knee","Dodge and Roll"],"picked":"SKIP","floor":2},{"not_picked":["Dagger Spray","Reflex"],"picked":"Footwork","floor":3},{"not_picked":["Blur","Escape Plan"],"picked":"Burst","floor":6},{"not_picked":["Distraction","Accuracy","Dagger Throw"],"picked":"SKIP","floor":11},{"not_picked":["Bullet Time","Tools of the Trade"],"picked":"Wraith Form v2","floor":16},{"not_picked":["Bane+1","Underhanded Strike","Calculated Gamble"],"picked":"SKIP","floor":18},{"not_picked":["Bane","Choke+1"],"picked":"Deadly Poison","floor":21},{"not_picked":["Slice","Outmaneuver","Blade Dance"],"picked":"SKIP","floor":22},{"not_picked":["Quick Slash+1","Bouncing Flask"],"picked":"Catalyst","floor":23},{"not_picked":["Prepared+1","Accuracy+1"],"picked":"Catalyst+1","floor":27},{"not_picked":["After Image+1","Flying Knee+1"],"picked":"Footwork+1","floor":35},{"not_picked":["Flying Knee+1","Cloak And Dagger+1","Deflect+1"],"picked":"SKIP","floor":37},{"not_picked":["Dodge and Roll+1","PiercingWail+1"],"picked":"Deadly Poison+1","floor":39},{"not_picked":["Flying Knee","Storm of Steel+1","Bane+1"],"picked":"SKIP","floor":40},{"not_picked":["Flying Knee","Storm of Steel+1","Bane+1"],"picked":"SKIP","floor":40},{"not_picked":["Flying Knee","Caltrops+1"],"picked":"Backflip+1","floor":42},{"not_picked":["Flying Knee+1","Dagger Throw+1","Accuracy+1"],"picked":"SKIP","floor":44},{"not_picked":["Sadistic Nature+1","Good Instincts+1"],"picked":"Discovery+1","floor":46},{"not_picked":["Flash of Steel","Dark Shackles+1"],"picked":"Thinking Ahead+1","floor":46},{"not_picked":["HandOfGreed","Madness+1"],"picked":"PanicButton+1","floor":46},{"not_picked":["Poisoned Stab","Dagger Spray+1"],"picked":"Leg Sweep+1","floor":54}],"player_experience":316668,"relics_obtained":[{"floor":6,"key":"Tough Bandages"},{"floor":23,"key":"Toxic Egg 2"},{"floor":26,"key":"Frozen Egg 2"},{"floor":39,"key":"Girya"},{"floor":40,"key":"Bag of Marbles"},{"floor":40,"key":"Boot"},{"floor":42,"key":"Turnip"},{"floor":42,"key":"MawBank"},{"floor":54,"key":"Snake Skull"},{"floor":54,"key":"Lantern"}],"event_choices":[{"damage_healed":0,"gold_gain":0,"player_choice":"Entered Light","damage_taken":14,"max_hp_gain":0,"max_hp_loss":0,"event_name":"Shining Light","floor":5,"gold_loss":0,"cards_upgraded":["Footwork","Strike_G"]},{"damage_healed":0,"gold_gain":0,"player_choice":"Trade","damage_taken":0,"relics_obtained":["NlothsMask"],"max_hp_gain":0,"max_hp_loss":0,"event_name":"FaceTrader","floor":8,"gold_loss":0},{"damage_healed":0,"gold_gain":0,"player_choice":"Success","damage_taken":18,"relics_obtained":["Juzu Bracelet"],"max_hp_gain":0,"max_hp_loss":0,"event_name":"Scrap Ooze","floor":14,"gold_loss":0},{"damage_healed":0,"gold_gain":0,"player_choice":"Got Potions","damage_taken":0,"max_hp_gain":0,"max_hp_loss":0,"event_name":"Lab","floor":19,"gold_loss":0},{"damage_healed":0,"gold_gain":0,"player_choice":"Simplicity","damage_taken":0,"max_hp_gain":0,"max_hp_loss":0,"event_name":"Back to Basics","floor":20,"gold_loss":0,"cards_upgraded":["Defend_G","Defend_G","Defend_G","Defend_G","Defend_G","Strike_G","Strike_G","Strike_G"]},{"damage_healed":0,"gold_gain":0,"player_choice":"Traded Relic","damage_taken":0,"relics_obtained":["Nloth\u0027s Gift"],"max_hp_gain":0,"max_hp_loss":0,"event_name":"N\u0027loth","floor":25,"relics_lost":["NlothsMask"],"gold_loss":0},{"damage_healed":0,"gold_gain":0,"player_choice":"Read","damage_taken":0,"max_hp_gain":0,"max_hp_loss":0,"event_name":"The Library","floor":30,"gold_loss":0,"cards_obtained":["Wraith Form v2"]},{"damage_healed":0,"gold_gain":0,"player_choice":"Gave Potion","damage_taken":0,"relics_obtained":["Anchor"],"max_hp_gain":0,"max_hp_loss":0,"event_name":"WeMeetAgain","floor":31,"gold_loss":0},{"cards_removed":["Strike_G"],"damage_healed":0,"gold_gain":0,"player_choice":"Removed Attack","damage_taken":0,"max_hp_gain":0,"max_hp_loss":0,"event_name":"Falling","floor":38,"gold_loss":0},{"damage_healed":0,"gold_gain":0,"player_choice":"Fight","damage_taken":0,"max_hp_gain":0,"max_hp_loss":0,"event_name":"MindBloom","floor":39,"gold_loss":0},{"damage_healed":0,"gold_gain":0,"player_choice":"Memory 3","damage_taken":10,"max_hp_gain":0,"max_hp_loss":0,"event_name":"SensoryStone","floor":46,"gold_loss":0},{"damage_healed":0,"gold_gain":0,"player_choice":"Paid","damage_taken":0,"relics_obtained":["Red Mask"],"max_hp_gain":0,"max_hp_loss":0,"event_name":"Tomb of Lord Red Mask","floor":48,"gold_loss":33}],"is_beta":false,"boss_relics":[{"not_picked":["Runic Dome","Fusion Hammer"],"picked":"Cursed Key"},{"not_picked":["Busted Crown","Sozu"],"picked":"Black Star"}],"items_purged_floors":[4,29,36,45],"is_endless":false,"potions_floor_spawned":[1,6,11,16,18,23,27,35,44,54],"killed_by":"The Heart","ascension_level":10}