{"gold_per_floor":[115,190,204,204,219,247,247,247,271,271,291,291,291,302,302,381,381,400,412,423,72,86,86,166,166,166,216,249,114,114,144,144,215,215,226,551,218,268,318,318,69,69,69,25,149,160,160,210,210,210],"floor_reached":51,"playtime":1748,"items_purged":["Strike_G","Shame","Regret","Writhe"],"score":1299,"play_id":"fae4e98c-ce7c-4e6c-83c5-dc30118d2379","local_time":"20190207023024","is_ascension_mode":true,"campfire_choices":[{"floor":7,"key":"REST"},{"data":"Crippling Poison","floor":10,"key":"SMITH"},{"data":"Noxious Fumes","floor":13,"key":"SMITH"},{"floor":15,"key":"REST"},{"data":"Wraith Form v2","floor":23,"key":"SMITH"},{"floor":25,"key":"REST"},{"floor":32,"key":"REST"},{"data":"Well Laid Plans","floor":40,"key":"SMITH"},{"data":"Noxious Fumes","floor":42,"key":"SMITH"},{"data":"Burst","floor":47,"key":"SMITH"},{"data":"Corpse Explosion","floor":49,"key":"SMITH"}],"neow_cost":"NONE","seed_source_timestamp":2276251582901881,"circlet_count":0,"master_deck":["AscendersBane","Defend_G","Defend_G","Defend_G","Defend_G","Defend_G","Strike_G","Strike_G","Strike_G","Survivor","Neutralize","Crippling Poison+1","Poisoned Stab","Poisoned Stab","Corpse Explosion+1","Noxious Fumes+1","PiercingWail","Noxious Fumes+1","Wraith Form v2+1","Footwork+1","Predator+1","PiercingWail","Magnetism","Predator","Footwork","Well Laid Plans+1","Dash","Burst+1","Sucker Punch+1","Burst","Wraith Form v2+1","Mayhem","Footwork","Dodge and Roll","Noxious Fumes"],"relics":["Ring of the Serpent","NeowsBlessing","Art of War","Lantern","SsserpentHead","Snecko Eye","Membership Card","Red Mask","Paper Crane","Matryoshka","Blood Vial","Juzu Bracelet","Snake Skull","DollysMirror","Tiny Chest","Lee\u0027s Waffle","Strawberry","Singing Bowl","Ancient Tea Set","Molten Egg 2","Darkstone Periapt"],"potions_floor_usage":[6,6,50,50],"damage_taken":[{"damage":0,"enemies":"Small Slimes","floor":1,"turns":1},{"damage":0,"enemies":"2 Louse","floor":3,"turns":1},{"damage":0,"enemies":"Cultist","floor":5,"turns":1},{"damage":22,"enemies":"Gremlin Nob","floor":6,"turns":5},{"damage":7,"enemies":"3 Louse","floor":11,"turns":2},{"damage":13,"enemies":"Lots of Slimes","floor":14,"turns":3},{"damage":21,"enemies":"Hexaghost","floor":16,"turns":8},{"damage":0,"enemies":"2 Thieves","floor":18,"turns":3},{"damage":0,"enemies":"Spheric Guardian","floor":19,"turns":4},{"damage":19,"enemies":"Cultist and Chosen","floor":20,"turns":6},{"damage":0,"enemies":"Snecko","floor":22,"turns":5},{"damage":0,"enemies":"Masked Bandits","floor":24,"turns":3},{"damage":19,"enemies":"Slavers","floor":28,"turns":3},{"damage":11,"enemies":"Gremlin Leader","floor":31,"turns":6},{"damage":2,"enemies":"Champ","floor":33,"turns":10},{"damage":15,"enemies":"3 Darklings","floor":35,"turns":5},{"damage":16,"enemies":"3 Shapes","floor":46,"turns":4},{"damage":51,"enemies":"Time Eater","floor":50,"turns":12}],"seed_played":"-6544725113911155217","potions_obtained":[{"floor":1,"key":"Weak Potion"},{"floor":3,"key":"Weak Potion"},{"floor":5,"key":"AttackPotion"},{"floor":19,"key":"LiquidBronze"},{"floor":24,"key":"Fire Potion"}],"is_trial":false,"path_per_floor":["M","?","M","?","M","E","R","?","T","R","M","?","R","M","R","B",null,"M","M","M","$","M","R","?","R","T","?","E","$","?","E","R","B",null,"M","?","$","?","?","R","$","R","T","$","T","M","R","T","R","B",null],"character_chosen":"THE_SILENT","items_purchased":["Membership Card","Magnetism","Well Laid Plans","Dash","Snake Skull","Burst","DollysMirror","Tiny Chest","PowerPotion","Footwork","Lee\u0027s Waffle","Dodge and Roll","Noxious Fumes"],"campfire_rested":4,"item_purchase_floors":[21,21,29,29,37,37,37,37,37,41,41,41,44],"current_hp_per_floor":[59,48,48,48,48,26,45,45,45,45,38,38,38,25,44,23,55,55,55,36,36,36,36,36,55,55,55,36,36,36,27,46,46,61,48,48,48,43,56,56,73,73,80,80,80,66,66,66,66,17],"gold":210,"neow_bonus":"THREE_ENEMY_KILL","is_prod":false,"is_daily":false,"chose_seed":false,"campfire_upgraded":7,"win_rate":0,"timestamp":1549524624,"path_taken":["M","?","M","?","?","E","R","?","T","R","?","?","R","M","R","BOSS","M","M","M","$","M","R","?","R","T","?","E","$","?","E","R","BOSS","M","?","?","?","?","R","$","R","T","$","?","M","R","?","R","BOSS"],"build_version":"2019-01-23","purchased_purges":4,"victory":true,"max_hp_per_floor":[66,66,66,66,66,66,66,66,66,66,66,66,66,66,66,66,66,66,66,66,66,66,66,66,66,66,66,66,66,66,66,66,66,66,66,66,66,66,66,66,73,73,80,80,80,82,82,82,82,82],"card_choices":[{"not_picked":["Sucker Punch","Concentrate"],"picked":"Crippling Poison","floor":1},{"not_picked":["Backflip","Bane"],"picked":"Poisoned Stab","floor":3},{"not_picked":["Cloak And Dagger","Underhanded Strike"],"picked":"Poisoned Stab","floor":5},{"not_picked":["Terror","Escape Plan"],"picked":"Corpse Explosion","floor":6},{"not_picked":["Reflex","Sucker Punch"],"picked":"PiercingWail","floor":11},{"not_picked":["Dagger Spray","Poisoned Stab"],"picked":"Noxious Fumes","floor":14},{"not_picked":["Night Terror","Venomology"],"picked":"Wraith Form v2","floor":16},{"not_picked":["Acrobatics","Dagger Spray"],"picked":"Footwork+1","floor":18},{"not_picked":["Dagger Throw","Acrobatics"],"picked":"Predator+1","floor":19},{"not_picked":["Slice","Riddle With Holes"],"picked":"PiercingWail","floor":20},{"not_picked":["Sucker Punch","Blade Dance","Bane"],"picked":"SKIP","floor":22},{"not_picked":["Riddle With Holes","Blade Dance"],"picked":"Predator","floor":24},{"not_picked":["Corpse Explosion","Tactician"],"picked":"Footwork","floor":28},{"not_picked":["Prepared","Skewer","Cloak And Dagger"],"picked":"SKIP","floor":31},{"not_picked":["Wraith Form v2","Storm of Steel"],"picked":"Burst","floor":33},{"not_picked":["Deadly Poison","Slice+1"],"picked":"Sucker Punch+1","floor":35},{"not_picked":["PanicButton","Trip"],"picked":"Mayhem","floor":38},{"not_picked":["Deflect","Flying Knee+1","All Out Attack+1"],"picked":"Singing Bowl","floor":46}],"player_experience":534637,"relics_obtained":[{"floor":6,"key":"Art of War"},{"floor":9,"key":"Lantern"},{"floor":24,"key":"Red Mask"},{"floor":26,"key":"Paper Crane"},{"floor":28,"key":"Blood Vial"},{"floor":31,"key":"Juzu Bracelet"},{"floor":43,"key":"Strawberry"},{"floor":43,"key":"Singing Bowl"},{"floor":45,"key":"Ancient Tea Set"},{"floor":45,"key":"Molten Egg 2"},{"floor":48,"key":"Darkstone Periapt"}],"event_choices":[{"damage_healed":0,"gold_gain":75,"player_choice":"Gather Gold","damage_taken":11,"max_hp_gain":0,"max_hp_loss":0,"event_name":"World of Goop","floor":2,"gold_loss":0},{"cards_removed":["Strike_G"],"damage_healed":0,"gold_gain":0,"player_choice":"Offered Basic","damage_taken":0,"max_hp_gain":0,"max_hp_loss":0,"event_name":"Bonfire Elementals","floor":4,"gold_loss":0},{"damage_healed":0,"gold_gain":0,"player_choice":"1 cards matched","damage_taken":0,"max_hp_gain":0,"max_hp_loss":0,"event_name":"Match and Keep!","floor":8,"gold_loss":0,"cards_obtained":["Noxious Fumes"]},{"damage_healed":0,"gold_gain":0,"player_choice":"Trade","damage_taken":0,"relics_obtained":["SsserpentHead"],"max_hp_gain":0,"max_hp_loss":0,"event_name":"FaceTrader","floor":12,"gold_loss":0},{"damage_healed":0,"gold_gain":0,"player_choice":"Fought Bandits","damage_taken":0,"max_hp_gain":0,"max_hp_loss":0,"event_name":"Masked Bandits","floor":24,"gold_loss":0},{"damage_healed":0,"gold_gain":0,"player_choice":"Stole Relic","damage_taken":0,"relics_obtained":["Matryoshka"],"max_hp_gain":0,"max_hp_loss":0,"event_name":"Addict","floor":27,"gold_loss":0,"cards_obtained":["Shame"]},{"damage_healed":0,"gold_gain":0,"player_choice":"Bet on Murderer","damage_taken":0,"max_hp_gain":0,"max_hp_loss":0,"event_name":"The Joust","floor":30,"gold_loss":50},{"damage_healed":0,"gold_gain":275,"player_choice":"Desecrate","damage_taken":0,"max_hp_gain":0,"max_hp_loss":0,"event_name":"Golden Shrine","floor":36,"gold_loss":0,"cards_obtained":["Regret"]},{"damage_healed":0,"gold_gain":0,"player_choice":"Memory 2","damage_taken":5,"max_hp_gain":0,"max_hp_loss":0,"event_name":"SensoryStone","floor":38,"gold_loss":0},{"damage_healed":13,"gold_gain":0,"player_choice":"Writhe","damage_taken":0,"max_hp_gain":0,"max_hp_loss":0,"event_name":"Winding Halls","floor":39,"gold_loss":0,"cards_obtained":["Writhe"]}],"is_beta":false,"boss_relics":[{"not_picked":["Cursed Key","Orrery"],"picked":"Snecko Eye"},{"not_picked":["Black Star","WristBlade"],"picked":"Ring of the Serpent"}],"items_purged_floors":[21,29,37,41],"is_endless":false,"potions_floor_spawned":[1,3,5,19,24,31,35],"ascension_level":16}