{"gold_per_floor":[117,137,155,174,274,300,320,346,346,52,71,71,106,123,123,228,228,240,259,271,571,571,606,103,103,103,116,150,150,150,1,1,102,102,117,130,5,24,1023,1055,1055,1066,1066,1096,1096,303,303,303,303,303],"floor_reached":51,"playtime":4857,"items_purged":["Pain","Writhe","Clumsy","Decay"],"score":951,"play_id":"c4d93e00-d6cb-400f-a5c4-b05fb282d8c3","local_time":"20181119011403","is_ascension_mode":true,"campfire_choices":[{"floor":12.0,"key":"REST"},{"data":"Armaments","floor":15.0,"key":"SMITH"},{"floor":25,"key":"REST"},{"floor":30,"key":"REST"},{"data":"Armaments","floor":32,"key":"SMITH"},{"data":"Armaments","floor":41,"key":"SMITH"},{"data":"Burning Pact","floor":47,"key":"SMITH"},{"data":"Inflame","floor":49,"key":"SMITH"}],"neow_cost":"NONE","seed_source_timestamp":0,"circlet_count":0,"master_deck":["Strike_R","Strike_R","Strike_R","Strike_R","Defend_R","Defend_R","Defend_R","Defend_R","Bash","Thunderclap","Armaments+1","Bloodletting","Spot Weakness","Burning Pact+1","Cleave","Twin Strike","Twin Strike","Anger","Inflame+1","Limit Break","Iron Wave","Flame Barrier+1","Power Through","Inflame","Armaments+1","Searing Blow+1","Armaments+1","Limit Break","Reaper","Metallicize","Shrug It Off+1","Heavy Blade+1","Headbutt+1","Parasite","Uppercut+1","Flex+1","Thunderclap","Violence+1","Enlightenment+1","Infernal Blade+1"],"special_seed":0,"relics":["Burning Blood","WingedGreaves","Strawberry","Blue Candle","Calipers","Oddly Smooth Stone","Cursed Key","Old Coin","WarpedTongs","Matryoshka","Incense Burner","Shuriken","Omamori","Centennial Puzzle","Coffee Dripper","Pen Nib","Smiling Mask","Paper Frog","Orichalcum","Toxic Egg 2","Toy Ornithopter"],"potions_floor_usage":[19,23,28,33,33,38,44,50,50,50],"damage_taken":[{"damage":6.0,"enemies":"Cultist","floor":1.0,"turns":4.0},{"damage":6.0,"enemies":"2 Louse","floor":2.0,"turns":3.0},{"damage":4.0,"enemies":"Jaw Worm","floor":3.0,"turns":4.0},{"damage":16.0,"enemies":"Looter","floor":4.0,"turns":4.0},{"damage":45.0,"enemies":"3 Sentries","floor":6.0,"turns":10.0},{"damage":8.0,"enemies":"Gremlin Gang","floor":7.0,"turns":4.0},{"damage":29.0,"enemies":"Lagavulin","floor":8.0,"turns":8.0},{"damage":11.0,"enemies":"Exordium Wildlife","floor":11.0,"turns":4.0},{"damage":14.0,"enemies":"3 Sentries","floor":13.0,"turns":6.0},{"damage":9.0,"enemies":"2 Fungi Beasts","floor":14.0,"turns":3.0},{"damage":32.0,"enemies":"Hexaghost","floor":16.0,"turns":9.0},{"damage":6,"enemies":"Chosen","floor":18,"turns":4},{"damage":7,"enemies":"2 Thieves","floor":19,"turns":3},{"damage":34,"enemies":"Shelled Parasite and Fungi","floor":20,"turns":6},{"damage":39,"enemies":"Slavers","floor":23,"turns":6},{"damage":27,"enemies":"Snecko","floor":27,"turns":5},{"damage":48,"enemies":"Gremlin Leader","floor":28,"turns":7},{"damage":15,"enemies":"Collector","floor":33,"turns":5},{"damage":7,"enemies":"3 Darklings","floor":35,"turns":3},{"damage":23,"enemies":"Orb Walker","floor":36,"turns":5},{"damage":63,"enemies":"Transient","floor":38,"turns":5},{"damage":29,"enemies":"Giant Head","floor":40,"turns":6},{"damage":7,"enemies":"Jaw Worm Horde","floor":42,"turns":3},{"damage":88,"enemies":"Reptomancer","floor":44,"turns":5},{"damage":59,"enemies":"Awakened One","floor":50,"turns":6}],"seed_played":"8631271276317164388","potions_obtained":[{"floor":4.0,"key":"Dexterity Potion"},{"floor":6.0,"key":"Ancient Potion"},{"floor":7.0,"key":"SpeedPotion"},{"floor":11.0,"key":"Block Potion"},{"floor":18,"key":"Swift Potion"},{"floor":20,"key":"Block Potion"},{"floor":27,"key":"Swift Potion"},{"floor":33,"key":"Regen Potion"},{"floor":35,"key":"Regen Potion"},{"floor":36,"key":"BloodPotion"},{"floor":44,"key":"Fire Potion"}],"is_trial":false,"path_per_floor":["M","M","M","M","?","E","M","E","T","$","M","R","E","M","R","B",null,"M","M","M","?","?","E","$","R","T","M","E","?","R","$","R","B",null,"M","M","$","M","?","E","R","M","T","E","T","$","R","?","R","B",null],"character_chosen":"IRONCLAD","items_purchased":["Calipers","BloodPotion","Incense Burner","Armaments","Weak Potion","PowerPotion","Flex+1","Thunderclap","Violence+1","Enlightenment+1","AttackPotion","Toy Ornithopter","Infernal Blade+1"],"campfire_rested":3,"item_purchase_floors":[10,24,24,24,31,46,46,46,46,46,46,46,46],"current_hp_per_floor":[88,88,88,78,78,39,37,21,21,21,16,44,36,33,33,7,95,95,94,66,66,66,33,33,61,61,40,7,7,35,35,35,26,95,94,84,84,42,42,75,75,74,74,22,22,22,22,22,22,48],"gold":303,"neow_bonus":"TEN_PERCENT_HP_BONUS","is_prod":false,"is_daily":false,"chose_seed":false,"campfire_upgraded":5,"win_rate":0,"timestamp":1542608043,"path_taken":["M","M","M","?","?","E","?","E","T","$","M","R","E","M","R","BOSS","M","M","M","?","?","E","$","R","T","?","E","?","R","$","R","BOSS","M","M","$","?","?","E","R","M","T","E","?","$","R","?","R","BOSS"],"build_version":"2018-11-15","purchased_purges":4,"victory":true,"max_hp_per_floor":[88,88,88,88,88,88,88,95,95,95,95,95,95,95,95,95,95,95,95,95,95,95,95,95,95,95,95,95,95,95,95,95,95,95,95,95,95,95,95,95,95,95,95,95,95,95,95,95,95,95],"card_choices":[{"not_picked":["Clothesline","Pommel Strike"],"picked":"Thunderclap","floor":1.0},{"not_picked":["Sentinel","Sword Boomerang"],"picked":"Armaments","floor":2.0},{"not_picked":["Body Slam","Clash"],"picked":"Bloodletting","floor":3.0},{"not_picked":["True Grit","Perfected Strike"],"picked":"Spot Weakness","floor":4.0},{"not_picked":["Bloodletting","Spot Weakness"],"picked":"Burning Pact","floor":6.0},{"not_picked":["Corruption","Armaments"],"picked":"Cleave","floor":7.0},{"not_picked":["Evolve","Dual Wield"],"picked":"Twin Strike","floor":8.0},{"not_picked":["Exhume","Cleave"],"picked":"Twin Strike","floor":11.0},{"not_picked":["Disarm","Seeing Red"],"picked":"Anger","floor":13.0},{"not_picked":["Perfected Strike","Heavy Blade"],"picked":"Inflame","floor":14.0},{"not_picked":["Double Tap","Berserk"],"picked":"Limit Break","floor":16.0},{"not_picked":["Clash+1","Warcry"],"picked":"Iron Wave","floor":18},{"not_picked":["Hemokinesis+1","Evolve"],"picked":"Flame Barrier+1","floor":19},{"not_picked":["Anger","Bloodletting"],"picked":"Power Through","floor":20},{"not_picked":["Sword Boomerang","Dark Embrace"],"picked":"Inflame","floor":23},{"not_picked":["Clothesline+1","Armaments"],"picked":"Searing Blow+1","floor":27},{"not_picked":["Havoc","Clash"],"picked":"Armaments","floor":28},{"not_picked":["Fiend Fire","Feed"],"picked":"Reaper","floor":33},{"not_picked":["Body Slam+1","Iron Wave"],"picked":"Metallicize","floor":35},{"not_picked":["Iron Wave+1","Pommel Strike"],"picked":"Shrug It Off+1","floor":36},{"not_picked":["Limit Break","Dropkick+1"],"picked":"Heavy Blade+1","floor":38},{"not_picked":["Perfected Strike","Sword Boomerang"],"picked":"Headbutt+1","floor":40},{"not_picked":["Clash+1","Body Slam","Carnage"],"picked":"SKIP","floor":42},{"not_picked":["Perfected Strike+1","Evolve"],"picked":"Uppercut+1","floor":44}],"player_experience":289487,"relics_obtained":[{"floor":6.0,"key":"WingedGreaves"},{"floor":8.0,"key":"Strawberry"},{"floor":9.0,"key":"Blue Candle"},{"floor":13.0,"key":"Oddly Smooth Stone"},{"floor":23,"key":"Matryoshka"},{"floor":26,"key":"Shuriken"},{"floor":26,"key":"Omamori"},{"floor":28,"key":"Centennial Puzzle"},{"floor":40,"key":"Pen Nib"},{"floor":43,"key":"Smiling Mask"},{"floor":43,"key":"Paper Frog"},{"floor":44,"key":"Orichalcum"},{"floor":45,"key":"Toxic Egg 2"}],"event_choices":[{"damage_healed":0.0,"max_hp_gain":0.0,"max_hp_loss":0.0,"gold_gain":100.0,"event_name":"Wheel of Change","player_choice":"Gold","floor":5.0,"gold_loss":0.0,"damage_taken":0.0},{"damage_healed":0,"gold_gain":0,"player_choice":"Opened","damage_taken":0,"relics_obtained":["Old Coin"],"max_hp_gain":0,"max_hp_loss":0,"event_name":"The Mausoleum","floor":21,"gold_loss":0,"cards_obtained":["Writhe"]},{"damage_healed":0,"gold_gain":0,"player_choice":"Rummage","damage_taken":0,"relics_obtained":["WarpedTongs"],"max_hp_gain":0,"max_hp_loss":0,"event_name":"Accursed Blacksmith","floor":22,"gold_loss":0,"cards_obtained":["Pain"]},{"damage_healed":0,"gold_gain":0,"player_choice":"Copied","damage_taken":0,"max_hp_gain":0,"max_hp_loss":0,"event_name":"Duplicator","floor":29,"gold_loss":0,"cards_obtained":["Limit Break"]},{"damage_healed":0,"gold_gain":999,"player_choice":"Gold","damage_taken":0,"max_hp_gain":0,"max_hp_loss":0,"event_name":"MindBloom","floor":39,"gold_loss":0,"cards_obtained":["Normality","Normality"]},{"cards_removed":["Strike_R"],"damage_healed":0,"gold_gain":0,"player_choice":"Removed Attack","damage_taken":0,"max_hp_gain":0,"max_hp_loss":0,"event_name":"Falling","floor":48,"gold_loss":0}],"is_beta":false,"boss_relics":[{"not_picked":["Runic Pyramid","Runic Cube"],"picked":"Cursed Key"},{"not_picked":["Tiny House","Lizard Tail"],"picked":"Coffee Dripper"}],"items_purged_floors":[24,31,37,46],"is_endless":false,"potions_floor_spawned":[4,6,7,11,18,20,27,33,35,36,44],"ascension_level":3}