{"gold_per_floor":[112,112,15,35,35,35,47,47,47,47,18,51,67,94,94,94],"floor_reached":16,"playtime":1329,"items_purged":[],"score":196,"play_id":"58c5b58c-79cb-4c15-a513-baabef5d7ea9","local_time":"20180912124043","is_ascension_mode":true,"campfire_choices":[{"data":"True Grit","floor":6,"key":"SMITH"},{"data":"Dark Embrace","floor":8,"key":"SMITH"},{"data":"Second Wind","floor":10,"key":"SMITH"},{"data":"Cleave","floor":15,"key":"SMITH"}],"neow_cost":"NONE","seed_source_timestamp":83740051593162,"circlet_count":0,"master_deck":["Strike_R","Strike_R","Strike_R","Strike_R","Strike_R","Defend_R","Defend_R","Defend_R","Bash","AscendersBane","Dark Embrace+1","Thunderclap","Reckless Charge","True Grit+1","Second Wind+1","Armaments","Cleave+1","Shrug It Off"],"relics":["Burning Blood","PreservedInsect","Pear","Matryoshka","Bottled Flame","Centennial Puzzle","Juzu Bracelet"],"potions_floor_usage":[12,16],"damage_taken":[{"damage":2,"enemies":"Cultist","floor":1,"turns":4},{"damage":9,"enemies":"Jaw Worm","floor":4,"turns":3},{"damage":2,"enemies":"2 Louse","floor":7,"turns":3},{"damage":20,"enemies":"Lagavulin","floor":12,"turns":7},{"damage":6,"enemies":"Looter","floor":13,"turns":4},{"damage":71,"enemies":"Slime Boss","floor":16,"turns":11}],"seed_played":"9067609550557517999","potions_obtained":[{"floor":1,"key":"Swift Potion"},{"floor":12,"key":"Block Potion"}],"is_trial":false,"path_per_floor":["M","T","$","M","?","R","M","R","T","R","$","E","M","T","R"],"character_chosen":"IRONCLAD","items_purchased":["Reckless Charge","AttackPotion","Armaments"],"campfire_rested":0,"item_purchase_floors":[3,3,11],"current_hp_per_floor":[72,72,72,69,79,79,83,83,83,83,83,69,69,69,69,0],"gold":94,"neow_bonus":"TRANSFORM_CARD","is_prod":false,"is_daily":false,"chose_seed":false,"campfire_upgraded":4,"win_rate":0,"timestamp":1536770443,"path_taken":["M","?","$","M","?","R","M","R","T","R","?","E","?","?","R","BOSS"],"build_version":"2018-09-06","purchased_purges":0,"victory":false,"max_hp_per_floor":[75,75,75,75,85,85,85,85,85,85,85,85,85,85,85,85],"card_choices":[{"not_picked":["Rupture","Clothesline"],"picked":"Thunderclap","floor":1},{"not_picked":["Clothesline","Metallicize"],"picked":"True Grit","floor":4},{"not_picked":["Feel No Pain","Corruption"],"picked":"Second Wind","floor":7},{"not_picked":["Shrug It Off","Body Slam"],"picked":"Cleave","floor":12},{"not_picked":["Clothesline","Flame Barrier"],"picked":"Shrug It Off","floor":13}],"player_experience":2708392,"relics_obtained":[{"floor":2,"key":"PreservedInsect"},{"floor":9,"key":"Matryoshka"},{"floor":12,"key":"Bottled Flame"},{"floor":14,"key":"Centennial Puzzle"},{"floor":14,"key":"Juzu Bracelet"}],"event_choices":[{"event_name":"WeMeetAgain","player_choice":"Potion","floor":5,"damage_taken":0}],"is_beta":false,"boss_relics":[],"items_purged_floors":[],"is_endless":false,"potions_floor_spawned":[1,12],"killed_by":"Slime Boss","ascension_level":20}