{"gold_per_floor":[114,39,39,54,70,70,105,70,70,70,95,22,197,25,25,124,124,142,142,57,57,57,57,76,76,76,86,102,118,138,138,138,138],"floor_reached":33,"playtime":1915,"items_purged":["Strike_G","Doubt"],"score":427,"play_id":"269c7a10-dc52-45fd-bf4c-ad11a5228b30","local_time":"20190116212544","is_ascension_mode":true,"campfire_choices":[{"data":"Neutralize","floor":6,"key":"SMITH"},{"data":"Storm of Steel","floor":10,"key":"SMITH"},{"floor":15,"key":"REST"},{"floor":23,"key":"REST"},{"floor":32,"key":"REST"}],"neow_cost":"NONE","seed_source_timestamp":642421578592539,"circlet_count":0,"master_deck":["AscendersBane","Defend_G","Defend_G","Defend_G","Defend_G","Defend_G","Survivor","Neutralize+1","Well Laid Plans","Pain","Sucker Punch","Deadly Poison","Storm of Steel+1","Flying Knee","Noxious Fumes","Tools of the Trade","Backflip+1","Bite","Bite","Bite","Bite","Bite","Noxious Fumes+1","Cloak And Dagger","Quick Slash","Footwork","Footwork+1","Ghostly","Ghostly","Ghostly","Ghostly","Ghostly"],"relics":["Ring of the Snake","NeowsBlessing","WarpedTongs","Dead Branch","Kunai","Odd Mushroom","WristBlade","Paper Crane","Bottled Flame"],"potions_floor_usage":[7,7,16,30,30],"damage_taken":[{"damage":0,"enemies":"2 Louse","floor":1,"turns":1},{"damage":1,"enemies":"Cultist","floor":4,"turns":1},{"damage":0,"enemies":"Jaw Worm","floor":5,"turns":1},{"damage":20,"enemies":"Lagavulin","floor":7,"turns":5},{"damage":1,"enemies":"The Mushroom Lair","floor":11,"turns":3},{"damage":43,"enemies":"Hexaghost","floor":16,"turns":9},{"damage":32,"enemies":"3 Byrds","floor":18,"turns":5},{"damage":9,"enemies":"Shell Parasite","floor":24,"turns":4},{"damage":33,"enemies":"Snake Plant","floor":27,"turns":5},{"damage":21,"enemies":"Centurion and Healer","floor":28,"turns":6},{"damage":5,"enemies":"Cultist and Chosen","floor":29,"turns":4},{"damage":19,"enemies":"3 Cultists","floor":30,"turns":7},{"damage":24,"enemies":"Collector","floor":33,"turns":3}],"seed_played":"-198505011232774370","potions_obtained":[{"floor":1,"key":"Strength Potion"},{"floor":4,"key":"Strength Potion"},{"floor":18,"key":"Dexterity Potion"},{"floor":28,"key":"Dexterity Potion"}],"is_trial":false,"path_per_floor":["M","$","?","M","M","R","E","?","T","R","?","$","?","$","R","B",null,"M","?","?","$","?","R","M","$","T","M","M","M","M","?","R","B"],"character_chosen":"THE_SILENT","items_purchased":["GamblersBrew","Noxious Fumes"],"campfire_rested":3,"item_purchase_floors":[12,14],"current_hp_per_floor":[63,63,63,62,62,62,42,59,59,59,58,58,58,58,70,27,59,27,27,27,27,27,41,38,38,38,18,8,12,1,1,8,0],"gold":138,"neow_bonus":"THREE_ENEMY_KILL","is_prod":false,"is_daily":false,"chose_seed":false,"campfire_upgraded":2,"win_rate":0,"timestamp":1547673944,"path_taken":["M","$","?","?","M","R","E","?","T","R","?","$","?","$","R","BOSS","M","?","?","$","?","R","M","$","T","?","?","M","M","?","R","BOSS"],"build_version":"2019-01-10","purchased_purges":2,"victory":false,"max_hp_per_floor":[70,70,70,70,70,70,70,70,70,70,70,70,70,70,70,70,70,70,49,49,49,49,49,49,49,49,49,49,49,49,24,24,24],"card_choices":[{"not_picked":["Terror","Outmaneuver"],"picked":"Well Laid Plans","floor":1},{"not_picked":["Underhanded Strike","Cloak And Dagger"],"picked":"Sucker Punch","floor":4},{"not_picked":["Prepared","Deflect"],"picked":"Deadly Poison","floor":5},{"not_picked":["Noxious Fumes","Leg Sweep"],"picked":"Storm of Steel","floor":7},{"not_picked":["Accuracy","Riddle With Holes"],"picked":"Flying Knee","floor":11},{"not_picked":["Corpse Explosion","Die Die Die"],"picked":"Tools of the Trade","floor":16},{"not_picked":["Bane","Leg Sweep+1"],"picked":"Backflip+1","floor":18},{"not_picked":["Expertise","Infinite Blades"],"picked":"Noxious Fumes+1","floor":24},{"not_picked":["Poisoned Stab","Dodge and Roll+1"],"picked":"Cloak And Dagger","floor":27},{"not_picked":["Leg Sweep","Sucker Punch"],"picked":"Quick Slash","floor":28},{"not_picked":["Flechettes+1","Dodge and Roll"],"picked":"Footwork","floor":29},{"not_picked":["Dodge and Roll","Prepared"],"picked":"Footwork+1","floor":30}],"player_experience":1200841,"relics_obtained":[{"floor":7,"key":"Dead Branch"},{"floor":9,"key":"Kunai"},{"floor":11,"key":"Odd Mushroom"},{"floor":26,"key":"Bottled Flame"}],"event_choices":[{"damage_healed":0,"gold_gain":0,"player_choice":"Rummage","damage_taken":0,"relics_obtained":["WarpedTongs"],"max_hp_gain":0,"max_hp_loss":0,"event_name":"Accursed Blacksmith","floor":3,"gold_loss":0,"cards_obtained":["Pain"]},{"damage_healed":17,"gold_gain":0,"player_choice":"Healed","damage_taken":0,"max_hp_gain":0,"max_hp_loss":0,"event_name":"The Cleric","floor":8,"gold_loss":35},{"damage_healed":0,"gold_gain":0,"player_choice":"Fought Mushrooms","damage_taken":0,"max_hp_gain":0,"max_hp_loss":0,"event_name":"Mushrooms","floor":11,"gold_loss":0},{"damage_healed":0,"gold_gain":175,"player_choice":"AGREE","damage_taken":0,"max_hp_gain":0,"max_hp_loss":0,"event_name":"Liars Game","floor":13,"gold_loss":0,"cards_obtained":["Doubt"]},{"damage_healed":0,"gold_gain":0,"player_choice":"Became a vampire","damage_taken":0,"max_hp_gain":0,"max_hp_loss":21,"event_name":"Vampires","floor":19,"gold_loss":0,"cards_obtained":["Bite","Bite","Bite","Bite","Bite"]},{"damage_healed":0,"gold_gain":0,"player_choice":"Obtained Relic","damage_taken":0,"relics_obtained":["Paper Crane"],"max_hp_gain":0,"max_hp_loss":0,"event_name":"Addict","floor":20,"gold_loss":85},{"damage_healed":0,"gold_gain":0,"player_choice":"Ignored","damage_taken":0,"max_hp_gain":0,"max_hp_loss":0,"event_name":"Beggar","floor":22,"gold_loss":0},{"damage_healed":0,"gold_gain":0,"player_choice":"Became a Ghost","damage_taken":0,"max_hp_gain":0,"max_hp_loss":25,"event_name":"Ghosts","floor":31,"gold_loss":0,"cards_obtained":["Ghostly","Ghostly","Ghostly","Ghostly","Ghostly"]}],"is_beta":false,"boss_relics":[{"not_picked":["Calling Bell","Orrery"],"picked":"WristBlade"}],"items_purged_floors":[2,14],"is_endless":false,"potions_floor_spawned":[1,4,18,28,29],"killed_by":"Collector","ascension_level":11}