{"gold_per_floor":[114,39,59,59,78,78,96,96,151,151,166,192,192,205,205,303,303,318,7,27,42,62,94,123,162,174,202,230,242,164,203,215,325,337,369,381,95,95,95,95,112,112,112,112,12,29,29,39,39,39,39,39,39,69,69],"floor_reached":55,"playtime":7386,"items_purged":["Strike_R","Strike_R","Strike_R"],"score":810,"play_id":"a12ea2f1-c08d-4ce1-b1e8-e20d980ebe4a","local_time":"20190211104353","is_ascension_mode":true,"campfire_choices":[{"data":"Flex","floor":6.0,"key":"SMITH"},{"data":"Cleave","floor":8.0,"key":"SMITH"},{"data":"Anger","floor":10.0,"key":"SMITH"},{"floor":15.0,"key":"REST"},{"floor":29.0,"key":"REST"},{"floor":32.0,"key":"REST"},{"floor":40.0,"key":"RECALL"},{"data":"Limit Break","floor":42.0,"key":"SMITH"},{"data":"Uppercut","floor":44.0,"key":"SMITH"},{"data":"Fiend Fire","floor":47.0,"key":"SMITH"},{"floor":49.0,"key":"REST"},{"data":"Seeing Red","floor":52.0,"key":"SMITH"}],"neow_cost":"NONE","seed_source_timestamp":0,"circlet_count":1,"master_deck":["Strike_R","Defend_R","Defend_R","Defend_R","Defend_R","Bash","Spot Weakness","Cleave+1","Flex+1","Anger+1","Inflame","Uppercut+1","Flex+1","Impervious+1","Shrug It Off","Limit Break+1","Fiend Fire+1","Demon Form","Armaments+1","Seeing Red+1","Warcry+1","Heavy Blade+1","Cleave+1","Battle Trance"],"special_seed":0,"relics":["Burning Blood","Bottled Tornado","Circlet","Runic Pyramid","MawBank","Bag of Marbles","Ancient Tea Set","Mercury Hourglass","Philosopher\u0027s Stone","Bag of Preparation","Red Skull","The Courier","Mummified Hand"],"potions_floor_usage":[54,55,55,55],"damage_taken":[{"damage":0.0,"enemies":"Small Slimes","floor":1.0,"turns":3.0},{"damage":10.0,"enemies":"Cultist","floor":3.0,"turns":5.0},{"damage":13.0,"enemies":"Jaw Worm","floor":5.0,"turns":5.0},{"damage":7.0,"enemies":"Looter","floor":7.0,"turns":3.0},{"damage":16.0,"enemies":"Large Slime","floor":11.0,"turns":4.0},{"damage":30.0,"enemies":"Lagavulin","floor":12.0,"turns":4.0},{"damage":1.0,"enemies":"2 Fungi Beasts","floor":14.0,"turns":2.0},{"damage":58.0,"enemies":"The Guardian","floor":16.0,"turns":12.0},{"damage":6.0,"enemies":"Chosen","floor":18.0,"turns":3.0},{"damage":0.0,"enemies":"Spheric Guardian","floor":20.0,"turns":3.0},{"damage":12.0,"enemies":"Shelled Parasite and Fungi","floor":21.0,"turns":3.0},{"damage":11.0,"enemies":"Snake Plant","floor":22.0,"turns":3.0},{"damage":9.0,"enemies":"Book of Stabbing","floor":23.0,"turns":4.0},{"damage":20.0,"enemies":"3 Cultists","floor":24.0,"turns":5.0},{"damage":28.0,"enemies":"Gremlin Leader","floor":25.0,"turns":4.0},{"damage":15.0,"enemies":"Cultist and Chosen","floor":27.0,"turns":4.0},{"damage":19.0,"enemies":"Shelled Parasite and Fungi","floor":28.0,"turns":4.0},{"damage":12.0,"enemies":"Book of Stabbing","floor":31.0,"turns":4.0},{"damage":18.0,"enemies":"Collector","floor":33.0,"turns":5.0},{"damage":0.0,"enemies":"3 Shapes","floor":35.0,"turns":5.0},{"damage":7.0,"enemies":"Orb Walker","floor":41.0,"turns":2.0},{"damage":3.0,"enemies":"4 Shapes","floor":46.0,"turns":3.0},{"damage":26.0,"enemies":"Jaw Worm Horde","floor":48.0,"turns":2.0},{"damage":23.0,"enemies":"Awakened One","floor":50.0,"turns":5.0},{"damage":6,"enemies":"Shield and Spear","floor":54,"turns":2},{"damage":104,"enemies":"The Heart","floor":55,"turns":5}],"seed_played":"-7558956538731469511","potions_obtained":[{"floor":1.0,"key":"AttackPotion"},{"floor":3.0,"key":"SneckoOil"},{"floor":12.0,"key":"EssenceOfSteel"},{"floor":13.0,"key":"PowerPotion"},{"floor":18.0,"key":"Swift Potion"},{"floor":21.0,"key":"PowerPotion"},{"floor":22.0,"key":"SkillPotion"},{"floor":24.0,"key":"Weak Potion"},{"floor":28.0,"key":"SkillPotion"},{"floor":33.0,"key":"Regen Potion"},{"floor":35.0,"key":"SpeedPotion"},{"floor":54,"key":"Energy Potion"}],"is_trial":false,"path_per_floor":["M","$","M","$","M","R","M","R","T","R","M","E","?","M","R","B",null,"M","$","M","M","M","E","M","E","T","M","M","R","?","E","R","B",null,"M","?","$","T","?","R","M","R","T","R","$","M","R","M","R","B",null,"R","$","E","B"],"character_chosen":"IRONCLAD","items_purchased":["Limit Break","Fiend Fire","Bag of Preparation","Swift Potion"],"campfire_rested":4,"item_purchase_floors":[19,19,37,37],"current_hp_per_floor":[88,88,84,84,77,77,76,76,76,76,66,42,42,47,73,21,88,88,88,88,82,77,74,60,38,38,29,16,42,42,36,62,50,88,88,88,88,88,88,88,87,87,87,87,87,88,88,68,88,71,88,88,88,88,0],"gold":69,"neow_bonus":"TEN_PERCENT_HP_BONUS","is_prod":false,"is_daily":false,"chose_seed":false,"campfire_upgraded":7,"win_rate":0,"timestamp":1549878233,"path_taken":["M","$","M","$","M","R","M","R","T","R","M","E","?","M","R","BOSS","M","$","M","M","M","E","M","E","T","M","M","R","?","E","R","BOSS","M","?","$","?","?","R","?","R","T","R","$","M","R","M","R","BOSS","R","$","E","BOSS"],"build_version":"2019-01-23","purchased_purges":3,"victory":false,"max_hp_per_floor":[88,88,88,88,88,88,88,88,88,88,88,88,88,88,88,88,88,88,88,88,88,88,88,88,88,88,88,88,88,88,88,88,88,88,88,88,88,88,88,88,88,88,88,88,88,88,88,88,88,88,88,88,88,88,88],"card_choices":[{"not_picked":["Feel No Pain","Flex"],"picked":"Spot Weakness","floor":1.0},{"not_picked":["Entrench","Headbutt"],"picked":"Cleave","floor":3.0},{"not_picked":["Shrug It Off","Warcry"],"picked":"Flex","floor":5.0},{"not_picked":["Bloodletting","Fire Breathing"],"picked":"Anger","floor":7.0},{"not_picked":["Power Through","Double Tap"],"picked":"Inflame","floor":11.0},{"not_picked":["Infernal Blade","Shrug It Off"],"picked":"Uppercut","floor":12.0},{"not_picked":["Rampage","Pummel"],"picked":"Flex","floor":14.0},{"not_picked":["Barricade","Dark Embrace"],"picked":"Impervious","floor":16.0},{"not_picked":["Clash+1","Flex"],"picked":"Shrug It Off","floor":18.0},{"not_picked":["Havoc","Headbutt","Clothesline+1"],"picked":"SKIP","floor":20.0},{"not_picked":["Blood for Blood+1","Thunderclap"],"picked":"Demon Form","floor":21.0},{"not_picked":["Evolve","Clothesline"],"picked":"Armaments+1","floor":22.0},{"not_picked":["Berserk","Combust","Thunderclap"],"picked":"SKIP","floor":23.0},{"not_picked":["Rage","True Grit","Flex"],"picked":"SKIP","floor":24.0},{"not_picked":["Pommel Strike","Burning Pact"],"picked":"Seeing Red","floor":25.0},{"not_picked":["Havoc","Reckless Charge","Body Slam"],"picked":"SKIP","floor":27.0},{"not_picked":["Rupture+1","Clash","Anger"],"picked":"SKIP","floor":28.0},{"not_picked":["Entrench","Hemokinesis+1"],"picked":"Warcry+1","floor":31.0},{"not_picked":["Clash+1","Pommel Strike+1","Sword Boomerang"],"picked":"SKIP","floor":35.0},{"not_picked":["Hemokinesis","Clash"],"picked":"Heavy Blade+1","floor":41.0},{"not_picked":["Perfected Strike","Flex"],"picked":"Cleave+1","floor":46.0},{"not_picked":["Carnage+1","Havoc+1"],"picked":"Battle Trance","floor":48.0},{"not_picked":["Wild Strike","Clash+1","Barricade"],"picked":"SKIP","floor":54}],"player_experience":376911,"relics_obtained":[{"floor":12.0,"key":"Bottled Tornado"},{"floor":23.0,"key":"MawBank"},{"floor":25.0,"key":"Bag of Marbles"},{"floor":26.0,"key":"Ancient Tea Set"},{"floor":31.0,"key":"Mercury Hourglass"},{"floor":38.0,"key":"Red Skull"},{"floor":43.0,"key":"The Courier"},{"floor":54,"key":"Mummified Hand"}],"event_choices":[{"damage_healed":0.0,"max_hp_gain":0.0,"max_hp_loss":0.0,"gold_gain":0.0,"event_name":"Lab","player_choice":"Got Potions","floor":13.0,"gold_loss":0.0,"damage_taken":0.0},{"cards_removed":["Strike_R"],"damage_healed":0.0,"max_hp_gain":0.0,"max_hp_loss":0.0,"gold_gain":0.0,"event_name":"Designer","player_choice":"Upgrade and Remove","floor":30.0,"gold_loss":90.0,"damage_taken":0.0,"cards_upgraded":["Impervious"]},{"damage_healed":0.0,"max_hp_gain":0.0,"max_hp_loss":0.0,"gold_gain":0.0,"event_name":"Accursed Blacksmith","player_choice":"Forge","floor":36.0,"gold_loss":0.0,"damage_taken":0.0,"cards_upgraded":["Flex"]},{"damage_healed":0.0,"max_hp_gain":0.0,"max_hp_loss":0.0,"gold_gain":0.0,"event_name":"Match and Keep!","player_choice":"0 cards matched","floor":39.0,"gold_loss":0.0,"damage_taken":0.0,"cards_obtained":[]}],"is_beta":false,"boss_relics":[{"not_picked":["Tiny House","Ectoplasm"],"picked":"Runic Pyramid"},{"not_picked":["Orrery","Mark of Pain"],"picked":"Philosopher\u0027s Stone"}],"items_purged_floors":[2,37,45],"is_endless":false,"potions_floor_spawned":[1,3,12,18,21,22,24,28,33,35,46,54],"killed_by":"The Heart","ascension_level":3}