{"gold_per_floor":[109,109,129,54,54,54,87,87,87,102,119,132,146,146,146,247,247,229,229,144,44,59,91,91,91],"floor_reached":25,"playtime":1515,"items_purged":["Regret","Regret"],"score":221,"play_id":"9036ed03-0936-4f54-bc59-17214c9bd097","local_time":"20190208161057","is_ascension_mode":false,"campfire_choices":[{"floor":6,"key":"REST"},{"floor":8,"key":"REST"},{"floor":15,"key":"REST"}],"neow_cost":"CURSE","seed_source_timestamp":80726068941722,"circlet_count":0,"master_deck":["Strike_R","Strike_R","Strike_R","Strike_R+1","Strike_R","Defend_R","Defend_R","Defend_R","Defend_R+1","Bash","Demon Form","Headbutt","Uppercut","Pummel","Twin Strike","Thunderclap","Thunderclap","Perfected Strike","Limit Break","Dual Wield","J.A.X.","Rage+1","Defend_R+1"],"relics":["Burning Blood","Ornamental Fan","Gremlin Horn","Girya","Kunai","Eternal Feather","Bronze Scales","Strawberry"],"potions_floor_usage":[],"damage_taken":[{"damage":26,"enemies":"Jaw Worm","floor":1,"turns":4},{"damage":7,"enemies":"Small Slimes","floor":3,"turns":4},{"damage":40,"enemies":"Lagavulin","floor":7,"turns":8},{"damage":6,"enemies":"2 Louse","floor":10,"turns":2},{"damage":13,"enemies":"Blue Slaver","floor":11,"turns":4},{"damage":0,"enemies":"2 Fungi Beasts","floor":12,"turns":2},{"damage":16,"enemies":"Exordium Thugs","floor":13,"turns":4},{"damage":39,"enemies":"Slime Boss","floor":16,"turns":11},{"damage":23,"enemies":"2 Thieves","floor":18,"turns":4},{"damage":25,"enemies":"Spheric Guardian","floor":22,"turns":4},{"damage":35,"enemies":"Slavers","floor":23,"turns":5},{"damage":26,"enemies":"Snake Plant","floor":25,"turns":3}],"seed_played":"-8948530182242116306","potions_obtained":[{"floor":1,"key":"Fire Potion"},{"floor":7,"key":"AttackPotion"},{"floor":12,"key":"Dexterity Potion"}],"is_trial":false,"path_per_floor":["M","?","M","$","?","R","E","R","T","M","M","M","M","?","R","B",null,"M","?","?","$","M","E","?","M"],"character_chosen":"IRONCLAD","items_purchased":[],"campfire_rested":3,"item_purchase_floors":[],"current_hp_per_floor":[60,35,34,34,18,42,8,32,32,32,25,31,21,21,45,12,80,63,63,63,63,44,22,22,0],"gold":91,"neow_bonus":"THREE_RARE_CARDS","is_prod":false,"is_daily":false,"chose_seed":false,"campfire_upgraded":0,"win_rate":0.0,"timestamp":1549638657,"path_taken":["M","?","M","$","?","R","E","R","T","M","M","M","M","?","R","BOSS","M","?","?","$","M","E","?","M"],"build_version":"2019-01-23","purchased_purges":2,"victory":false,"max_hp_per_floor":[80,80,80,80,80,80,80,80,80,80,80,80,80,80,80,80,80,80,80,80,80,80,87,87,87],"card_choices":[{"not_picked":["Immolate","Brutality"],"picked":"Demon Form","floor":0},{"not_picked":["True Grit","Anger"],"picked":"Headbutt","floor":1},{"not_picked":["Corruption","True Grit"],"picked":"Uppercut","floor":3},{"not_picked":["Heavy Blade","Uppercut"],"picked":"Pummel","floor":7},{"not_picked":["Shrug It Off","Havoc"],"picked":"Twin Strike","floor":10},{"not_picked":["Body Slam","Demon Form"],"picked":"Thunderclap","floor":11},{"not_picked":["Carnage","Clash"],"picked":"Thunderclap","floor":12},{"not_picked":["Thunderclap","Body Slam"],"picked":"Perfected Strike","floor":13},{"not_picked":["Double Tap","Immolate"],"picked":"Limit Break","floor":16},{"not_picked":["Wild Strike","Warcry"],"picked":"Dual Wield","floor":18},{"not_picked":["Dual Wield","Shrug It Off+1","Second Wind"],"picked":"SKIP","floor":22},{"not_picked":["Thunderclap+1","Feel No Pain"],"picked":"Rage+1","floor":23}],"player_experience":68314,"relics_obtained":[{"floor":7,"key":"Gremlin Horn"},{"floor":9,"key":"Girya"},{"floor":23,"key":"Strawberry"}],"event_choices":[{"damage_healed":0,"gold_gain":0,"player_choice":"Success","damage_taken":25,"relics_obtained":["Ornamental Fan"],"max_hp_gain":0,"max_hp_loss":0,"event_name":"Scrap Ooze","floor":2,"gold_loss":0},{"damage_healed":0,"gold_gain":0,"player_choice":"Entered Light","damage_taken":16,"max_hp_gain":0,"max_hp_loss":0,"event_name":"Shining Light","floor":5,"gold_loss":0,"cards_upgraded":["Defend_R","Strike_R"]},{"damage_healed":0,"gold_gain":0,"player_choice":"Box","damage_taken":0,"relics_obtained":["Kunai"],"max_hp_gain":0,"max_hp_loss":0,"event_name":"Big Fish","floor":14,"gold_loss":0,"cards_obtained":["Regret"]},{"damage_healed":0,"gold_gain":0,"player_choice":"Obtain J.A.X.","damage_taken":0,"max_hp_gain":0,"max_hp_loss":0,"event_name":"Drug Dealer","floor":19,"gold_loss":0,"cards_obtained":["J.A.X."]},{"damage_healed":0,"gold_gain":0,"player_choice":"Obtained Relic","damage_taken":0,"relics_obtained":["Bronze Scales"],"max_hp_gain":0,"max_hp_loss":0,"event_name":"Addict","floor":20,"gold_loss":85},{"damage_healed":0,"gold_gain":0,"player_choice":"Copied","damage_taken":0,"max_hp_gain":0,"max_hp_loss":0,"event_name":"Duplicator","floor":24,"gold_loss":0,"cards_obtained":["Defend_R"]}],"is_beta":false,"boss_relics":[{"not_picked":["Empty Cage","Ectoplasm"],"picked":"Eternal Feather"}],"items_purged_floors":[4,21],"is_endless":false,"potions_floor_spawned":[1,7,12,22],"killed_by":"Snake Plant","ascension_level":0}