{"gold_per_floor":[115,133,83,94,108,137,137,166,247,247],"floor_reached":10,"playtime":685,"items_purged":[],"score":82,"play_id":"546e3be1-be3a-421e-b740-8e07e40b3e26","local_time":"20190210215010","is_ascension_mode":true,"campfire_choices":[{"data":"Terror","floor":7,"key":"SMITH"}],"neow_cost":"PERCENT_DAMAGE","seed_source_timestamp":1275726408529657,"circlet_count":0,"master_deck":["Defend_G","Defend_G","Defend_G","Defend_G","Defend_G","Strike_G","Strike_G","Strike_G","Strike_G","Survivor","Neutralize","Bane","Poisoned Stab","Terror+1","Catalyst"],"relics":["Ring of the Snake","Incense Burner","Ancient Tea Set","Ice Cream","Paper Crane"],"potions_floor_usage":[5,6],"damage_taken":[{"damage":0,"enemies":"2 Louse","floor":1,"turns":3},{"damage":1,"enemies":"Cultist","floor":2,"turns":4},{"damage":0,"enemies":"Small Slimes","floor":4,"turns":3},{"damage":1,"enemies":"2 Fungi Beasts","floor":5,"turns":3},{"damage":22,"enemies":"Gremlin Nob","floor":6,"turns":4},{"damage":16,"enemies":"Lagavulin","floor":8,"turns":4},{"damage":27,"enemies":"3 Sentries","floor":10,"turns":5}],"seed_played":"6754534318438202420","potions_obtained":[{"floor":1,"key":"Weak Potion"},{"floor":5,"key":"Regen Potion"}],"is_trial":false,"path_per_floor":["M","M","?","M","M","E","R","E","T","E"],"character_chosen":"THE_SILENT","items_purchased":[],"campfire_rested":0,"item_purchase_floors":[],"current_hp_per_floor":[49,48,48,48,47,37,37,21,21,0],"gold":247,"neow_bonus":"ONE_RARE_RELIC","is_prod":false,"is_daily":false,"chose_seed":false,"campfire_upgraded":1,"win_rate":0,"timestamp":1549853410,"path_taken":["M","M","?","M","M","E","R","E","T","E"],"build_version":"2019-01-23","purchased_purges":0,"victory":false,"max_hp_per_floor":[70,70,70,70,70,70,70,70,70,70],"card_choices":[{"not_picked":["Distraction","Outmaneuver"],"picked":"Bane","floor":1},{"not_picked":["Dodge and Roll","Infinite Blades"],"picked":"Poisoned Stab","floor":2},{"not_picked":["Prepared","Dodge and Roll"],"picked":"Terror","floor":4},{"not_picked":["Doppelganger","Distraction"],"picked":"Catalyst","floor":5},{"not_picked":["Acrobatics","Blade Dance","Glass Knife"],"picked":"SKIP","floor":6},{"not_picked":["Blade Dance","PiercingWail","Riddle With Holes"],"picked":"SKIP","floor":8}],"player_experience":96759,"relics_obtained":[{"floor":6,"key":"Ancient Tea Set"},{"floor":8,"key":"Ice Cream"},{"floor":9,"key":"Paper Crane"}],"event_choices":[{"cards_removed":["Strike_G"],"damage_healed":0,"gold_gain":0,"player_choice":"Card Removal","damage_taken":0,"max_hp_gain":0,"max_hp_loss":0,"event_name":"The Cleric","floor":3,"gold_loss":50}],"is_beta":false,"boss_relics":[],"items_purged_floors":[],"is_endless":false,"potions_floor_spawned":[1,5],"killed_by":"3 Sentries","ascension_level":1}