{"gold_per_floor":[116,116,133,133,144,178,178,190,213,213,246,259,259,279,279,374,374,388,86,11,11,21,21,55,55,55,55],"floor_reached":27,"playtime":974,"items_purged":["Regret"],"score":301,"play_id":"b6e4cd71-18e2-4e56-acf9-d2eff1e04293","local_time":"20181208061455","is_ascension_mode":true,"campfire_choices":[{"data":"Shrug It Off","floor":7,"key":"SMITH"},{"data":"Uppercut","floor":10,"key":"SMITH"},{"data":"Wild Strike","floor":13,"key":"SMITH"},{"floor":15,"key":"REST"},{"floor":23,"key":"REST"}],"neow_cost":"NONE","seed_source_timestamp":125531595639594,"circlet_count":0,"master_deck":["Strike_R","Strike_R","Defend_R","Defend_R","Defend_R","Defend_R","Bash+1","Uppercut+1","Cleave","Shrug It Off+1","Uppercut+1","Sever Soul","Wild Strike+1","Pommel Strike","Feel No Pain","Dark Embrace","Ghostly Armor","True Grit","Transmutation","Burning Pact","Warcry","Ghostly Armor","Pain"],"relics":["Burning Blood","Pen Nib","GremlinMask","Whetstone","Regal Pillow","Pear","Cursed Key","Ornamental Fan"],"potions_floor_usage":[8,16,16,16,27],"damage_taken":[{"damage":4,"enemies":"2 Louse","floor":1,"turns":3},{"damage":3,"enemies":"Small Slimes","floor":3,"turns":3},{"damage":4,"enemies":"Cultist","floor":5,"turns":4},{"damage":23,"enemies":"Gremlin Nob","floor":6,"turns":4},{"damage":13,"enemies":"Lots of Slimes","floor":8,"turns":4},{"damage":28,"enemies":"Lagavulin","floor":11,"turns":5},{"damage":15,"enemies":"Exordium Thugs","floor":12,"turns":4},{"damage":27,"enemies":"Large Slime","floor":14,"turns":6},{"damage":21,"enemies":"Hexaghost","floor":16,"turns":8},{"damage":52,"enemies":"3 Byrds","floor":18,"turns":7},{"damage":4,"enemies":"Spheric Guardian","floor":22,"turns":4},{"damage":27,"enemies":"Snake Plant","floor":24,"turns":5},{"damage":57,"enemies":"3 Cultists","floor":27,"turns":4}],"seed_played":"1445956773588014320","potions_obtained":[{"floor":3,"key":"Energy Potion"},{"floor":6,"key":"Block Potion"},{"floor":11,"key":"Poison Potion"},{"floor":12,"key":"EssenceOfSteel"},{"floor":22,"key":"Explosive Potion"}],"is_trial":false,"path_per_floor":["M","?","M","?","M","E","R","M","T","R","E","M","R","M","R","B",null,"M","$","?","?","M","R","M","?","T","M"],"character_chosen":"IRONCLAD","items_purchased":["True Grit","Transmutation"],"campfire_rested":2,"item_purchase_floors":[19,19],"current_hp_per_floor":[74,74,77,77,79,62,62,55,55,55,43,34,34,13,55,40,78,32,32,32,32,34,76,55,55,55,0],"gold":55,"neow_bonus":"REMOVE_CARD","is_prod":false,"is_daily":false,"chose_seed":false,"campfire_upgraded":3,"win_rate":0,"timestamp":1544267695,"path_taken":["M","?","M","?","?","E","R","M","T","R","E","M","R","?","R","BOSS","M","$","?","?","M","R","M","?","T","M"],"build_version":"2018-12-06","purchased_purges":1,"victory":false,"max_hp_per_floor":[80,80,80,80,80,80,80,80,80,80,90,90,90,90,90,90,90,90,90,90,90,90,90,90,90,90,90],"card_choices":[{"not_picked":["Clothesline","Headbutt"],"picked":"Uppercut","floor":1},{"not_picked":["Twin Strike","Infernal Blade"],"picked":"Cleave","floor":3},{"not_picked":["Wild Strike","Warcry"],"picked":"Shrug It Off","floor":5},{"not_picked":["Limit Break","Thunderclap"],"picked":"Uppercut","floor":6},{"not_picked":["Disarm","Clash"],"picked":"Sever Soul","floor":8},{"not_picked":["Anger","Demon Form"],"picked":"Wild Strike","floor":11},{"not_picked":["Cleave","Sentinel"],"picked":"Pommel Strike","floor":12},{"not_picked":["Inflame","Cleave"],"picked":"Feel No Pain","floor":14},{"not_picked":["Berserk","Immolate"],"picked":"Dark Embrace","floor":16},{"not_picked":["Blood for Blood","Perfected Strike"],"picked":"Ghostly Armor","floor":18},{"not_picked":["Rampage","Blood for Blood"],"picked":"Warcry","floor":22},{"not_picked":["Clash+1","Pommel Strike"],"picked":"Ghostly Armor","floor":24}],"player_experience":367982,"relics_obtained":[{"floor":6,"key":"Whetstone"},{"floor":9,"key":"Regal Pillow"},{"floor":11,"key":"Pear"},{"floor":26,"key":"Ornamental Fan"}],"event_choices":[{"damage_healed":0,"gold_gain":0,"player_choice":"Box","damage_taken":0,"relics_obtained":["Pen Nib"],"max_hp_gain":0,"max_hp_loss":0,"event_name":"Big Fish","floor":2,"gold_loss":0,"cards_obtained":["Regret"]},{"damage_healed":0,"gold_gain":0,"player_choice":"Trade","damage_taken":0,"relics_obtained":["GremlinMask"],"max_hp_gain":0,"max_hp_loss":0,"event_name":"FaceTrader","floor":4,"gold_loss":0},{"cards_removed":["Strike_R"],"damage_healed":0,"gold_gain":0,"player_choice":"Gave Gold","damage_taken":0,"max_hp_gain":0,"max_hp_loss":0,"event_name":"Beggar","floor":20,"gold_loss":75},{"damage_healed":0,"gold_gain":0,"player_choice":"Read","damage_taken":0,"max_hp_gain":0,"max_hp_loss":0,"event_name":"The Library","floor":21,"gold_loss":0,"cards_obtained":["Burning Pact"]},{"cards_removed":["Strike_R"],"damage_healed":0,"gold_gain":0,"player_choice":"Purged","damage_taken":0,"max_hp_gain":0,"max_hp_loss":0,"event_name":"Purifier","floor":25,"gold_loss":0}],"is_beta":false,"boss_relics":[{"not_picked":["Astrolabe","Calling Bell"],"picked":"Cursed Key"}],"items_purged_floors":[19],"is_endless":false,"potions_floor_spawned":[3,6,11,12,22],"killed_by":"3 Cultists","ascension_level":7}