{"gold_per_floor":[117,117,129,0,0,29,45,45,45,79,79,99,111,146,146,223,223,239,239,139,155,165,165,182,182],"floor_reached":25,"playtime":1405,"items_purged":["Strike_R","Strike_R+1"],"score":547,"play_id":"0305ac81-a8b2-465d-b342-84a507d0df46","local_time":"20190116203355","is_ascension_mode":true,"campfire_choices":[{"data":"Whirlwind","floor":8,"key":"SMITH"},{"data":"Rampage","floor":11,"key":"SMITH"},{"data":"Uppercut","floor":15,"key":"SMITH"},{"floor":23,"key":"REST"}],"neow_cost":"NONE","seed_source_timestamp":639823307664313,"circlet_count":0,"master_deck":["AscendersBane","Strike_R+1","Strike_R+1","Strike_R+1","Defend_R+1","Defend_R+1","Defend_R+1","Defend_R+1","Bash","Clothesline","Whirlwind+1","True Grit+1","Anger","Shrug It Off","Rampage+1","Headbutt","Uppercut+1","Flame Barrier","Demon Form","Metallicize","Shrug It Off","Sword Boomerang","Shrug It Off","Cleave+1","Shrug It Off+1"],"relics":["Burning Blood","NeowsBlessing","Thread and Needle","Pocketwatch","Happy Flower","Juzu Bracelet","Orrery"],"potions_floor_usage":[10,10,14,16,24,25],"damage_taken":[{"damage":0,"enemies":"Cultist","floor":1,"turns":1},{"damage":0,"enemies":"Jaw Worm","floor":3,"turns":1},{"damage":0,"enemies":"Gremlin Nob","floor":6,"turns":1},{"damage":0,"enemies":"Small Slimes","floor":7,"turns":3},{"damage":19,"enemies":"3 Sentries","floor":10,"turns":5},{"damage":9,"enemies":"Blue Slaver","floor":12,"turns":2},{"damage":8,"enemies":"Large Slime","floor":13,"turns":4},{"damage":14,"enemies":"Lagavulin","floor":14,"turns":5},{"damage":0,"enemies":"Hexaghost","floor":16,"turns":8},{"damage":25,"enemies":"Chosen","floor":18,"turns":5},{"damage":2,"enemies":"Shell Parasite","floor":21,"turns":6},{"damage":16,"enemies":"Snake Plant","floor":22,"turns":6},{"damage":27,"enemies":"Cultist and Chosen","floor":24,"turns":6},{"damage":56,"enemies":"Gremlin Leader","floor":25,"turns":5}],"seed_played":"-3568808387268528403","potions_obtained":[{"floor":3,"key":"Dexterity Potion"},{"floor":7,"key":"BloodPotion"},{"floor":12,"key":"LiquidBronze"},{"floor":13,"key":"Regen Potion"},{"floor":22,"key":"Ancient Potion"},{"floor":24,"key":"SneckoOil"}],"is_trial":false,"path_per_floor":["M","$","M","$","?","E","M","R","T","E","R","M","M","E","R","B",null,"M","?","$","M","M","R","M","E"],"character_chosen":"IRONCLAD","items_purchased":["True Grit"],"campfire_rested":1,"item_purchase_floors":[4],"current_hp_per_floor":[74,74,75,75,75,75,75,75,75,69,69,66,64,70,70,75,75,56,56,56,60,50,72,51,0],"gold":182,"neow_bonus":"THREE_ENEMY_KILL","is_prod":false,"is_daily":false,"chose_seed":false,"campfire_upgraded":3,"win_rate":0,"timestamp":1547670835,"path_taken":["M","$","M","$","?","E","M","R","T","E","R","M","?","E","R","BOSS","M","?","$","M","M","R","M","E"],"build_version":"2019-01-10","purchased_purges":2,"victory":false,"max_hp_per_floor":[75,75,75,75,75,75,75,75,75,75,75,75,75,75,75,75,75,75,75,75,75,75,75,75,75],"card_choices":[{"not_picked":["Headbutt","Twin Strike"],"picked":"Clothesline","floor":1},{"not_picked":["Heavy Blade","True Grit"],"picked":"Whirlwind","floor":3},{"not_picked":["Ghostly Armor","Sword Boomerang"],"picked":"Anger","floor":6},{"not_picked":["Bloodletting","Sentinel"],"picked":"Shrug It Off","floor":7},{"not_picked":["Feel No Pain","Body Slam"],"picked":"Rampage","floor":10},{"not_picked":["Shrug It Off","Intimidate"],"picked":"Headbutt","floor":12},{"not_picked":["Rampage","Twin Strike"],"picked":"Uppercut","floor":13},{"not_picked":["Dual Wield","Flex"],"picked":"Flame Barrier","floor":14},{"not_picked":["Bludgeon","Dark Embrace"],"picked":"Demon Form","floor":16},{"not_picked":["Heavy Blade","Second Wind"],"picked":"Metallicize","floor":17},{"not_picked":["Armaments","Thunderclap"],"picked":"Shrug It Off","floor":17},{"not_picked":["Whirlwind","Twin Strike"],"picked":"Sword Boomerang","floor":17},{"not_picked":["Shockwave","Sword Boomerang"],"picked":"Shrug It Off","floor":18},{"not_picked":["True Grit","Rupture","Pommel Strike"],"picked":"SKIP","floor":21},{"not_picked":["Feed","Disarm"],"picked":"Cleave+1","floor":22},{"not_picked":["Anger","Inflame"],"picked":"Shrug It Off+1","floor":24}],"player_experience":1198973,"relics_obtained":[{"floor":6,"key":"Thread and Needle"},{"floor":9,"key":"Pocketwatch"},{"floor":10,"key":"Happy Flower"},{"floor":14,"key":"Juzu Bracelet"}],"event_choices":[{"damage_healed":0,"gold_gain":0,"player_choice":"Upgraded","damage_taken":0,"max_hp_gain":0,"max_hp_loss":0,"event_name":"Upgrade Shrine","floor":5,"gold_loss":0,"cards_upgraded":["True Grit"]},{"damage_healed":0,"gold_gain":0,"player_choice":"Simplicity","damage_taken":0,"max_hp_gain":0,"max_hp_loss":0,"event_name":"Back to Basics","floor":19,"gold_loss":0,"cards_upgraded":["Strike_R","Strike_R","Strike_R","Strike_R","Defend_R","Defend_R","Defend_R","Defend_R"]}],"is_beta":false,"boss_relics":[{"not_picked":["Mark of Pain","Black Star"],"picked":"Orrery"}],"items_purged_floors":[4,20],"is_endless":false,"potions_floor_spawned":[3,7,12,13,22,24],"killed_by":"Gremlin Leader","ascension_level":15}