{"gold_per_floor":[118,135,147,147,160,160,171,185,185,185,204,220,253,268,268,367,367,384,403,88,102,0,0,0,0,0,0,16,46,61,61,61,61],"floor_reached":33,"playtime":2448,"items_purged":["Strike_B"],"score":273,"play_id":"50a0bdcc-9913-4c06-b3e5-3d3ae65e03f8","local_time":"20180703224657","is_ascension_mode":false,"campfire_choices":[{"data":"Consume","floor":6,"key":"SMITH"},{"floor":10,"key":"REST"},{"floor":15,"key":"REST"},{"floor":23,"key":"REST"},{"data":"Capacitor","floor":25,"key":"SMITH"},{"data":"Fission","floor":27,"key":"SMITH"},{"floor":32,"key":"REST"}],"neow_cost":"NONE","seed_source_timestamp":1353185295340959,"circlet_count":0,"master_deck":["Strike_B","Strike_B","Defend_B","Defend_B","Defend_B","Defend_B","Zap","Dualcast","Conserve Battery","Chaos+1","Meteor Strike","Consume+1","Turbo","Conserve Battery","Barrage","Compile Driver","Ball Lightning","Rebound","Rebound","Ball Lightning","Fission+1","Coolheaded","Leap+1","Capacitor+1","Redo","Compile Driver","Cold Snap","Redo","Hologram","Cold Snap","Stack","Madness","Chaos"],"special_seed":17716,"relics":["Cracked Core","Dream Catcher","Letter Opener","Velvet Choker","Lantern","Kunai","Strawberry"],"potions_floor_usage":[7,16,16,29,33,33,33],"damage_taken":[{"damage":6,"enemies":"Cultist","floor":1,"turns":3},{"damage":5,"enemies":"Jaw Worm","floor":2,"turns":5},{"damage":5,"enemies":"Small Slimes","floor":3,"turns":3},{"damage":1,"enemies":"Red Slaver","floor":5,"turns":4},{"damage":29,"enemies":"Gremlin Gang","floor":7,"turns":5},{"damage":0,"enemies":"Large Slime","floor":8,"turns":6},{"damage":9,"enemies":"3 Louse","floor":11,"turns":3},{"damage":1,"enemies":"2 Fungi Beasts","floor":12,"turns":3},{"damage":8,"enemies":"3 Sentries","floor":13,"turns":5},{"damage":0,"enemies":"Looter","floor":14,"turns":3},{"damage":12,"enemies":"Hexaghost","floor":16,"turns":8},{"damage":5,"enemies":"Spheric Guardian","floor":18,"turns":3},{"damage":0,"enemies":"Chosen","floor":19,"turns":3},{"damage":32,"enemies":"Snake Plant","floor":21,"turns":5},{"damage":1,"enemies":"Snecko","floor":28,"turns":4},{"damage":2,"enemies":"Gremlin Leader","floor":29,"turns":8},{"damage":16,"enemies":"Sentry and Sphere","floor":30,"turns":4},{"damage":58,"enemies":"Automaton","floor":33,"turns":8}],"seed_played":"665860776971873808","potions_obtained":[{"floor":2,"key":"Weak Potion"},{"floor":7,"key":"Weak Potion"},{"floor":12,"key":"FearPotion"},{"floor":13,"key":"FocusPotion"},{"floor":16,"key":"Fire Potion"},{"floor":18,"key":"SteroidPotion"},{"floor":21,"key":"SkillPotion"},{"floor":29,"key":"FocusPotion"},{"floor":30,"key":"FocusPotion"}],"is_trial":false,"path_per_floor":["M","M","M","?","M","R","M","M","T","R","M","M","E","M","R","B",null,"M","M","$","M","?","R","?","R","T","R","M","E","M","?","R"],"character_chosen":"DEFECT","items_purchased":["Capacitor","Lantern","Redo"],"campfire_rested":4,"item_purchase_floors":[20,20,20],"current_hp_per_floor":[69,64,59,59,58,58,29,29,29,51,42,41,33,33,55,43,75,70,70,70,38,38,60,60,60,60,60,59,64,48,32,56,0],"gold":61,"neow_bonus":"REMOVE_CARD","is_prod":false,"is_daily":false,"chose_seed":false,"campfire_upgraded":3,"win_rate":0,"timestamp":1530672417,"path_taken":["M","?","M","?","M","R","M","M","T","R","M","?","E","M","R","BOSS","M","M","$","M","?","R","?","R","T","R","M","E","?","?","R","BOSS"],"build_version":"2018-06-28","purchased_purges":1,"victory":false,"max_hp_per_floor":[75,75,75,75,75,75,75,75,75,75,75,75,75,75,75,75,75,75,75,75,75,75,75,75,75,75,75,75,82,82,82,82,82],"card_choices":[{"not_picked":["Leap","Beam Cell"],"picked":"Conserve Battery","floor":1},{"not_picked":["Rebound","Sweeping Beam"],"picked":"Chaos","floor":2},{"not_picked":["Static Discharge","Genetic Algorithm"],"picked":"Meteor Strike","floor":3},{"not_picked":["Hologram","Fusion"],"picked":"Consume","floor":5},{"not_picked":["Steam Power","Beam Cell"],"picked":"Turbo","floor":7},{"not_picked":["Scrape","Consume"],"picked":"Conserve Battery","floor":8},{"not_picked":["Steam","Go for the Eyes"],"picked":"Barrage","floor":10},{"not_picked":["Echo Form","Rebound"],"picked":"Compile Driver","floor":11},{"not_picked":["Hello World","Skim"],"picked":"Ball Lightning","floor":12},{"not_picked":["Rip and Tear","Sweeping Beam"],"picked":"Rebound","floor":13},{"not_picked":["Go for the Eyes","Streamline"],"picked":"Rebound","floor":14},{"not_picked":["Force Field","Consume"],"picked":"Ball Lightning","floor":15},{"not_picked":["Seek","Echo Form"],"picked":"Fission","floor":16},{"not_picked":["Heatsinks","Gash"],"picked":"Coolheaded","floor":18},{"not_picked":["Barrage","FTL"],"picked":"Leap+1","floor":19},{"not_picked":["Reinforced Body","Gash"],"picked":"Compile Driver","floor":21},{"not_picked":["Compile Driver","Doom and Gloom"],"picked":"Cold Snap","floor":23},{"not_picked":["Buffer","Force Field"],"picked":"Hologram","floor":28},{"not_picked":["Self Repair","Skim"],"picked":"Cold Snap","floor":29},{"not_picked":["Scrape","Steam"],"picked":"Stack","floor":30},{"not_picked":["Heatsinks","Turbo+1"],"picked":"Chaos","floor":32}],"player_experience":33934,"relics_obtained":[{"floor":9,"key":"Dream Catcher"},{"floor":13,"key":"Letter Opener"},{"floor":26,"key":"Kunai"},{"floor":29,"key":"Strawberry"}],"event_choices":[{"event_name":"Living Wall","player_choice":"Grow","floor":4,"damage_taken":0},{"event_name":"Masked Bandits","player_choice":"Paid Bandits 102 gold","floor":22,"damage_taken":0},{"event_name":"The Library","player_choice":"Read","floor":24,"damage_taken":0},{"event_name":"Knowing Skull","player_choice":"CARD ","floor":31,"damage_taken":0}],"boss_relics":[{"not_picked":["Coffee Dripper","Runic Dome"],"picked":"Velvet Choker"}],"items_purged_floors":[20],"is_endless":false,"potions_floor_spawned":[2,7,12,13,14,16,18,21,29,30],"killed_by":"Automaton","ascension_level":0}