{"gold_per_floor":[14,26,26,26,37,68,68,68],"floor_reached":8,"playtime":354,"items_purged":[],"score":84,"play_id":"e1349330-9036-4afd-8293-227c6404f6f8","local_time":"20190125171737","is_ascension_mode":true,"campfire_choices":[{"floor":7,"key":"REST"}],"neow_cost":"NO_GOLD","seed_source_timestamp":592900199035944,"circlet_count":0,"master_deck":["AscendersBane","Defend_G","Defend_G","Defend_G","Defend_G","Defend_G","Strike_G","Strike_G","Strike_G","Strike_G","Strike_G","Survivor","Neutralize+1","Escape Plan","Pain","Prepared","Malaise"],"relics":["Ring of the Snake","Nunchaku","WarpedTongs","Happy Flower"],"potions_floor_usage":[],"damage_taken":[{"damage":5,"enemies":"2 Louse","floor":1,"turns":4},{"damage":0,"enemies":"Cultist","floor":2,"turns":4},{"damage":1,"enemies":"Small Slimes","floor":5,"turns":3},{"damage":27,"enemies":"Lagavulin","floor":6,"turns":8},{"damage":51,"enemies":"3 Sentries","floor":8,"turns":9}],"seed_played":"6439643431741742027","potions_obtained":[{"floor":1,"key":"Energy Potion"},{"floor":6,"key":"FearPotion"}],"is_trial":false,"path_per_floor":["M","M","?","?","M","E","R","E"],"character_chosen":"THE_SILENT","items_purchased":[],"campfire_rested":1,"item_purchase_floors":[],"current_hp_per_floor":[58,58,58,58,57,30,51,0],"gold":68,"neow_bonus":"ONE_RARE_RELIC","is_prod":false,"is_daily":false,"chose_seed":false,"campfire_upgraded":0,"win_rate":0,"timestamp":1548458257,"path_taken":["M","M","?","?","?","E","R","E"],"build_version":"2019-01-23","purchased_purges":0,"victory":false,"max_hp_per_floor":[70,70,70,70,70,70,70,70],"card_choices":[{"not_picked":["Dodge and Roll","Prepared"],"picked":"Escape Plan","floor":1},{"not_picked":["Calculated Gamble","Poisoned Stab","Outmaneuver"],"picked":"SKIP","floor":2},{"not_picked":["Sucker Punch","Outmaneuver"],"picked":"Prepared","floor":5},{"not_picked":["Outmaneuver","Tactician"],"picked":"Malaise","floor":6}],"player_experience":213493,"relics_obtained":[{"floor":6,"key":"Happy Flower"}],"event_choices":[{"damage_healed":0,"gold_gain":0,"player_choice":"Grow","damage_taken":0,"max_hp_gain":0,"max_hp_loss":0,"event_name":"Living Wall","floor":3,"gold_loss":0,"cards_upgraded":["Neutralize"]},{"damage_healed":0,"gold_gain":0,"player_choice":"Rummage","damage_taken":0,"relics_obtained":["WarpedTongs"],"max_hp_gain":0,"max_hp_loss":0,"event_name":"Accursed Blacksmith","floor":4,"gold_loss":0,"cards_obtained":["Pain"]}],"is_beta":false,"boss_relics":[],"items_purged_floors":[],"is_endless":false,"potions_floor_spawned":[1,6],"killed_by":"3 Sentries","ascension_level":10}