{"gold_per_floor":[113,32,43,43,43,73,73,88,88,102,119,134,63,97,97,202,252,269,287,287,27,27,27,27,27,27,41,68,79,79,98,98,201,201,214,0,19,70,70,101,147,160,184,184,184,201,219,15,15,15],"floor_reached":51,"playtime":4085,"items_purged":["Strike_G"],"score":757,"play_id":"5fe35e42-d4b5-403f-848e-b9e19da1bbc4","local_time":"20181023032224","is_ascension_mode":false,"campfire_choices":[{"floor":7,"key":"REST"},{"floor":15,"key":"REST"},{"floor":23,"key":"REST"},{"data":"Malaise","floor":25,"key":"SMITH"},{"data":"Eviscerate","floor":30,"key":"SMITH"},{"data":"Catalyst","floor":32,"key":"SMITH"},{"floor":45,"key":"REST"},{"floor":49,"key":"REST"}],"neow_cost":"NONE","seed_source_timestamp":289594911060602,"circlet_count":0,"master_deck":["Defend_G","Defend_G","Defend_G","Defend_G+1","Defend_G","Strike_G","Strike_G+1","Strike_G","Strike_G","Survivor","Neutralize","Eviscerate","Skewer","Acrobatics+1","Quick Slash","Venomology+1","Choke","Riddle With Holes","Deadly Poison","Predator","Catalyst+1","Malaise+1","Backflip+1","Poisoned Stab","Noxious Fumes","Underhanded Strike","Choke","Eviscerate+1","Underhanded Strike+1","Unload","Terror","Infinite Blades+1","Predator","Writhe","Night Terror","Blade Dance","Transmutation","Master of Strategy","Forethought","Deadly Poison","Backflip+1"],"relics":["Snecko Eye","Tingsha","Snake Skull","Darkstone Periapt","Regal Pillow","Tiny House","Enchiridion","Blue Candle","Pen Nib","War Paint","Happy Flower","Fusion Hammer","Red Mask","Ginger","Bottled Flame","Oddly Smooth Stone","Anchor"],"potions_floor_usage":[6,10,11,14,16,18,19,19,19,28,33,33,33,38,38,40,42,42,46,47,47,50,50],"damage_taken":[{"damage":5,"enemies":"Small Slimes","floor":1,"turns":6},{"damage":0,"enemies":"Jaw Worm","floor":3,"turns":2},{"damage":10,"enemies":"3 Sentries","floor":6,"turns":5},{"damage":0,"enemies":"2 Louse","floor":8,"turns":2},{"damage":0,"enemies":"Looter","floor":10,"turns":2},{"damage":8,"enemies":"Exordium Thugs","floor":11,"turns":4},{"damage":3,"enemies":"Lots of Slimes","floor":12,"turns":3},{"damage":0,"enemies":"Gremlin Nob","floor":14,"turns":3},{"damage":36,"enemies":"Hexaghost","floor":16,"turns":9},{"damage":21,"enemies":"3 Byrds","floor":18,"turns":8},{"damage":2,"enemies":"Spheric Guardian","floor":19,"turns":4},{"damage":12,"enemies":"Centurion and Healer","floor":27,"turns":5},{"damage":0,"enemies":"Book of Stabbing","floor":28,"turns":3},{"damage":5,"enemies":"Chosen and Byrds","floor":29,"turns":4},{"damage":2,"enemies":"Snecko","floor":31,"turns":4},{"damage":30,"enemies":"Collector","floor":33,"turns":6},{"damage":2,"enemies":"Orb Walker","floor":35,"turns":3},{"damage":11,"enemies":"3 Shapes","floor":37,"turns":4},{"damage":15,"enemies":"2 Orb Walkers","floor":38,"turns":5},{"damage":19,"enemies":"Giant Head","floor":40,"turns":6},{"damage":12,"enemies":"Writhing Mass","floor":42,"turns":4},{"damage":0,"enemies":"4 Shapes","floor":46,"turns":3},{"damage":3,"enemies":"Maw","floor":47,"turns":6},{"damage":49,"enemies":"Time Eater","floor":50,"turns":12}],"seed_played":"6262662880800485948","potions_obtained":[{"floor":3,"key":"Swift Potion"},{"floor":6,"key":"Block Potion"},{"floor":8,"key":"GamblersBrew"},{"floor":12,"key":"Poison Potion"},{"floor":17,"key":"Block Potion"},{"floor":18,"key":"Strength Potion"},{"floor":19,"key":"Fire Potion"},{"floor":31,"key":"Regen Potion"},{"floor":40,"key":"Energy Potion"},{"floor":42,"key":"Fruit Juice"},{"floor":46,"key":"Weak Potion"}],"is_trial":false,"path_per_floor":["M","$","M","?","?","E","R","M","T","M","M","M","$","E","R","B",null,"M","M","?","$","?","R","$","R","T","M","E","M","R","M","R","B",null,"M","?","M","?","?","E","T","M","T","?","R","M","M","$","R","B"],"character_chosen":"THE_SILENT","items_purchased":["Skewer","Predator","Blue Candle","GhostInAJar","Swift Potion"],"campfire_rested":5,"item_purchase_floors":[2,13,21,48,48],"current_hp_per_floor":[65,65,65,51,39,29,50,50,50,50,42,39,39,39,70,34,75,54,52,36,36,36,73,73,73,73,61,61,56,56,54,54,39,75,73,73,62,47,72,53,53,41,41,31,70,75,72,72,86,37],"gold":15,"neow_bonus":"BOSS_RELIC","is_prod":false,"is_daily":false,"chose_seed":false,"campfire_upgraded":3,"win_rate":0,"timestamp":1540279344,"path_taken":["M","$","M","?","?","E","R","M","T","M","M","?","$","E","R","BOSS","M","M","?","$","?","R","$","R","T","M","E","?","R","M","R","BOSS","M","?","M","?","?","E","?","M","T","?","R","M","?","$","R","BOSS"],"build_version":"2018-10-18","purchased_purges":1,"victory":true,"max_hp_per_floor":[70,70,70,70,70,70,70,70,70,70,70,70,70,70,70,70,75,75,75,75,75,75,75,75,75,75,75,75,75,75,75,75,75,75,75,75,75,75,81,81,81,81,81,81,81,86,86,86,86,86],"card_choices":[{"not_picked":["Acrobatics","Quick Slash"],"picked":"Eviscerate","floor":1},{"not_picked":["Prepared","Deflect"],"picked":"Acrobatics","floor":3},{"not_picked":["PiercingWail","Dagger Throw"],"picked":"Quick Slash","floor":6},{"not_picked":["Tactician","Cloak And Dagger"],"picked":"Venomology","floor":8},{"not_picked":["Accuracy","Outmaneuver"],"picked":"Choke","floor":10},{"not_picked":["Heel Hook","Blade Dance"],"picked":"Riddle With Holes","floor":11},{"not_picked":["Poisoned Stab","Dodge and Roll"],"picked":"Deadly Poison","floor":12},{"not_picked":["Blade Dance","PiercingWail"],"picked":"Catalyst","floor":14},{"not_picked":["A Thousand Cuts","Adrenaline"],"picked":"Malaise","floor":16},{"not_picked":["Dagger Throw","Blade Dance"],"picked":"Backflip","floor":17},{"not_picked":["All Out Attack","Tactician"],"picked":"Poisoned Stab","floor":18},{"not_picked":["Outmaneuver","Masterful Stab+1"],"picked":"Noxious Fumes","floor":19},{"not_picked":["Cloak And Dagger","Glass Knife"],"picked":"Underhanded Strike","floor":27},{"not_picked":["Quick Slash","Dagger Spray"],"picked":"Choke","floor":28},{"not_picked":["Cloak And Dagger","Flying Knee"],"picked":"Eviscerate","floor":29},{"not_picked":["Backflip","Blade Dance"],"picked":"Underhanded Strike+1","floor":31},{"not_picked":["Doppelganger","Venomology"],"picked":"Unload","floor":33},{"not_picked":["Dodge and Roll+1","Cloak And Dagger"],"picked":"Terror","floor":35},{"not_picked":["Well Laid Plans+1","Deflect"],"picked":"Infinite Blades+1","floor":37},{"not_picked":["Outmaneuver+1","Slice+1"],"picked":"Predator","floor":38},{"not_picked":["Dagger Throw","Flying Knee+1"],"picked":"Night Terror","floor":40},{"not_picked":["Dagger Spray","Endless Agony"],"picked":"Blade Dance","floor":42},{"not_picked":["Finesse","Violence"],"picked":"Transmutation","floor":44},{"not_picked":["Dark Shackles","Forethought"],"picked":"Master of Strategy","floor":44},{"not_picked":["Swift Strike","Madness"],"picked":"Forethought","floor":44},{"not_picked":["Bane","Deflect+1"],"picked":"Deadly Poison","floor":46},{"not_picked":["Blur+1","Deflect+1"],"picked":"Backflip+1","floor":47}],"player_experience":164469,"relics_obtained":[{"floor":6,"key":"Snake Skull"},{"floor":9,"key":"Darkstone Periapt"},{"floor":14,"key":"Regal Pillow"},{"floor":20,"key":"Enchiridion"},{"floor":26,"key":"War Paint"},{"floor":28,"key":"Happy Flower"},{"floor":38,"key":"Ginger"},{"floor":40,"key":"Bottled Flame"},{"floor":41,"key":"Oddly Smooth Stone"},{"floor":43,"key":"Anchor"}],"event_choices":[{"damage_healed":0,"gold_gain":0,"player_choice":"Entered Light","damage_taken":14,"max_hp_gain":0,"max_hp_loss":0,"event_name":"Shining Light","floor":4,"gold_loss":0,"cards_upgraded":["Defend_G","Strike_G"]},{"damage_healed":0,"gold_gain":0,"player_choice":"Success","damage_taken":12,"relics_obtained":["Tingsha"],"max_hp_gain":0,"max_hp_loss":0,"event_name":"Scrap Ooze","floor":5,"gold_loss":0},{"damage_healed":0,"gold_gain":0,"player_choice":"Obtained Book","damage_taken":16,"max_hp_gain":0,"max_hp_loss":0,"event_name":"Cursed Tome","floor":20,"gold_loss":0},{"damage_healed":0,"gold_gain":0,"player_choice":"Gave Potion","damage_taken":0,"relics_obtained":["Pen Nib"],"max_hp_gain":0,"max_hp_loss":0,"event_name":"WeMeetAgain","floor":22,"gold_loss":0},{"damage_healed":0,"gold_gain":0,"player_choice":"Paid","damage_taken":0,"relics_obtained":["Red Mask"],"max_hp_gain":0,"max_hp_loss":0,"event_name":"Tomb of Lord Red Mask","floor":36,"gold_loss":214},{"damage_healed":0,"gold_gain":0,"player_choice":"Fight","damage_taken":0,"max_hp_gain":0,"max_hp_loss":0,"event_name":"Mysterious Sphere","floor":38,"gold_loss":0},{"damage_healed":19,"gold_gain":0,"player_choice":"Writhe","damage_taken":0,"max_hp_gain":0,"max_hp_loss":0,"event_name":"Winding Halls","floor":39,"gold_loss":0,"cards_obtained":["Writhe"]},{"damage_healed":0,"gold_gain":0,"player_choice":"Memory 3","damage_taken":10,"max_hp_gain":0,"max_hp_loss":0,"event_name":"SensoryStone","floor":44,"gold_loss":0}],"is_beta":false,"boss_relics":[{"not_picked":["Coffee Dripper","Runic Dome"],"picked":"Tiny House"},{"not_picked":["Orrery","Pandora\u0027s Box"],"picked":"Fusion Hammer"}],"items_purged_floors":[48],"is_endless":false,"potions_floor_spawned":[3,6,8,12,18,19,31,40,42,46],"ascension_level":0}