{"gold_per_floor":[118,68,68,68,122,149,149,182,258,286,286,302,334,352,352,455,455,470,470,490,490,500,500,518,518,544,643,643,657,280,293,293,396,396,413,513,513,513],"floor_reached":38,"playtime":3027,"items_purged":[],"score":600,"play_id":"cf15c7d8-68a0-4717-90d9-6c70afb36581","local_time":"20181215225926","is_ascension_mode":true,"campfire_choices":[{"floor":11,"key":"REST"},{"floor":15,"key":"REST"},{"data":"Burst","floor":23,"key":"SMITH"},{"floor":25,"key":"REST"},{"data":"Noxious Fumes","floor":28,"key":"SMITH"},{"floor":32,"key":"REST"}],"neow_cost":"NONE","seed_source_timestamp":298482893751458,"circlet_count":0,"master_deck":["AscendersBane","Survivor","Neutralize+1","Blade Dance","Prepared","Riddle With Holes","Skewer","Quick Slash","Cloak And Dagger","Burst+1","Calculated Gamble+1","Noxious Fumes","Noxious Fumes+1","Leg Sweep","Sucker Punch","Dash","Caltrops","Caltrops","Venomology","Accuracy","Deadly Poison+1","Madness","Apotheosis","Caltrops","Setup","Deadly Poison","Envenom","PiercingWail","Cloak And Dagger","Madness","Madness"],"relics":["Pandora\u0027s Box","PreservedInsect","NlothsMask","Incense Burner","Bag of Marbles","Meat on the Bone","WristBlade","Art of War","White Beast Statue","Girya"],"potions_floor_usage":[8,10,18,18,20,24,29,29,33,33,33,35,36,36],"damage_taken":[{"damage":4,"enemies":"Jaw Worm","floor":1,"turns":3},{"damage":7,"enemies":"Lagavulin","floor":6,"turns":7},{"damage":10,"enemies":"3 Sentries","floor":8,"turns":6},{"damage":9,"enemies":"Gremlin Nob","floor":10,"turns":3},{"damage":0,"enemies":"2 Louse","floor":12,"turns":2},{"damage":3,"enemies":"3 Sentries","floor":13,"turns":6},{"damage":0,"enemies":"Small Slimes","floor":14,"turns":2},{"damage":16,"enemies":"Slime Boss","floor":16,"turns":9},{"damage":17,"enemies":"Chosen","floor":18,"turns":5},{"damage":6,"enemies":"Spheric Guardian","floor":20,"turns":5},{"damage":10,"enemies":"Cultist and Chosen","floor":22,"turns":6},{"damage":19,"enemies":"Snake Plant","floor":24,"turns":4},{"damage":16,"enemies":"3 Cultists","floor":29,"turns":5},{"damage":23,"enemies":"Sentry and Sphere","floor":31,"turns":5},{"damage":47,"enemies":"Collector","floor":33,"turns":8},{"damage":27,"enemies":"3 Shapes","floor":35,"turns":7},{"damage":29,"enemies":"Mind Bloom Boss Battle","floor":36,"turns":7},{"damage":28,"enemies":"Orb Walker","floor":38,"turns":3}],"seed_played":"2899995511148900835","potions_obtained":[{"floor":6,"key":"Fire Potion"},{"floor":8,"key":"Energy Potion"},{"floor":13,"key":"Ancient Potion"},{"floor":18,"key":"Swift Potion"},{"floor":29,"key":"LiquidBronze"},{"floor":31,"key":"Swift Potion"},{"floor":33,"key":"Weak Potion"},{"floor":35,"key":"Block Potion"},{"floor":36,"key":"LiquidBronze"}],"is_trial":false,"path_per_floor":["M","?","?","$","T","E","?","E","T","E","R","M","E","M","R","B",null,"M","?","M","?","M","R","M","R","T","?","R","M","$","M","R","B",null,"M","?","?","M"],"character_chosen":"THE_SILENT","items_purchased":["Madness","Apotheosis","Caltrops","Setup"],"campfire_rested":4,"item_purchase_floors":[30,30,30,30],"current_hp_per_floor":[59,59,45,45,45,38,38,28,28,19,40,40,37,37,58,42,63,46,46,40,70,60,60,41,62,62,62,62,46,46,35,56,21,58,45,28,19,0],"gold":513,"neow_bonus":"BOSS_RELIC","is_prod":false,"is_daily":false,"chose_seed":false,"campfire_upgraded":2,"win_rate":0,"timestamp":1544914766,"path_taken":["M","?","?","$","?","E","?","E","T","E","R","M","E","M","R","BOSS","M","?","M","?","?","R","M","R","T","?","R","M","$","M","R","BOSS","M","?","?","M"],"build_version":"2018-12-13","purchased_purges":0,"victory":false,"max_hp_per_floor":[70,70,70,70,70,70,70,70,70,70,70,70,70,70,70,70,70,70,70,70,70,70,70,70,70,70,70,70,70,70,70,70,70,70,70,70,70,70],"card_choices":[{"not_picked":["Flying Knee","Sucker Punch"],"picked":"Noxious Fumes","floor":1},{"not_picked":["Acrobatics","All Out Attack"],"picked":"Leg Sweep","floor":6},{"not_picked":["Flying Knee","Slice"],"picked":"Sucker Punch","floor":8},{"not_picked":["Deflect","Sucker Punch"],"picked":"Dash","floor":10},{"not_picked":["Deflect","Tactician"],"picked":"Caltrops","floor":12},{"not_picked":["Bane","Distraction","Tools of the Trade"],"picked":"SKIP","floor":13},{"not_picked":["PiercingWail","Calculated Gamble"],"picked":"Caltrops","floor":14},{"not_picked":["Burst","Grand Finale"],"picked":"Venomology","floor":16},{"not_picked":["Dagger Throw","Bane","Well Laid Plans"],"picked":"SKIP","floor":18},{"not_picked":["Outmaneuver","Backflip"],"picked":"Terror","floor":20},{"not_picked":["Dagger Throw+1","Setup"],"picked":"Accuracy","floor":22},{"not_picked":["Skewer","Crippling Poison"],"picked":"Deadly Poison+1","floor":24},{"not_picked":["Flying Knee","Outmaneuver","Deflect"],"picked":"SKIP","floor":29},{"not_picked":["Flechettes","Tactician+1"],"picked":"Deadly Poison","floor":31},{"not_picked":["Storm of Steel","Glass Knife"],"picked":"Envenom","floor":33},{"not_picked":["Deadly Poison","Slice+1"],"picked":"PiercingWail","floor":35},{"not_picked":["Deadly Poison","Prepared"],"picked":"Cloak And Dagger","floor":36}],"player_experience":1061258,"relics_obtained":[{"floor":6,"key":"PreservedInsect"},{"floor":8,"key":"Incense Burner"},{"floor":10,"key":"Bag of Marbles"},{"floor":13,"key":"Meat on the Bone"},{"floor":26,"key":"Art of War"},{"floor":36,"key":"Girya"}],"event_choices":[{"cards_removed":["Concentrate"],"damage_healed":0,"gold_gain":0,"player_choice":"Card Removal","damage_taken":0,"max_hp_gain":0,"max_hp_loss":0,"event_name":"The Cleric","floor":2,"gold_loss":50},{"damage_healed":0,"gold_gain":0,"player_choice":"Entered Light","damage_taken":14,"max_hp_gain":0,"max_hp_loss":0,"event_name":"Shining Light","floor":3,"gold_loss":0,"cards_upgraded":["Calculated Gamble","Neutralize"]},{"damage_healed":0,"gold_gain":0,"player_choice":"Trade","damage_taken":0,"relics_obtained":["NlothsMask"],"max_hp_gain":0,"max_hp_loss":0,"event_name":"FaceTrader","floor":7,"gold_loss":0},{"damage_healed":0,"gold_gain":0,"player_choice":"Ignored","damage_taken":0,"max_hp_gain":0,"max_hp_loss":0,"event_name":"Vampires","floor":19,"gold_loss":0},{"cards_removed":["Terror"],"damage_healed":30,"gold_gain":0,"player_choice":"Offered Uncommon","damage_taken":0,"max_hp_gain":0,"max_hp_loss":0,"event_name":"Bonfire Elementals","floor":21,"gold_loss":0},{"damage_healed":0,"gold_gain":99,"player_choice":"Stole From Cult","damage_taken":0,"max_hp_gain":0,"max_hp_loss":0,"event_name":"Nest","floor":27,"gold_loss":0},{"damage_healed":0,"gold_gain":0,"player_choice":"Fight","damage_taken":0,"max_hp_gain":0,"max_hp_loss":0,"event_name":"MindBloom","floor":36,"gold_loss":0},{"damage_healed":0,"gold_gain":0,"player_choice":"Embrace Madness","damage_taken":9,"max_hp_gain":0,"max_hp_loss":0,"event_name":"Winding Halls","floor":37,"gold_loss":0,"cards_obtained":["Madness","Madness"]}],"is_beta":false,"boss_relics":[{"not_picked":["Empty Cage","Ectoplasm"],"picked":"WristBlade"},{"not_picked":["Runic Pyramid","Cursed Key"],"picked":"White Beast Statue"}],"items_purged_floors":[],"is_endless":false,"potions_floor_spawned":[6,8,13,18,29,31,33,35,36],"killed_by":"Orb Walker","ascension_level":10}