{"gold_per_floor":[111,111,9,29,40,67,85,102,102,102,124,124,135,146,146,245,245,260,246,19,19,35,35,51,51,51,51,70,70],"floor_reached":29,"playtime":1879,"items_purged":["Strike_G"],"score":344,"play_id":"5e19cbc3-09ce-4ef5-a65e-de9a465afe59","local_time":"20181204002100","is_ascension_mode":true,"campfire_choices":[{"floor":10,"key":"REST"},{"floor":12,"key":"REST"},{"floor":15,"key":"REST"},{"floor":23,"key":"REST"},{"floor":25,"key":"REST"},{"floor":27,"key":"REST"}],"neow_cost":"NONE","seed_source_timestamp":262659662277713,"circlet_count":0,"master_deck":["AscendersBane","Defend_G","Defend_G","Defend_G","Defend_G","Defend_G","Strike_G","Strike_G","Survivor","Neutralize","Catalyst","Infinite Blades","Finisher","Accuracy","Dagger Spray","Corpse Explosion","Slice","Masterful Stab","Distraction+1","Flying Knee","Cloak And Dagger+1","Night Terror+1","Deflect+1","Infinite Blades+1","Blade Dance+1","Slice","Accuracy","Acrobatics+1","Dagger Spray","Backflip+1","Blade Dance+1"],"relics":["WristBlade","Pen Nib","Toxic Egg 2","Odd Mushroom","Dodecahedron"],"potions_floor_usage":[6,8,11,18,19,22,28,29],"damage_taken":[{"damage":0,"enemies":"2 Louse","floor":1,"turns":2},{"damage":1,"enemies":"Cultist","floor":4,"turns":3},{"damage":8,"enemies":"Small Slimes","floor":5,"turns":4},{"damage":27,"enemies":"Lagavulin","floor":6,"turns":7},{"damage":14,"enemies":"Blue Slaver","floor":7,"turns":3},{"damage":14,"enemies":"Red Slaver","floor":8,"turns":4},{"damage":0,"enemies":"The Mushroom Lair","floor":11,"turns":3},{"damage":14,"enemies":"Exordium Wildlife","floor":13,"turns":3},{"damage":2,"enemies":"2 Fungi Beasts","floor":14,"turns":4},{"damage":58,"enemies":"Hexaghost","floor":16,"turns":8},{"damage":2,"enemies":"3 Byrds","floor":18,"turns":3},{"damage":22,"enemies":"2 Thieves","floor":19,"turns":4},{"damage":18,"enemies":"Centurion and Healer","floor":22,"turns":5},{"damage":35,"enemies":"Snake Plant","floor":24,"turns":4},{"damage":43,"enemies":"Snecko","floor":28,"turns":5},{"damage":5,"enemies":"Cultist and Chosen","floor":29,"turns":3}],"seed_played":"7520948185609490697","potions_obtained":[{"floor":5,"key":"Fruit Juice"},{"floor":7,"key":"Fire Potion"},{"floor":8,"key":"Regen Potion"},{"floor":11,"key":"Swift Potion"},{"floor":16,"key":"Swift Potion"},{"floor":19,"key":"GhostInAJar"},{"floor":24,"key":"GamblersBrew"},{"floor":28,"key":"Strength Potion"}],"is_trial":false,"path_per_floor":["M","?","$","M","M","E","M","M","T","R","?","R","M","M","R","B",null,"M","M","$","?","M","R","M","R","T","R","M","M"],"character_chosen":"THE_SILENT","items_purchased":["Infinite Blades","Finisher","Blade Dance+1","Slice","Accuracy"],"campfire_rested":6,"item_purchase_floors":[3,3,20,20,20],"current_hp_per_floor":[63,63,63,62,54,32,18,4,4,26,35,57,43,41,63,5,58,56,34,34,34,16,38,3,25,25,47,4,0],"gold":70,"neow_bonus":"BOSS_RELIC","is_prod":false,"is_daily":false,"chose_seed":false,"campfire_upgraded":0,"win_rate":0,"timestamp":1543882860,"path_taken":["M","?","$","M","?","E","M","M","T","R","?","R","M","M","R","BOSS","M","M","$","?","?","R","M","R","T","R","M","M"],"build_version":"2018-11-15","purchased_purges":1,"victory":false,"max_hp_per_floor":[70,70,70,70,70,75,75,75,75,75,75,75,75,75,75,75,75,75,75,75,75,75,75,75,75,75,75,75,75],"card_choices":[{"not_picked":["Deflect","Sucker Punch"],"picked":"Catalyst","floor":1},{"not_picked":["Well Laid Plans","Sucker Punch"],"picked":"Accuracy","floor":4},{"not_picked":["Acrobatics","Underhanded Strike"],"picked":"Dagger Spray","floor":5},{"not_picked":["Deflect","Dodge and Roll"],"picked":"Corpse Explosion","floor":6},{"not_picked":["Crippling Poison","Dagger Throw"],"picked":"Slice","floor":7},{"not_picked":["Deflect","Riddle With Holes"],"picked":"Masterful Stab","floor":8},{"not_picked":["Tools of the Trade","Eviscerate"],"picked":"Distraction+1","floor":11},{"not_picked":["Underhanded Strike","Caltrops"],"picked":"Flying Knee","floor":13},{"not_picked":["Leg Sweep+1","Dagger Spray"],"picked":"Cloak And Dagger+1","floor":14},{"not_picked":["Venomology+1","Corpse Explosion+1"],"picked":"Night Terror+1","floor":16},{"not_picked":["Prepared+1","Poisoned Stab+1"],"picked":"Deflect+1","floor":18},{"not_picked":["Underhanded Strike+1","All Out Attack+1"],"picked":"Infinite Blades+1","floor":19},{"not_picked":["Slice","Deflect+1"],"picked":"Dagger Spray","floor":22},{"not_picked":["Outmaneuver+1","Terror+1"],"picked":"Backflip+1","floor":24},{"not_picked":["Underhanded Strike+1","Deflect+1"],"picked":"Blade Dance+1","floor":28}],"player_experience":937313,"relics_obtained":[{"floor":6,"key":"Pen Nib"},{"floor":9,"key":"Toxic Egg 2"},{"floor":11,"key":"Odd Mushroom"},{"floor":26,"key":"Dodecahedron"}],"event_choices":[{"cards_removed":["Strike_G"],"damage_healed":0,"gold_gain":0,"player_choice":"Purged","damage_taken":0,"max_hp_gain":0,"max_hp_loss":0,"event_name":"Purifier","floor":2,"gold_loss":0},{"damage_healed":0,"gold_gain":0,"player_choice":"Fought Mushrooms","damage_taken":0,"max_hp_gain":0,"max_hp_loss":0,"event_name":"Mushrooms","floor":11,"gold_loss":0},{"damage_healed":0,"gold_gain":0,"cards_transformed":["Strike_G"],"player_choice":"Transformed","damage_taken":0,"max_hp_gain":0,"max_hp_loss":0,"event_name":"Transmorgrifier","floor":21,"gold_loss":0,"cards_obtained":["Acrobatics"]}],"is_beta":false,"boss_relics":[{"not_picked":["Coffee Dripper","Snecko Eye","Runic Dome"]}],"items_purged_floors":[20],"is_endless":false,"potions_floor_spawned":[5,7,8,11,16,19,24,28],"killed_by":"Cultist and Chosen","ascension_level":10}