{"gold_per_floor":[117,127,52,52,2,33,33,50,50,80,100,111,111,126,126,224,224,237,152,152,152,170,170,181,200,200,211,211,229,256,276,276,371,421,438,453,469,270,281,281,313,330,357,374,8,8,8,20,20,20],"floor_reached":50,"playtime":6794,"items_purged":["Strike_B"],"score":873,"play_id":"b34040c6-1639-4d24-82ea-d5e582c6e30d","local_time":"20181205152438","is_ascension_mode":true,"campfire_choices":[{"floor":7,"key":"REST"},{"floor":13,"key":"RECALL"},{"floor":15,"key":"REST"},{"floor":23,"key":"REST"},{"floor":28,"key":"REST"},{"data":"Defragment","floor":32,"key":"SMITH"},{"floor":40,"key":"REST"},{"floor":49,"key":"REST"}],"neow_cost":"NONE","seed_source_timestamp":398381739638539,"circlet_count":0,"master_deck":["Defend_B","Defend_B","Defend_B","Zap","Dualcast","Defragment+1","Sunder","Melter","Creative AI+1","Undo","Electrodynamics","All For One","Machine Learning+1","Hologram+1","Sunder+1","Glacier","Thunder Strike","Glacier","All For One","All For One","Creative AI"],"relics":["Snecko Eye","Omamori","Pear","Ornamental Fan","Astrolabe","The Courier","Bronze Scales","Blood Vial","Tiny House","Sundial","Bottled Flame","Oddly Smooth Stone","Emotion Chip","Juzu Bracelet"],"potions_floor_usage":[10,10,16,25,29,29,33,36,37,39,39],"damage_taken":[{"damage":0,"enemies":"2 Louse","floor":1,"turns":2},{"damage":19,"enemies":"Jaw Worm","floor":2,"turns":5},{"damage":35,"enemies":"3 Sentries","floor":6,"turns":9},{"damage":1,"enemies":"Cultist","floor":8,"turns":3},{"damage":10,"enemies":"Lagavulin","floor":10,"turns":3},{"damage":6,"enemies":"Looter","floor":11,"turns":2},{"damage":0,"enemies":"Gremlin Gang","floor":12,"turns":5},{"damage":11,"enemies":"Lots of Slimes","floor":14,"turns":3},{"damage":47,"enemies":"Hexaghost","floor":16,"turns":8},{"damage":0,"enemies":"Chosen","floor":18,"turns":2},{"damage":15,"enemies":"Shell Parasite","floor":22,"turns":5},{"damage":13,"enemies":"Chosen and Byrds","floor":24,"turns":2},{"damage":27,"enemies":"Snecko","floor":25,"turns":3},{"damage":0,"enemies":"Snake Plant","floor":27,"turns":1},{"damage":0,"enemies":"Centurion and Healer","floor":29,"turns":4},{"damage":0,"enemies":"Gremlin Leader","floor":30,"turns":4},{"damage":7,"enemies":"Cultist and Chosen","floor":31,"turns":4},{"damage":32,"enemies":"Collector","floor":33,"turns":11},{"damage":3,"enemies":"3 Shapes","floor":35,"turns":3},{"damage":1,"enemies":"Orb Walker","floor":36,"turns":3},{"damage":0,"enemies":"3 Darklings","floor":37,"turns":4},{"damage":61,"enemies":"Transient","floor":39,"turns":5},{"damage":0,"enemies":"Giant Head","floor":41,"turns":2},{"damage":12,"enemies":"Jaw Worm Horde","floor":42,"turns":2},{"damage":0,"enemies":"Maw","floor":44,"turns":2},{"damage":0,"enemies":"4 Shapes","floor":48,"turns":6},{"damage":75,"enemies":"Time Eater","floor":50,"turns":14}],"seed_played":"-6138431192704021408","potions_obtained":[{"floor":1,"key":"FearPotion"},{"floor":6,"key":"Fire Potion"},{"floor":12,"key":"SpeedPotion"},{"floor":16,"key":"Explosive Potion"},{"floor":22,"key":"Regen Potion"},{"floor":25,"key":"Poison Potion"},{"floor":27,"key":"SkillPotion"},{"floor":31,"key":"SpeedPotion"},{"floor":34,"key":"Fire Potion"},{"floor":36,"key":"Fire Potion"},{"floor":37,"key":"Weak Potion"},{"floor":42,"key":"LiquidBronze"},{"floor":48,"key":"Fire Potion"}],"is_trial":false,"path_per_floor":["M","M","$","?","?","E","R","M","T","E","M","M","R","M","R","B",null,"M","?","$","?","M","R","M","M","T","M","R","M","E","M","R","B",null,"M","M","M","$","M","R","E","M","T","M","$","?","?","M","R","B"],"character_chosen":"DEFECT","items_purchased":["Sundial","Emotion Chip","Juzu Bracelet"],"campfire_rested":6,"item_purchase_floors":[38,45,45],"current_hp_per_floor":[68,49,49,74,74,39,61,60,70,60,54,54,54,43,68,21,69,69,69,69,69,54,79,66,39,39,39,64,76,76,71,71,41,79,78,79,81,81,22,49,51,41,41,43,43,43,43,45,72,0],"gold":20,"neow_bonus":"BOSS_RELIC","is_prod":false,"is_daily":false,"chose_seed":false,"campfire_upgraded":1,"win_rate":0,"timestamp":1544023478,"path_taken":["M","M","$","?","?","E","R","M","T","E","M","M","R","M","R","BOSS","M","?","$","?","M","R","M","M","T","M","R","M","E","M","R","BOSS","M","M","M","$","M","R","E","?","T","M","$","?","?","M","R","BOSS"],"build_version":"2018-11-15","purchased_purges":1,"victory":false,"max_hp_per_floor":[75,75,75,75,75,75,75,75,85,85,85,85,85,85,85,85,85,85,85,85,85,85,85,85,85,85,85,85,85,85,85,85,85,90,90,90,90,90,90,90,90,90,90,90,90,90,90,90,90,90],"card_choices":[{"not_picked":["Cold Snap","Beam Cell"],"picked":"Defragment","floor":1},{"not_picked":["Cold Snap","Gash"],"picked":"Sunder","floor":2},{"not_picked":["Barrage","Steam"],"picked":"Melter","floor":6},{"not_picked":["Stack","Ball Lightning","Reprogram"],"picked":"SKIP","floor":8},{"not_picked":["Beam Cell","Force Field"],"picked":"Creative AI","floor":10},{"not_picked":["Hologram","Chaos"],"picked":"Undo","floor":11},{"not_picked":["Beam Cell","Reinforced Body","Darkness"],"picked":"SKIP","floor":12},{"not_picked":["Streamline","Barrage"],"picked":"Electrodynamics","floor":14},{"not_picked":["Rainbow","Seek"],"picked":"All For One","floor":16},{"not_picked":["Conserve Battery+1","Compile Driver","Leap+1"],"picked":"SKIP","floor":18},{"not_picked":["Conserve Battery+1","Compile Driver","Leap+1"],"picked":"SKIP","floor":18},{"not_picked":["Barrage","Scrape"],"picked":"Glacier","floor":22},{"not_picked":["Ball Lightning","Auto Shields","Leap"],"picked":"SKIP","floor":24},{"not_picked":["Stack+1","Conserve Battery","Ball Lightning"],"picked":"SKIP","floor":25},{"not_picked":["Stack","Aggregate","Turbo"],"picked":"SKIP","floor":27},{"not_picked":["Storm","Hologram"],"picked":"Thunder Strike","floor":29},{"not_picked":["Tempest","Self Repair"],"picked":"Glacier","floor":30},{"not_picked":["Turbo","Sweeping Beam","Hologram"],"picked":"SKIP","floor":31},{"not_picked":["Buffer","Machine Learning"],"picked":"All For One","floor":33},{"not_picked":["Steam Power","Ball Lightning+1","Turbo"],"picked":"SKIP","floor":35},{"not_picked":["Gash+1","Lockon+1","Rebound"],"picked":"SKIP","floor":36},{"not_picked":["Conserve Battery","Cold Snap+1","Streamline+1"],"picked":"SKIP","floor":37},{"not_picked":["Genetic Algorithm","Coolheaded"],"picked":"All For One","floor":39},{"not_picked":["Redo","Go for the Eyes+1","Rebound+1"],"picked":"SKIP","floor":41},{"not_picked":["Cold Snap","Fusion","Barrage+1"],"picked":"SKIP","floor":42},{"not_picked":["Genetic Algorithm+1","Coolheaded","Ball Lightning"],"picked":"SKIP","floor":44},{"not_picked":["Conserve Battery","Go for the Eyes"],"picked":"Creative AI","floor":48}],"player_experience":953895,"relics_obtained":[{"floor":6,"key":"Omamori"},{"floor":9,"key":"Pear"},{"floor":10,"key":"Ornamental Fan"},{"floor":21,"key":"Bronze Scales"},{"floor":30,"key":"Blood Vial"},{"floor":41,"key":"Bottled Flame"},{"floor":43,"key":"Oddly Smooth Stone"}],"event_choices":[{"damage_healed":25,"gold_gain":0,"player_choice":"Banana","damage_taken":0,"max_hp_gain":0,"max_hp_loss":0,"event_name":"Big Fish","floor":4,"gold_loss":0},{"cards_removed":["Strike_B"],"damage_healed":0,"gold_gain":0,"player_choice":"Card Removal","damage_taken":0,"max_hp_gain":0,"max_hp_loss":0,"event_name":"The Cleric","floor":5,"gold_loss":50},{"damage_healed":0,"gold_gain":0,"player_choice":"Obtained Relic","damage_taken":0,"relics_obtained":["The Courier"],"max_hp_gain":0,"max_hp_loss":0,"event_name":"Addict","floor":19,"gold_loss":85},{"damage_healed":0,"gold_gain":0,"player_choice":"Relic","damage_taken":0,"max_hp_gain":0,"max_hp_loss":0,"event_name":"Wheel of Change","floor":21,"gold_loss":0},{"damage_healed":0,"gold_gain":0,"player_choice":"0 cards matched","damage_taken":0,"max_hp_gain":0,"max_hp_loss":0,"event_name":"Match and Keep!","floor":46,"gold_loss":0,"cards_obtained":[]},{"damage_healed":0,"gold_gain":0,"player_choice":"Ignored","damage_taken":0,"max_hp_gain":0,"max_hp_loss":0,"event_name":"SecretPortal","floor":47,"gold_loss":0}],"is_beta":false,"boss_relics":[{"not_picked":["Busted Crown","Lizard Tail"],"picked":"Astrolabe"},{"not_picked":["Philosopher\u0027s Stone","Sozu"],"picked":"Tiny House"}],"items_purged_floors":[3],"is_endless":false,"potions_floor_spawned":[1,6,12,16,22,25,27,31,36,37,42,48],"killed_by":"Time Eater","ascension_level":9}