{"gold_per_floor":[209,226,21,296,316,316,330,330,330,330,357,370,23,23,23,122,122,135,155,165,180,199,199,226,238,301,324,355,292,332,360,372,486,498,528,560,586,610,642,654,699,41,64,79,105,117,117,127,127,127],"floor_reached":51,"playtime":4139,"items_purged":["Regret","Strike_R"],"score":807,"play_id":"99511140-8b6e-4c43-b646-cc4b51585508","local_time":"20190204053933","is_ascension_mode":false,"campfire_choices":[{"data":"Feed","floor":6,"key":"SMITH"},{"data":"Shockwave","floor":8,"key":"SMITH"},{"data":"Inflame","floor":10,"key":"SMITH"},{"data":"Feel No Pain","floor":15,"key":"SMITH"},{"data":"Metallicize","floor":23,"key":"SMITH"},{"data":"Armaments","floor":25,"key":"SMITH"},{"data":"Metallicize","floor":32,"key":"SMITH"},{"floor":40,"key":"REST"},{"floor":47,"key":"REST"},{"floor":49,"key":"REST"}],"neow_cost":"NONE","seed_source_timestamp":3056329108403,"circlet_count":0,"master_deck":["Strike_R","Strike_R","Strike_R","Defend_R","Defend_R","Defend_R","Defend_R","Bash","Shockwave+1","Headbutt","Feed+1","Infernal Blade","Inflame+1","Metallicize+1","Impervious","Spot Weakness","Feel No Pain+1","Havoc","Exhume","Wild Strike","Reckless Charge","Disarm+1","Armaments+1","Metallicize+1","Disarm","Wild Strike+1","Bludgeon","Pommel Strike+1","Burning Pact","Reaper","Flame Barrier+1","Iron Wave+1","Evolve","Shockwave+1","Whirlwind","Juggernaut","Discovery","Uppercut","Armaments","Evolve+1","Body Slam+1","Feel No Pain"],"relics":["Burning Blood","Smiling Mask","Meat on the Bone","Medical Kit","Mark of Pain","MawBank","Juzu Bracelet","Oddly Smooth Stone","Fusion Hammer","PreservedInsect","Toy Ornithopter","Boot","Art of War","Omamori"],"potions_floor_usage":[12,16,16,16,22,24,24,30,33,38,41,50,50,50],"damage_taken":[{"damage":1,"enemies":"Small Slimes","floor":1,"turns":4},{"damage":2,"enemies":"Cultist","floor":2,"turns":4},{"damage":3,"enemies":"2 Louse","floor":5,"turns":3},{"damage":5,"enemies":"Large Slime","floor":7,"turns":6},{"damage":21,"enemies":"3 Sentries","floor":11,"turns":5},{"damage":4,"enemies":"Gremlin Gang","floor":12,"turns":5},{"damage":26,"enemies":"Hexaghost","floor":16,"turns":12},{"damage":21,"enemies":"3 Byrds","floor":18,"turns":6},{"damage":4,"enemies":"Shell Parasite","floor":19,"turns":7},{"damage":6,"enemies":"Snecko","floor":20,"turns":5},{"damage":6,"enemies":"Snake Plant","floor":21,"turns":6},{"damage":6,"enemies":"3 Cultists","floor":22,"turns":6},{"damage":12,"enemies":"Book of Stabbing","floor":24,"turns":10},{"damage":12,"enemies":"Shelled Parasite and Fungi","floor":27,"turns":10},{"damage":8,"enemies":"Cultist and Chosen","floor":28,"turns":12},{"damage":26,"enemies":"Gremlin Leader","floor":30,"turns":15},{"damage":8,"enemies":"Centurion and Healer","floor":31,"turns":7},{"damage":57,"enemies":"Champ","floor":33,"turns":15},{"damage":9,"enemies":"Orb Walker","floor":35,"turns":3},{"damage":39,"enemies":"3 Shapes","floor":36,"turns":16},{"damage":36,"enemies":"3 Darklings","floor":37,"turns":12},{"damage":43,"enemies":"Transient","floor":38,"turns":5},{"damage":17,"enemies":"Maw","floor":39,"turns":13},{"damage":65,"enemies":"Nemesis","floor":41,"turns":11},{"damage":3,"enemies":"4 Shapes","floor":44,"turns":8},{"damage":21,"enemies":"Giant Head","floor":45,"turns":8},{"damage":29,"enemies":"Sphere and 2 Shapes","floor":46,"turns":9},{"damage":7,"enemies":"Maw","floor":48,"turns":7},{"damage":93,"enemies":"Awakened One","floor":50,"turns":15}],"seed_played":"-8501613904576629362","potions_obtained":[{"floor":1,"key":"Block Potion"},{"floor":7,"key":"GamblersBrew"},{"floor":11,"key":"Swift Potion"},{"floor":12,"key":"SpeedPotion"},{"floor":19,"key":"SpeedPotion"},{"floor":20,"key":"Block Potion"},{"floor":21,"key":"Block Potion"},{"floor":22,"key":"AttackPotion"},{"floor":27,"key":"Poison Potion"},{"floor":31,"key":"LiquidBronze"},{"floor":35,"key":"Poison Potion"},{"floor":36,"key":"Ancient Potion"},{"floor":39,"key":"SteroidPotion"}],"is_trial":false,"path_per_floor":["M","M","$","?","M","R","M","R","T","R","E","M","$","$","R","B",null,"M","M","M","M","M","R","E","R","T","M","M","?","E","M","R","B",null,"M","M","M","M","M","R","E","$","T","M","E","M","R","M","R","B",null],"character_chosen":"IRONCLAD","items_purchased":["Feed","Infernal Blade","Medical Kit","Feel No Pain","Havoc","Toy Ornithopter","Discovery","Uppercut","Armaments","Boot","Dexterity Potion"],"campfire_rested":3,"item_purchase_floors":[3,3,13,13,13,42,42,42,42,42,42],"current_hp_per_floor":[80,80,80,80,83,83,87,87,87,87,76,82,82,82,82,66,99,92,98,102,106,114,114,112,112,112,114,120,120,104,110,110,75,163,164,145,121,106,109,163,119,119,119,140,144,135,194,203,203,151],"gold":127,"neow_bonus":"HUNDRED_GOLD","is_prod":false,"is_daily":false,"chose_seed":false,"campfire_upgraded":7,"win_rate":0,"timestamp":1549280373,"path_taken":["M","M","$","?","M","R","M","R","T","R","E","?","?","$","R","BOSS","M","M","M","M","M","R","E","R","T","M","M","?","E","M","R","BOSS","M","M","M","M","M","R","E","$","T","M","E","M","R","M","R","BOSS"],"build_version":"2019-01-23","purchased_purges":2,"victory":true,"max_hp_per_floor":[80,80,80,80,83,83,87,87,87,87,91,95,95,95,95,99,99,107,111,115,119,127,127,131,131,131,139,147,147,151,159,159,163,163,167,175,179,179,183,183,183,183,183,191,191,199,199,203,203,211],"card_choices":[{"not_picked":["Sword Boomerang","Clash"],"picked":"Shockwave","floor":1},{"not_picked":["Pummel","Wild Strike"],"picked":"Headbutt","floor":2},{"not_picked":["Fire Breathing","Armaments"],"picked":"Inflame","floor":5},{"not_picked":["Hemokinesis","Sever Soul"],"picked":"Metallicize","floor":7},{"not_picked":["Blood for Blood","Seeing Red"],"picked":"Impervious","floor":11},{"not_picked":["Flex","Pommel Strike"],"picked":"Spot Weakness","floor":12},{"not_picked":["Double Tap","Reaper"],"picked":"Exhume","floor":16},{"not_picked":["Intimidate","Dual Wield"],"picked":"Wild Strike","floor":18},{"not_picked":["Body Slam","Sword Boomerang"],"picked":"Reckless Charge","floor":19},{"not_picked":["Combust+1","Perfected Strike"],"picked":"Disarm+1","floor":20},{"not_picked":["Entrench","Warcry+1"],"picked":"Armaments","floor":21},{"not_picked":["Body Slam","Thunderclap"],"picked":"Metallicize","floor":22},{"not_picked":["Rupture+1","Rampage+1"],"picked":"Disarm","floor":24},{"not_picked":["Pommel Strike","Shockwave"],"picked":"Wild Strike+1","floor":27},{"not_picked":["Spot Weakness","Flex"],"picked":"Bludgeon","floor":28},{"not_picked":["Fire Breathing","Sword Boomerang"],"picked":"Pommel Strike+1","floor":30},{"not_picked":["Hemokinesis","Iron Wave"],"picked":"Burning Pact","floor":31},{"not_picked":["Immolate","Juggernaut"],"picked":"Reaper","floor":33},{"not_picked":["Sever Soul+1","Hemokinesis+1"],"picked":"Flame Barrier+1","floor":35},{"not_picked":["Flex+1","Sword Boomerang"],"picked":"Iron Wave+1","floor":36},{"not_picked":["Heavy Blade+1","Shockwave+1"],"picked":"Evolve","floor":37},{"not_picked":["Battle Trance+1","Clothesline"],"picked":"Shockwave+1","floor":38},{"not_picked":["Wild Strike+1","Body Slam+1"],"picked":"Whirlwind","floor":39},{"not_picked":["Cleave+1","Heavy Blade"],"picked":"Juggernaut","floor":41},{"not_picked":["Spot Weakness+1","Twin Strike+1"],"picked":"Evolve+1","floor":44},{"not_picked":["Ghostly Armor","Entrench"],"picked":"Body Slam+1","floor":45},{"not_picked":["Iron Wave+1","Twin Strike","Armaments"],"picked":"SKIP","floor":46},{"not_picked":["Thunderclap","Hemokinesis+1"],"picked":"Feel No Pain","floor":48}],"player_experience":731720,"relics_obtained":[{"floor":9,"key":"Smiling Mask"},{"floor":11,"key":"Meat on the Bone"},{"floor":24,"key":"MawBank"},{"floor":26,"key":"Juzu Bracelet"},{"floor":30,"key":"Oddly Smooth Stone"},{"floor":41,"key":"PreservedInsect"},{"floor":43,"key":"Art of War"},{"floor":45,"key":"Omamori"}],"event_choices":[{"damage_healed":0,"gold_gain":275,"player_choice":"Desecrate","damage_taken":0,"max_hp_gain":0,"max_hp_loss":0,"event_name":"Golden Shrine","floor":4,"gold_loss":0,"cards_obtained":["Regret"]},{"cards_removed":["Strike_R"],"damage_healed":0,"gold_gain":0,"player_choice":"Gave Gold","damage_taken":0,"max_hp_gain":0,"max_hp_loss":0,"event_name":"Beggar","floor":29,"gold_loss":75}],"is_beta":false,"boss_relics":[{"not_picked":["Lizard Tail","Pandora\u0027s Box"],"picked":"Mark of Pain"},{"not_picked":["White Beast Statue","Snecko Eye"],"picked":"Fusion Hammer"}],"items_purged_floors":[13,42],"is_endless":false,"potions_floor_spawned":[1,7,11,12,19,20,21,22,27,31,35,36,39,46,48],"ascension_level":0}