{"gold_per_floor":[212,230,405,405,420,420,445,445,491,524,87,105,105,131,131,235,235,160,179,195,195,195,195,222,222,222,253,134,233,267,267,267,362,362,373,473,473,487,501,534,534,551,551,578,590,602,602,612,612,612,612,612,20,49,49],"floor_reached":55,"playtime":6855,"items_purged":["Strike_B"],"score":919,"play_id":"5dad1511-e2f7-4870-851f-113780adb46c","local_time":"20190125183626","is_ascension_mode":true,"campfire_choices":[{"data":"Redo","floor":6,"key":"SMITH"},{"data":"Reboot","floor":8,"key":"SMITH"},{"data":"Glacier","floor":15,"key":"SMITH"},{"data":"Darkness","floor":23,"key":"SMITH"},{"floor":25,"key":"REST"},{"floor":32,"key":"REST"},{"floor":49,"key":"RECALL"},{"data":"Dualcast","floor":52,"key":"SMITH"}],"neow_cost":"NONE","seed_source_timestamp":1371051379363310,"circlet_count":0,"master_deck":["Strike_B","Strike_B+1","Defend_B","Defend_B","Defend_B","Defend_B+1","Zap","Dualcast+1","Darkness+1","Redo+1","Reboot+1","Chaos","Glacier+1","Genetic Algorithm","Reprogram","Chill","Seek","Conserve Battery+1","BootSequence","Double Energy+1","Coolheaded+1","Capacitor","Core Surge+1","Consume+1","Force Field+1","Steam Power+1","Barrage+1","Self Repair","BootSequence+1","Stack+1","Coolheaded+1"],"relics":["Cracked Core","Art of War","Anchor","Juzu Bracelet","Strange Spoon","Vajra","Nuclear Battery","Nilry\u0027s Codex","Toxic Egg 2","Lantern","War Paint","Happy Flower","Pen Nib","The Courier","Inserter","Emotion Chip","Mercury Hourglass","Orichalcum","Whetstone","Cables","Oddly Smooth Stone","ClockworkSouvenir","Dodecahedron"],"potions_floor_usage":[10,27,30,33,38,50,50],"damage_taken":[{"damage":0,"enemies":"Small Slimes","floor":1,"turns":2},{"damage":2,"enemies":"Jaw Worm","floor":2,"turns":4},{"damage":4,"enemies":"Cultist","floor":5,"turns":4},{"damage":29,"enemies":"3 Sentries","floor":7,"turns":8},{"damage":15,"enemies":"Gremlin Nob","floor":10,"turns":3},{"damage":5,"enemies":"2 Fungi Beasts","floor":12,"turns":5},{"damage":3,"enemies":"Lagavulin","floor":14,"turns":8},{"damage":2,"enemies":"Hexaghost","floor":16,"turns":9},{"damage":0,"enemies":"2 Thieves","floor":18,"turns":5},{"damage":4,"enemies":"Spheric Guardian","floor":19,"turns":4},{"damage":7,"enemies":"Shelled Parasite and Fungi","floor":20,"turns":7},{"damage":45,"enemies":"Book of Stabbing","floor":24,"turns":8},{"damage":18,"enemies":"Gremlin Leader","floor":27,"turns":11},{"damage":0,"enemies":"Slavers","floor":30,"turns":8},{"damage":21,"enemies":"Collector","floor":33,"turns":13},{"damage":3,"enemies":"3 Darklings","floor":35,"turns":5},{"damage":0,"enemies":"Mind Bloom Boss Battle","floor":36,"turns":8},{"damage":0,"enemies":"Orb Walker","floor":38,"turns":4},{"damage":0,"enemies":"Writhing Mass","floor":39,"turns":5},{"damage":13,"enemies":"Nemesis","floor":40,"turns":13},{"damage":0,"enemies":"3 Darklings","floor":42,"turns":8},{"damage":37,"enemies":"Reptomancer","floor":44,"turns":8},{"damage":0,"enemies":"Sphere and 2 Shapes","floor":45,"turns":7},{"damage":0,"enemies":"Maw","floor":46,"turns":7},{"damage":3,"enemies":"Spire Growth","floor":48,"turns":6},{"damage":0,"enemies":"Donu and Deca","floor":50,"turns":10},{"damage":93,"enemies":"Shield and Spear","floor":54,"turns":9},{"damage":21,"enemies":"The Heart","floor":55,"turns":3}],"seed_played":"6964350967592276866","potions_obtained":[{"floor":2,"key":"FairyPotion"},{"floor":5,"key":"Poison Potion"},{"floor":10,"key":"Strength Potion"},{"floor":20,"key":"GamblersBrew"},{"floor":24,"key":"Weak Potion"},{"floor":27,"key":"EssenceOfSteel"},{"floor":35,"key":"Weak Potion"},{"floor":40,"key":"Swift Potion"},{"floor":42,"key":"Strength Potion"},{"floor":44,"key":"PowerPotion"}],"is_trial":false,"path_per_floor":["M","M","?","?","M","R","E","R","T","E","$","M","?","E","R","B",null,"M","M","M","?","?","R","E","R","T","E","?","?","E","T","R","B",null,"M","?","?","M","M","E","?","M","T","E","M","M","?","M","R","B",null,"R","$","E","B"],"character_chosen":"DEFECT","items_purchased":["Glacier","Strange Spoon","Genetic Algorithm","Whetstone","Cables","Oddly Smooth Stone","ClockworkSouvenir"],"campfire_rested":2,"item_purchase_floors":[11,11,11,53,53,53,53],"current_hp_per_floor":[75,73,73,66,62,62,33,33,33,18,18,13,13,10,10,8,75,75,71,64,48,48,48,3,25,25,7,7,7,7,7,29,8,75,72,72,72,72,72,59,59,59,59,22,29,36,36,40,40,47,72,72,72,9,0],"gold":49,"neow_bonus":"HUNDRED_GOLD","is_prod":false,"is_daily":false,"chose_seed":false,"campfire_upgraded":5,"win_rate":0,"timestamp":1548462986,"path_taken":["M","M","?","?","M","R","E","R","T","E","$","M","?","E","R","BOSS","M","M","M","?","?","R","E","R","T","E","?","?","E","?","R","BOSS","M","?","?","M","M","E","?","M","T","E","M","M","?","M","R","BOSS","R","$","E","BOSS"],"build_version":"2019-01-23","purchased_purges":1,"victory":false,"max_hp_per_floor":[75,75,75,75,75,75,75,75,75,75,75,75,75,75,75,75,75,75,75,75,75,75,75,75,75,75,75,75,75,75,75,75,75,75,75,75,75,75,75,75,72,72,72,72,72,72,72,72,72,72,72,72,72,72,72],"card_choices":[{"not_picked":["Hologram","Redo","Steam"],"picked":"SKIP","floor":1},{"not_picked":["Reinforced Body","Consume"],"picked":"Darkness","floor":2},{"not_picked":["Go for the Eyes","Beam Cell"],"picked":"Redo","floor":5},{"not_picked":["Turbo","Cold Snap"],"picked":"Reboot","floor":7},{"not_picked":["Recycle","Reinforced Body"],"picked":"Chaos","floor":10},{"not_picked":["Gash","Doom and Gloom"],"picked":"Reprogram","floor":12},{"not_picked":["Stack","Streamline"],"picked":"Chill","floor":14},{"not_picked":["Fission","Hyperbeam"],"picked":"Seek","floor":16},{"not_picked":["Ball Lightning+1","Steam+1"],"picked":"Conserve Battery","floor":18},{"not_picked":["Sweeping Beam","Leap"],"picked":"BootSequence","floor":19},{"not_picked":["Cold Snap","Turbo","Chill"],"picked":"SKIP","floor":20},{"not_picked":["Force Field","Chaos"],"picked":"Double Energy","floor":24},{"not_picked":["Recycle+1","Cold Snap"],"picked":"Coolheaded+1","floor":27},{"not_picked":["Conserve Battery+1","Darkness+1"],"picked":"Capacitor","floor":30},{"not_picked":["Meteor Strike","Buffer"],"picked":"Core Surge","floor":33},{"not_picked":["Chill+1","Heatsinks+1"],"picked":"Consume+1","floor":35},{"not_picked":["Recycle+1","Rebound+1","Go for the Eyes"],"picked":"SKIP","floor":38},{"not_picked":["Reinforced Body+1","Gash+1"],"picked":"Force Field+1","floor":39},{"not_picked":["Turbo+1","Cold Snap+1"],"picked":"Steam Power+1","floor":40},{"not_picked":["Redo+1","Stack+1"],"picked":"Barrage+1","floor":42},{"not_picked":["Meteor Strike","Sunder"],"picked":"Self Repair","floor":44},{"not_picked":["Beam Cell","Rip and Tear+1"],"picked":"BootSequence+1","floor":45},{"not_picked":["Fusion+1","Leap+1"],"picked":"Stack+1","floor":46},{"not_picked":["Lockon","Go for the Eyes"],"picked":"Coolheaded+1","floor":48},{"not_picked":["Doom and Gloom+1","Tempest+1","Turbo+1"],"picked":"SKIP","floor":54}],"player_experience":285725,"relics_obtained":[{"floor":7,"key":"Art of War"},{"floor":9,"key":"Anchor"},{"floor":10,"key":"Juzu Bracelet"},{"floor":14,"key":"Vajra"},{"floor":21,"key":"Nilry\u0027s Codex"},{"floor":24,"key":"Toxic Egg 2"},{"floor":26,"key":"Lantern"},{"floor":27,"key":"War Paint"},{"floor":30,"key":"Pen Nib"},{"floor":31,"key":"The Courier"},{"floor":36,"key":"Emotion Chip"},{"floor":40,"key":"Mercury Hourglass"},{"floor":44,"key":"Orichalcum"},{"floor":54,"key":"Dodecahedron"}],"event_choices":[{"damage_healed":0,"gold_gain":175,"player_choice":"AGREE","damage_taken":0,"max_hp_gain":0,"max_hp_loss":0,"event_name":"Liars Game","floor":3,"gold_loss":0,"cards_obtained":["Doubt"]},{"cards_removed":["Doubt"],"damage_healed":0,"gold_gain":0,"player_choice":"Card Removal","damage_taken":7,"max_hp_gain":0,"max_hp_loss":0,"event_name":"Golden Wing","floor":4,"gold_loss":0},{"damage_healed":0,"gold_gain":0,"player_choice":"Ignored","damage_taken":0,"max_hp_gain":0,"max_hp_loss":0,"event_name":"NoteForYourself","floor":13,"gold_loss":0},{"damage_healed":0,"gold_gain":0,"player_choice":"Obtained Book","damage_taken":16,"max_hp_gain":0,"max_hp_loss":0,"event_name":"Cursed Tome","floor":21,"gold_loss":0},{"damage_healed":0,"gold_gain":0,"player_choice":"Ignored","damage_taken":0,"max_hp_gain":0,"max_hp_loss":0,"event_name":"Vampires","floor":22,"gold_loss":0},{"damage_healed":0,"gold_gain":0,"player_choice":"Paid Gold","damage_taken":0,"relics_obtained":["Happy Flower"],"max_hp_gain":0,"max_hp_loss":0,"event_name":"WeMeetAgain","floor":28,"gold_loss":119},{"damage_healed":0,"gold_gain":99,"player_choice":"Stole From Cult","damage_taken":0,"max_hp_gain":0,"max_hp_loss":0,"event_name":"Nest","floor":29,"gold_loss":0},{"damage_healed":0,"gold_gain":0,"player_choice":"Fight","damage_taken":0,"max_hp_gain":0,"max_hp_loss":0,"event_name":"MindBloom","floor":36,"gold_loss":0},{"damage_healed":0,"gold_gain":0,"player_choice":"Memory 1","damage_taken":0,"max_hp_gain":0,"max_hp_loss":0,"event_name":"SensoryStone","floor":37,"gold_loss":0},{"cards_removed":["Parasite"],"damage_healed":0,"gold_gain":0,"player_choice":"Removed Curses","damage_taken":0,"max_hp_gain":0,"max_hp_loss":0,"event_name":"Fountain of Cleansing","floor":41,"gold_loss":0},{"cards_removed":["Strike_B"],"damage_healed":0,"gold_gain":0,"player_choice":"Removed Attack","damage_taken":0,"max_hp_gain":0,"max_hp_loss":0,"event_name":"Falling","floor":47,"gold_loss":0}],"is_beta":false,"boss_relics":[{"not_picked":["Black Star","Pandora\u0027s Box"],"picked":"Nuclear Battery"},{"not_picked":["Philosopher\u0027s Stone","Orrery"],"picked":"Inserter"}],"items_purged_floors":[11],"is_endless":false,"potions_floor_spawned":[2,5,10,20,24,27,35,40,42,44,45,48],"killed_by":"The Heart","ascension_level":1}