{"gold_per_floor":[363,538,538,553,563,588,588,7,31,57,79,91,135,174,186,302,314,338,350,375,397,409,456,468,512,524,31,43,43,74,74,74,177,177,192,192,211,226,239,239,270,270],"floor_reached":42,"playtime":20225,"items_purged":[],"score":526,"play_id":"35fc659b-6614-4423-bbe3-a61f319238a4","local_time":"20190210213746","is_ascension_mode":false,"campfire_choices":[{"floor":7,"key":"REST"},{"floor":15,"key":"REST"},{"floor":24,"key":"REST"},{"floor":32,"key":"REST"},{"floor":40,"key":"REST"}],"neow_cost":"TEN_PERCENT_HP_LOSS","seed_source_timestamp":204814810039855,"circlet_count":0,"master_deck":["Strike_R","Strike_R","Strike_R","Strike_R","Strike_R","Defend_R+1","Defend_R","Defend_R","Defend_R","Bash","Pummel","Doubt","Heavy Blade","Thunderclap","Rage","Ghostly Armor","Inflame","Regret","Juggernaut","Reckless Charge+1","Double Tap","Whirlwind+1","J.A.X.+1","Fire Breathing","Body Slam+1","Feel No Pain","Warcry","Demon Form","Flame Barrier+1","Dark Embrace","Flex","Warcry","Shrug It Off+1","Exhume","Pommel Strike+1"],"relics":["Burning Blood","Happy Flower","Blue Candle","Molten Egg 2","Toolbox","Orichalcum","MawBank","Mango","Ginger","Odd Mushroom","Mark of Pain","Self Forming Clay","War Paint","Bag of Preparation","Ice Cream","HandDrill","Red Mask","Runic Dome","Champion Belt"],"potions_floor_usage":[28,33,33,33],"damage_taken":[{"damage":0,"enemies":"2 Louse","floor":1,"turns":3},{"damage":5,"enemies":"Jaw Worm","floor":4,"turns":4},{"damage":5,"enemies":"Small Slimes","floor":5,"turns":3},{"damage":34,"enemies":"3 Sentries","floor":6,"turns":9},{"damage":2,"enemies":"Blue Slaver","floor":10,"turns":3},{"damage":21,"enemies":"Large Slime","floor":11,"turns":8},{"damage":20,"enemies":"Gremlin Nob","floor":13,"turns":5},{"damage":10,"enemies":"The Mushroom Lair","floor":14,"turns":2},{"damage":38,"enemies":"Slime Boss","floor":16,"turns":10},{"damage":26,"enemies":"2 Thieves","floor":18,"turns":4},{"damage":5,"enemies":"Shell Parasite","floor":20,"turns":3},{"damage":8,"enemies":"Centurion and Healer","floor":21,"turns":4},{"damage":53,"enemies":"Book of Stabbing","floor":23,"turns":5},{"damage":38,"enemies":"Gremlin Leader","floor":25,"turns":5},{"damage":1,"enemies":"Chosen and Byrds","floor":28,"turns":4},{"damage":16,"enemies":"Masked Bandits","floor":30,"turns":3},{"damage":22,"enemies":"Collector","floor":33,"turns":6},{"damage":8,"enemies":"3 Shapes","floor":35,"turns":5},{"damage":24,"enemies":"Orb Walker","floor":37,"turns":4},{"damage":35,"enemies":"Transient","floor":38,"turns":5},{"damage":9,"enemies":"Writhing Mass","floor":39,"turns":3},{"damage":52,"enemies":"Reptomancer","floor":41,"turns":6},{"damage":30,"enemies":"Jaw Worm Horde","floor":42,"turns":2}],"seed_played":"-7980987144083799439","potions_obtained":[{"floor":1,"key":"LiquidBronze"},{"floor":11,"key":"Explosive Potion"},{"floor":14,"key":"Regen Potion"},{"floor":23,"key":"GamblersBrew"},{"floor":28,"key":"SteroidPotion"},{"floor":38,"key":"EssenceOfSteel"}],"is_trial":false,"path_per_floor":["M","?","?","M","M","E","R","$","T","M","M","?","E","?","R","B",null,"M","?","M","M","?","E","R","E","T","$","M","$","?","?","R","B",null,"M","?","M","M","M","R","E","M"],"character_chosen":"IRONCLAD","items_purchased":["Molten Egg 2","Toolbox","Orichalcum","Ice Cream","HandDrill"],"campfire_rested":5,"item_purchase_floors":[8,8,8,27,27],"current_hp_per_floor":[72,72,39,40,41,13,34,34,34,38,23,37,23,19,44,12,86,66,66,67,65,65,18,43,11,11,11,28,28,18,1,28,12,91,89,89,71,42,39,66,20,0],"gold":270,"neow_bonus":"TWO_FIFTY_GOLD","is_prod":false,"is_daily":false,"chose_seed":false,"campfire_upgraded":0,"win_rate":0.0,"timestamp":1549831066,"path_taken":["M","?","?","M","M","E","R","$","T","M","M","?","E","?","R","BOSS","M","?","M","M","?","E","R","E","T","?","M","$","?","?","R","BOSS","M","?","M","M","?","R","E","M"],"build_version":"2019-01-23","purchased_purges":0,"victory":false,"max_hp_per_floor":[72,72,72,72,72,72,72,72,72,72,72,86,86,86,86,86,86,86,86,86,86,86,86,86,86,86,86,86,86,86,91,91,91,91,91,91,91,91,91,91,91,91],"card_choices":[{"not_picked":["Sentinel","Pommel Strike"],"picked":"Pummel","floor":1},{"not_picked":["Headbutt","Cleave"],"picked":"Heavy Blade","floor":4},{"not_picked":["Clash","Infernal Blade"],"picked":"Thunderclap","floor":5},{"not_picked":["Intimidate","Heavy Blade"],"picked":"Rage","floor":6},{"not_picked":["Body Slam+1","Anger+1"],"picked":"Ghostly Armor","floor":10},{"not_picked":["Shrug It Off","Cleave+1"],"picked":"Inflame","floor":11},{"not_picked":["Cleave+1","Sword Boomerang+1"],"picked":"Juggernaut","floor":13},{"not_picked":["Entrench","Perfected Strike+1"],"picked":"Reckless Charge+1","floor":14},{"not_picked":["Bludgeon+1","Fiend Fire+1"],"picked":"Double Tap","floor":16},{"not_picked":["Wild Strike+1","Sentinel"],"picked":"Whirlwind+1","floor":18},{"not_picked":["True Grit","Anger+1"],"picked":"Fire Breathing","floor":20},{"not_picked":["Havoc","Intimidate+1"],"picked":"Body Slam+1","floor":21},{"not_picked":["Bludgeon+1","Clothesline+1"],"picked":"Warcry","floor":23},{"not_picked":["Whirlwind+1","Iron Wave+1"],"picked":"Demon Form","floor":25},{"not_picked":["Anger+1","Wild Strike+1"],"picked":"Flame Barrier+1","floor":28},{"not_picked":["Bludgeon+1","Limit Break"],"picked":"Dark Embrace","floor":33},{"not_picked":["Sever Soul+1","True Grit"],"picked":"Flex","floor":35},{"not_picked":["Flex+1","Anger+1"],"picked":"Shrug It Off+1","floor":37},{"not_picked":["Body Slam+1","Cleave+1","Perfected Strike+1"],"picked":"SKIP","floor":38},{"not_picked":["Headbutt+1","Searing Blow+1"],"picked":"Exhume","floor":39},{"not_picked":["Heavy Blade+1","Sword Boomerang+1"],"picked":"Pommel Strike+1","floor":41}],"player_experience":160351,"relics_obtained":[{"floor":6,"key":"Blue Candle"},{"floor":9,"key":"MawBank"},{"floor":13,"key":"Ginger"},{"floor":14,"key":"Odd Mushroom"},{"floor":23,"key":"Self Forming Clay"},{"floor":25,"key":"War Paint"},{"floor":26,"key":"Bag of Preparation"},{"floor":30,"key":"Red Mask"},{"floor":41,"key":"Champion Belt"}],"event_choices":[{"damage_healed":0,"gold_gain":175,"player_choice":"AGREE","damage_taken":0,"max_hp_gain":0,"max_hp_loss":0,"event_name":"Liars Game","floor":2,"gold_loss":0,"cards_obtained":["Doubt"]},{"damage_healed":0,"gold_gain":0,"player_choice":"Success","damage_taken":33,"relics_obtained":["Happy Flower"],"max_hp_gain":0,"max_hp_loss":0,"event_name":"Scrap Ooze","floor":3,"gold_loss":0},{"damage_healed":0,"gold_gain":0,"player_choice":"Box","damage_taken":0,"relics_obtained":["Mango"],"max_hp_gain":0,"max_hp_loss":0,"event_name":"Big Fish","floor":12,"gold_loss":0,"cards_obtained":["Regret"]},{"damage_healed":0,"gold_gain":0,"player_choice":"Fought Mushrooms","damage_taken":0,"max_hp_gain":0,"max_hp_loss":0,"event_name":"Mushrooms","floor":14,"gold_loss":0},{"damage_healed":0,"gold_gain":0,"player_choice":"Obtain J.A.X.","damage_taken":0,"max_hp_gain":0,"max_hp_loss":0,"event_name":"Drug Dealer","floor":19,"gold_loss":0,"cards_obtained":["J.A.X."]},{"damage_healed":0,"gold_gain":0,"player_choice":"Read","damage_taken":0,"max_hp_gain":0,"max_hp_loss":0,"event_name":"The Library","floor":22,"gold_loss":0,"cards_obtained":["Feel No Pain"]},{"damage_healed":0,"gold_gain":0,"player_choice":"Fought Bandits","damage_taken":0,"max_hp_gain":0,"max_hp_loss":0,"event_name":"Masked Bandits","floor":30,"gold_loss":0},{"damage_healed":0,"gold_gain":0,"player_choice":"Shed Blood","damage_taken":22,"max_hp_gain":5,"max_hp_loss":0,"event_name":"Forgotten Altar","floor":31,"gold_loss":0},{"damage_healed":0,"gold_gain":0,"player_choice":"Copied","damage_taken":0,"max_hp_gain":0,"max_hp_loss":0,"event_name":"Duplicator","floor":36,"gold_loss":0,"cards_obtained":["Warcry"]}],"is_beta":false,"boss_relics":[{"not_picked":["Calling Bell","Pandora\u0027s Box"],"picked":"Mark of Pain"},{"not_picked":["Tiny House","Philosopher\u0027s Stone"],"picked":"Runic Dome"}],"items_purged_floors":[],"is_endless":false,"potions_floor_spawned":[1,11,14,16,20,23,28,30,38],"killed_by":"Jaw Worm Horde","ascension_level":0}