{"gold_per_floor":[110,110,110,110,130,156,156,11,37,37,10,10,22,32,32,135,135,121,36,36,36,36,61,61,72,72,92,103,103,120,130,130,235,235,249,268,47,47,47,47,47,47,47,82,82,99,99,112,112,112],"floor_reached":51,"playtime":2352,"items_purged":[],"score":929,"play_id":"a5d9035a-8ffa-4121-8eea-0449410640e7","local_time":"20190201234600","is_ascension_mode":true,"campfire_choices":[{"data":"Adrenaline","floor":7,"key":"SMITH"},{"data":"Noxious Fumes","floor":10,"key":"SMITH"},{"data":"Catalyst","floor":12,"key":"SMITH"},{"data":"Strike_G","floor":15,"key":"PURGE"},{"data":"Blur","floor":24,"key":"SMITH"},{"floor":29,"key":"REST"},{"floor":32,"key":"REST"},{"data":"Corpse Explosion","floor":40,"key":"SMITH"},{"data":"Adrenaline","floor":42,"key":"SMITH"},{"data":"Defend_G","floor":45,"key":"PURGE"},{"data":"Dodge and Roll","floor":49,"key":"SMITH"}],"neow_cost":"CURSE","seed_source_timestamp":22110166532400,"circlet_count":0,"master_deck":["Defend_G","Defend_G","Defend_G","Defend_G","Strike_G","Survivor","Neutralize+1","Blur+1","Blade Dance","Adrenaline+1","Noxious Fumes+1","Catalyst+1","Cloak And Dagger","Escape Plan","Dash","Leg Sweep+1","Caltrops","Ghostly","Ghostly","Ghostly","Ghostly","Ghostly","Backflip","Dodge and Roll+1","Noxious Fumes+1","Catalyst+1","Corpse Explosion+1","PiercingWail","Well Laid Plans+1","Adrenaline+1","Escape Plan"],"relics":["Ring of the Snake","Peace Pipe","Ancient Tea Set","Vajra","Empty Cage","Happy Flower","Oddly Smooth Stone","Mummified Hand","Coffee Dripper","Strawberry","Tough Bandages","Potion Belt","Letter Opener"],"potions_floor_usage":[6,16,27,27,50,50,50,50],"damage_taken":[{"damage":11,"enemies":"Cultist","floor":1,"turns":6},{"damage":0,"enemies":"Jaw Worm","floor":5,"turns":5},{"damage":37,"enemies":"3 Sentries","floor":6,"turns":8},{"damage":0,"enemies":"2 Louse","floor":13,"turns":2},{"damage":5,"enemies":"Red Slaver","floor":14,"turns":4},{"damage":1,"enemies":"Hexaghost","floor":16,"turns":11},{"damage":9,"enemies":"2 Thieves","floor":18,"turns":4},{"damage":18,"enemies":"Gremlin Leader","floor":23,"turns":10},{"damage":0,"enemies":"Spheric Guardian","floor":25,"turns":6},{"damage":18,"enemies":"Cultist and Chosen","floor":27,"turns":9},{"damage":0,"enemies":"Shelled Parasite and Fungi","floor":28,"turns":5},{"damage":0,"enemies":"Snecko","floor":30,"turns":5},{"damage":0,"enemies":"Centurion and Healer","floor":31,"turns":7},{"damage":15,"enemies":"Automaton","floor":33,"turns":9},{"damage":1,"enemies":"Orb Walker","floor":35,"turns":6},{"damage":0,"enemies":"3 Darklings","floor":36,"turns":5},{"damage":0,"enemies":"Nemesis","floor":44,"turns":7},{"damage":0,"enemies":"Maw","floor":46,"turns":6},{"damage":0,"enemies":"Writhing Mass","floor":48,"turns":4},{"damage":0,"enemies":"Donu and Deca","floor":50,"turns":7}],"seed_played":"-511192886527012611","potions_obtained":[{"floor":1,"key":"Poison Potion"},{"floor":6,"key":"Weak Potion"},{"floor":14,"key":"GhostInAJar"},{"floor":16,"key":"Ancient Potion"},{"floor":23,"key":"AttackPotion"},{"floor":31,"key":"SteroidPotion"},{"floor":44,"key":"GhostInAJar"},{"floor":46,"key":"Block Potion"},{"floor":48,"key":"EssenceOfSteel"}],"is_trial":false,"path_per_floor":["M","?","?","?","M","E","R","$","T","R","$","R","M","M","R","B",null,"M","?","?","?","$","E","R","M","T","M","M","R","M","M","R","B",null,"M","M","$","?","$","R","?","R","T","E","R","M","T","M","R","B",null],"character_chosen":"THE_SILENT","items_purchased":["Noxious Fumes","Catalyst","Cloak And Dagger","Strawberry","Adrenaline"],"campfire_rested":2,"item_purchase_floors":[8,8,11,37,37],"current_hp_per_floor":[59,64,57,57,57,20,20,20,20,20,20,20,20,15,15,14,75,66,66,66,37,37,19,19,19,19,1,1,12,12,12,23,8,37,36,36,43,42,42,42,42,42,42,42,42,42,42,42,42,42],"gold":112,"neow_bonus":"ONE_RARE_RELIC","is_prod":false,"is_daily":false,"chose_seed":false,"campfire_upgraded":7,"win_rate":0,"timestamp":1549089960,"path_taken":["M","?","?","?","M","E","R","$","T","R","$","R","M","?","R","BOSS","M","?","?","?","$","E","R","M","T","M","M","R","M","M","R","BOSS","M","M","$","?","$","R","?","R","T","E","R","?","?","M","R","BOSS"],"build_version":"2019-01-23","purchased_purges":0,"victory":true,"max_hp_per_floor":[70,75,75,75,75,75,75,75,75,75,75,75,75,75,75,75,75,75,75,75,37,37,37,37,37,37,37,37,37,37,37,37,37,37,37,37,44,42,42,42,42,42,42,42,42,42,42,42,42,42],"card_choices":[{"not_picked":["Calculated Gamble","Catalyst"],"picked":"Blur","floor":1},{"not_picked":["Underhanded Strike","Dodge and Roll"],"picked":"Blade Dance","floor":5},{"not_picked":["Deadly Poison","Dagger Spray"],"picked":"Adrenaline","floor":6},{"not_picked":["Calculated Gamble","Masterful Stab"],"picked":"Escape Plan","floor":13},{"not_picked":["Dagger Spray","Dash","Noxious Fumes"],"picked":"SKIP","floor":14},{"not_picked":["Dagger Spray","Noxious Fumes"],"picked":"Dash","floor":14},{"not_picked":["Acrobatics","Slice"],"picked":"Leg Sweep+1","floor":18},{"not_picked":["Leg Sweep","Underhanded Strike"],"picked":"Backflip","floor":23},{"not_picked":["Flying Knee","Underhanded Strike+1"],"picked":"Dodge and Roll","floor":25},{"not_picked":["Sucker Punch+1","Bane"],"picked":"Noxious Fumes+1","floor":27},{"not_picked":["Leg Sweep","Underhanded Strike+1"],"picked":"Catalyst+1","floor":28},{"not_picked":["Outmaneuver","Dagger Spray+1","Dagger Throw+1"],"picked":"SKIP","floor":30},{"not_picked":["Bane","Envenom","Sucker Punch"],"picked":"SKIP","floor":31},{"not_picked":["Die Die Die","Grand Finale"],"picked":"Corpse Explosion","floor":33},{"not_picked":["Cloak And Dagger","Bane"],"picked":"PiercingWail","floor":35},{"not_picked":["Reflex+1","Deflect"],"picked":"Well Laid Plans+1","floor":36},{"not_picked":["Concentrate+1","Sucker Punch+1","Blade Dance"],"picked":"SKIP","floor":44},{"not_picked":["Bullet Time","Riddle With Holes","Outmaneuver"],"picked":"SKIP","floor":46},{"not_picked":["Slice","Accuracy"],"picked":"Escape Plan","floor":48}],"player_experience":289850,"relics_obtained":[{"floor":6,"key":"Ancient Tea Set"},{"floor":9,"key":"Vajra"},{"floor":23,"key":"Oddly Smooth Stone"},{"floor":26,"key":"Mummified Hand"},{"floor":43,"key":"Tough Bandages"},{"floor":44,"key":"Potion Belt"},{"floor":47,"key":"Letter Opener"}],"event_choices":[{"damage_healed":0,"gold_gain":0,"player_choice":"Donut","damage_taken":0,"max_hp_gain":5,"max_hp_loss":0,"event_name":"Big Fish","floor":2,"gold_loss":0},{"cards_removed":["Doubt"],"damage_healed":0,"gold_gain":0,"player_choice":"Card Removal","damage_taken":7,"max_hp_gain":0,"max_hp_loss":0,"event_name":"Golden Wing","floor":3,"gold_loss":0},{"damage_healed":0,"gold_gain":0,"player_choice":"Upgraded","damage_taken":0,"max_hp_gain":0,"max_hp_loss":0,"event_name":"Upgrade Shrine","floor":4,"gold_loss":0,"cards_upgraded":["Neutralize"]},{"damage_healed":0,"gold_gain":0,"player_choice":"Obtained Relic","damage_taken":0,"relics_obtained":["Happy Flower"],"max_hp_gain":0,"max_hp_loss":0,"event_name":"Addict","floor":19,"gold_loss":85},{"damage_healed":0,"gold_gain":0,"player_choice":"Read","damage_taken":0,"max_hp_gain":0,"max_hp_loss":0,"event_name":"The Library","floor":20,"gold_loss":0,"cards_obtained":["Caltrops"]},{"damage_healed":0,"gold_gain":0,"player_choice":"Became a Ghost","damage_taken":0,"max_hp_gain":0,"max_hp_loss":38,"event_name":"Ghosts","floor":21,"gold_loss":0,"cards_obtained":["Ghostly","Ghostly","Ghostly","Ghostly","Ghostly"]},{"damage_healed":0,"gold_gain":0,"player_choice":"Max HP","damage_taken":0,"max_hp_gain":0,"max_hp_loss":2,"event_name":"Winding Halls","floor":38,"gold_loss":0},{"cards_removed":["Strike_G"],"damage_healed":0,"gold_gain":0,"player_choice":"Purged","damage_taken":0,"max_hp_gain":0,"max_hp_loss":0,"event_name":"Purifier","floor":41,"gold_loss":0}],"is_beta":false,"boss_relics":[{"not_picked":["Black Star","Astrolabe"],"picked":"Empty Cage"},{"not_picked":["Tiny House","Calling Bell"],"picked":"Coffee Dripper"}],"items_purged_floors":[],"is_endless":false,"potions_floor_spawned":[1,6,14,16,23,31,44,46,48],"ascension_level":3}