{"gold_per_floor":[111,57,57,73,85,85,111,130,130,143,143,14,28,55,55,160,160,160,160,173,63,81,81],"floor_reached":23,"playtime":1245,"items_purged":["Strike_R"],"score":305,"play_id":"959ca21f-4801-410e-9d38-e218cae54514","local_time":"20190127174154","is_ascension_mode":true,"campfire_choices":[{"data":"Body Slam","floor":6.0,"key":"SMITH"},{"data":"Body Slam","floor":11,"key":"SMITH"},{"data":"True Grit","floor":15,"key":"SMITH"}],"neow_cost":"NONE","seed_source_timestamp":58220103812286,"circlet_count":0,"master_deck":["AscendersBane","Defend_R","Defend_R","Defend_R","Bash","Impervious","Shrug It Off","Body Slam+1","Clothesline","Headbutt","Cleave","Body Slam+1","True Grit+1","True Grit","Barricade+1","Demon Form+1","Spot Weakness+1","Berserk+1","Seeing Red","Corruption+1","Battle Trance","Flame Barrier"],"special_seed":0,"relics":["Burning Blood","GremlinMask","Frozen Egg 2","Pear","Matryoshka","Astrolabe"],"potions_floor_usage":[7,14,18,23],"damage_taken":[{"damage":7.0,"enemies":"Small Slimes","floor":1.0,"turns":4.0},{"damage":6.0,"enemies":"Cultist","floor":4.0,"turns":6.0},{"damage":2.0,"enemies":"Jaw Worm","floor":5.0,"turns":5.0},{"damage":14,"enemies":"3 Sentries","floor":7,"turns":8},{"damage":6,"enemies":"Looter","floor":8,"turns":3},{"damage":2,"enemies":"3 Louse","floor":10,"turns":3},{"damage":0,"enemies":"Blue Slaver","floor":13,"turns":2},{"damage":13,"enemies":"Gremlin Nob","floor":14,"turns":4},{"damage":58,"enemies":"The Guardian","floor":16,"turns":16},{"damage":0,"enemies":"3 Byrds","floor":18,"turns":2},{"damage":40,"enemies":"Spheric Guardian","floor":20,"turns":6},{"damage":15,"enemies":"Snake Plant","floor":22,"turns":6},{"damage":40,"enemies":"Gremlin Leader","floor":23,"turns":4}],"seed_played":"-6813372167969622468","potions_obtained":[{"floor":1.0,"key":"Fire Potion"},{"floor":8,"key":"Energy Potion"},{"floor":10,"key":"Poison Potion"},{"floor":13,"key":"SmokeBomb"}],"is_trial":false,"path_per_floor":["M","$","?","M","M","R","E","M","T","M","R","$","M","E","R","B",null,"M","?","M","$","M","E"],"character_chosen":"IRONCLAD","items_purchased":["Body Slam","True Grit","Corruption+1","Battle Trance"],"campfire_rested":0,"item_purchase_floors":[2,12,21,21],"current_hp_per_floor":[71,71,71,71,75,75,67,67,77,81,81,81,87,80,80,28,75,81,81,47,47,38,0],"gold":81,"neow_bonus":"TRANSFORM_CARD","is_prod":false,"is_daily":false,"chose_seed":false,"campfire_upgraded":3,"win_rate":0,"timestamp":1548632514,"path_taken":["M","$","?","?","M","R","E","M","T","M","R","$","M","E","R","BOSS","M","?","M","$","M","E"],"build_version":"2019-01-23","purchased_purges":1,"victory":false,"max_hp_per_floor":[80,80,80,80,80,80,80,80,90,90,90,90,90,90,90,90,90,90,90,90,90,90,90],"card_choices":[{"not_picked":["Corruption","Bloodletting"],"picked":"Shrug It Off","floor":1.0},{"not_picked":["Clash","Heavy Blade"],"picked":"Clothesline","floor":4.0},{"not_picked":["Heavy Blade","Hemokinesis"],"picked":"Headbutt","floor":5.0},{"not_picked":["Clash","Sentinel"],"picked":"Cleave","floor":7},{"not_picked":["Sentinel","Shockwave"],"picked":"Body Slam","floor":8},{"not_picked":["Body Slam","Exhume"],"picked":"True Grit","floor":10},{"not_picked":["Body Slam","Twin Strike","Cleave"],"picked":"SKIP","floor":13},{"not_picked":["Clash","Heavy Blade","Flex"],"picked":"SKIP","floor":14},{"not_picked":["Impervious","Berserk+1"],"picked":"Barricade+1","floor":16},{"not_picked":["Reckless Charge","Seeing Red","Sword Boomerang"],"picked":"SKIP","floor":20},{"not_picked":["Spot Weakness","Heavy Blade"],"picked":"Flame Barrier","floor":22}],"player_experience":224050,"relics_obtained":[{"floor":7,"key":"Frozen Egg 2"},{"floor":9,"key":"Pear"},{"floor":14,"key":"Matryoshka"}],"event_choices":[{"damage_healed":0.0,"max_hp_gain":0.0,"max_hp_loss":0.0,"gold_gain":0.0,"event_name":"FaceTrader","player_choice":"Trade","floor":3.0,"gold_loss":0.0,"damage_taken":0.0,"relics_obtained":["GremlinMask"]},{"damage_healed":0,"gold_gain":0,"cards_transformed":["Strike_R","Burning Pact"],"player_choice":"Became Test Subject","damage_taken":0,"max_hp_gain":0,"max_hp_loss":0,"event_name":"Drug Dealer","floor":19,"gold_loss":0,"cards_obtained":["Berserk","Seeing Red"]}],"is_beta":false,"boss_relics":[{"not_picked":["Calling Bell","Tiny House"],"picked":"Astrolabe"}],"items_purged_floors":[12],"is_endless":false,"potions_floor_spawned":[1,8,10,13,18],"killed_by":"Gremlin Leader","ascension_level":10}