{"gold_per_floor":[112,129,144,158,174,174,190,265,311,311,339,339,354,28,28,99,99,119,132,151,66,83,83,110,110,137,137,162,162,175,175,175,253,253,265,283,283,300,31,31,58,70,108,153,176,201,240,352,364,376,388,400,11,44,44],"floor_reached":56,"playtime":3556,"items_purged":["Strike_R","Clash"],"score":2329,"play_id":"708dfe6c-243b-476b-95b9-6e9fc1ad51db","local_time":"20190118212504","is_ascension_mode":true,"campfire_choices":[{"data":"Bash","floor":6,"key":"SMITH"},{"data":"Brutality","floor":12,"key":"SMITH"},{"data":"Corruption","floor":15,"key":"SMITH"},{"data":"Offering","floor":23,"key":"SMITH"},{"data":"Offering","floor":25,"key":"SMITH"},{"data":"True Grit","floor":27,"key":"SMITH"},{"data":"Strike_R","floor":29,"key":"PURGE"},{"data":"Strike_R","floor":32,"key":"PURGE"},{"data":"Strike_R","floor":40,"key":"PURGE"},{"floor":42,"key":"RECALL"},{"data":"Strike_R","floor":49,"key":"PURGE"},{"data":"Barricade","floor":52,"key":"SMITH"}],"neow_cost":"NONE","seed_source_timestamp":614473099399618,"circlet_count":0,"master_deck":["AscendersBane","Defend_R","Defend_R","Defend_R","Defend_R","Bash+1","Brutality+1","Pommel Strike","Clothesline","Shrug It Off","Sword Boomerang","Shrug It Off","Shockwave","Corruption+1","Offering+1","Sentinel","Master of Strategy","Offering+1","Spot Weakness+1","True Grit+1","Shockwave+1","Exhume","Intimidate+1","Disarm","Barricade+1","Dramatic Entrance","Panache","Shrug It Off","Master of Strategy","Battle Trance","Shrug It Off+1"],"relics":["Burning Blood","Lantern","Dead Branch","Mark of Pain","Meat on the Bone","Pen Nib","Centennial Puzzle","Peace Pipe","Black Star","OrangePellets","Blue Candle","MawBank","Unceasing Top","FossilizedHelix","Bottled Tornado","The Courier","Happy Flower","Shuriken","Orichalcum"],"potions_floor_usage":[16,55,55,55,55],"damage_taken":[{"damage":7,"enemies":"Jaw Worm","floor":1,"turns":4},{"damage":7,"enemies":"2 Louse","floor":2,"turns":3},{"damage":1,"enemies":"Cultist","floor":3,"turns":3},{"damage":7,"enemies":"2 Fungi Beasts","floor":4,"turns":3},{"damage":7,"enemies":"Blue Slaver","floor":5,"turns":5},{"damage":5,"enemies":"Large Slime","floor":7,"turns":5},{"damage":29,"enemies":"3 Sentries","floor":11,"turns":11},{"damage":14,"enemies":"Lots of Slimes","floor":13,"turns":5},{"damage":18,"enemies":"Hexaghost","floor":16,"turns":5},{"damage":17,"enemies":"Shell Parasite","floor":18,"turns":4},{"damage":9,"enemies":"3 Byrds","floor":19,"turns":4},{"damage":7,"enemies":"Shelled Parasite and Fungi","floor":20,"turns":2},{"damage":23,"enemies":"Snake Plant","floor":22,"turns":4},{"damage":13,"enemies":"Book of Stabbing","floor":24,"turns":4},{"damage":15,"enemies":"Slavers","floor":28,"turns":4},{"damage":16,"enemies":"Centurion and Healer","floor":30,"turns":3},{"damage":5,"enemies":"Champ","floor":33,"turns":3},{"damage":37,"enemies":"3 Darklings","floor":35,"turns":5},{"damage":17,"enemies":"Orb Walker","floor":36,"turns":3},{"damage":7,"enemies":"Spire Growth","floor":38,"turns":2},{"damage":4,"enemies":"Nemesis","floor":41,"turns":5},{"damage":7,"enemies":"Reptomancer","floor":44,"turns":2},{"damage":17,"enemies":"3 Darklings","floor":45,"turns":3},{"damage":8,"enemies":"Maw","floor":46,"turns":3},{"damage":11,"enemies":"Giant Head","floor":47,"turns":5},{"damage":6,"enemies":"Awakened One","floor":50,"turns":7},{"damage":1,"enemies":"Shield and Spear","floor":54,"turns":2},{"damage":24,"enemies":"The Heart","floor":55,"turns":4}],"seed_played":"-3220403762018774944","potions_obtained":[{"floor":3,"key":"Dexterity Potion"},{"floor":5,"key":"Energy Potion"},{"floor":16,"key":"Explosive Potion"},{"floor":18,"key":"Strength Potion"},{"floor":35,"key":"EntropicBrew"}],"is_trial":false,"path_per_floor":["M","M","M","M","M","R","M","?","T","?","E","R","M","$","R","B",null,"M","M","M","?","M","R","E","R","T","R","E","R","M","?","R","B",null,"M","M","?","M","$","R","E","R","T","E","M","M","E","?","R","B",null,"R","$","E","B",null],"character_chosen":"IRONCLAD","items_purchased":["Offering","Sentinel","Master of Strategy","OrangePellets","Master of Strategy","Happy Flower","Battle Trance"],"campfire_rested":0,"item_purchase_floors":[14,14,14,39,53,53,53],"current_hp_per_floor":[67,66,71,70,69,69,70,59,59,64,41,41,33,33,33,21,65,54,51,50,50,45,45,50,50,50,50,53,53,55,55,55,56,74,55,56,46,57,57,57,59,59,59,58,47,57,52,52,52,52,73,73,73,78,60],"gold":44,"neow_bonus":"ONE_RANDOM_RARE_CARD","is_prod":false,"is_daily":false,"chose_seed":false,"campfire_upgraded":7,"win_rate":0,"timestamp":1547864704,"path_taken":["M","M","M","M","M","R","M","?","T","?","E","R","M","?","R","BOSS","M","?","M","?","M","R","E","R","T","R","E","R","M","?","R","BOSS","M","M","?","M","$","R","E","R","T","E","M","M","E","?","R","BOSS","R","$","E","BOSS"],"build_version":"2019-01-17v2","purchased_purges":2,"victory":true,"max_hp_per_floor":[75,75,75,75,75,75,75,75,75,80,80,80,80,80,80,80,80,80,80,80,80,80,80,80,80,80,80,80,80,80,80,80,80,80,80,80,80,80,80,80,80,80,80,80,80,80,80,80,80,80,80,80,80,80,80],"card_choices":[{"not_picked":["Clash","Wild Strike"],"picked":"Pommel Strike","floor":1},{"not_picked":["Body Slam","Wild Strike"],"picked":"Clothesline","floor":2},{"not_picked":["Twin Strike","Entrench"],"picked":"Clash","floor":3},{"not_picked":["Barricade","Clothesline"],"picked":"Shrug It Off","floor":4},{"not_picked":["Headbutt","Power Through"],"picked":"Sword Boomerang","floor":5},{"not_picked":["Heavy Blade","Power Through"],"picked":"Shrug It Off","floor":7},{"not_picked":["Pummel","Pommel Strike"],"picked":"Shockwave","floor":11},{"not_picked":["Thunderclap","Sentinel"],"picked":"Corruption","floor":13},{"not_picked":["Feed","Double Tap"],"picked":"Offering","floor":16},{"not_picked":["Flex","Twin Strike"],"picked":"Spot Weakness+1","floor":18},{"not_picked":["Armaments","Corruption+1"],"picked":"True Grit","floor":19},{"not_picked":["Sword Boomerang","Warcry"],"picked":"Shockwave+1","floor":20},{"not_picked":["True Grit","Havoc","Reckless Charge"],"picked":"SKIP","floor":22},{"not_picked":["Inflame","Iron Wave"],"picked":"Exhume","floor":24},{"not_picked":["Anger+1","Inflame"],"picked":"Intimidate+1","floor":28},{"not_picked":["Combust","Perfected Strike"],"picked":"Disarm","floor":30},{"not_picked":["Exhume","Offering"],"picked":"Barricade","floor":33},{"not_picked":["Clash","Entrench","Ghostly Armor+1"],"picked":"SKIP","floor":35},{"not_picked":["Sword Boomerang","Feel No Pain","Body Slam"],"picked":"SKIP","floor":36},{"not_picked":["Trip","Enlightenment"],"picked":"Dramatic Entrance","floor":37},{"not_picked":["Panacea","Finesse"],"picked":"Panache","floor":37},{"not_picked":["Body Slam+1","Sword Boomerang+1","Thunderclap"],"picked":"SKIP","floor":38},{"not_picked":["True Grit","Hemokinesis","Pommel Strike"],"picked":"SKIP","floor":41},{"not_picked":["Reckless Charge+1","Armaments"],"picked":"Shrug It Off","floor":44},{"not_picked":["Armaments+1","Uppercut","True Grit+1"],"picked":"SKIP","floor":45},{"not_picked":["Pommel Strike+1","Intimidate","Whirlwind"],"picked":"SKIP","floor":46},{"not_picked":["Carnage","Bloodletting","Headbutt"],"picked":"SKIP","floor":47},{"not_picked":["True Grit","Limit Break"],"picked":"Shrug It Off+1","floor":54}],"player_experience":508056,"relics_obtained":[{"floor":9,"key":"Lantern"},{"floor":11,"key":"Dead Branch"},{"floor":24,"key":"Pen Nib"},{"floor":26,"key":"Centennial Puzzle"},{"floor":28,"key":"Peace Pipe"},{"floor":41,"key":"Blue Candle"},{"floor":41,"key":"MawBank"},{"floor":44,"key":"Unceasing Top"},{"floor":44,"key":"FossilizedHelix"},{"floor":47,"key":"Bottled Tornado"},{"floor":47,"key":"The Courier"},{"floor":54,"key":"Shuriken"},{"floor":54,"key":"Orichalcum"}],"event_choices":[{"damage_healed":0,"gold_gain":75,"player_choice":"Gather Gold","damage_taken":11,"max_hp_gain":0,"max_hp_loss":0,"event_name":"World of Goop","floor":8,"gold_loss":0},{"damage_healed":0,"gold_gain":0,"player_choice":"Donut","damage_taken":0,"max_hp_gain":5,"max_hp_loss":0,"event_name":"Big Fish","floor":10,"gold_loss":0},{"damage_healed":0,"gold_gain":0,"player_choice":"Obtained Relic","damage_taken":0,"relics_obtained":["Meat on the Bone"],"max_hp_gain":0,"max_hp_loss":0,"event_name":"Addict","floor":21,"gold_loss":85},{"damage_healed":0,"gold_gain":0,"player_choice":"Ignored","damage_taken":0,"max_hp_gain":0,"max_hp_loss":0,"event_name":"Vampires","floor":31,"gold_loss":0},{"damage_healed":0,"gold_gain":0,"player_choice":"Memory 3","damage_taken":10,"max_hp_gain":0,"max_hp_loss":0,"event_name":"SensoryStone","floor":37,"gold_loss":0},{"damage_healed":0,"gold_gain":100,"player_choice":"Pray","damage_taken":0,"max_hp_gain":0,"max_hp_loss":0,"event_name":"Golden Shrine","floor":48,"gold_loss":0}],"is_beta":false,"boss_relics":[{"not_picked":["Fusion Hammer","Astrolabe"],"picked":"Mark of Pain"},{"not_picked":["Runic Pyramid","Velvet Choker"],"picked":"Black Star"}],"items_purged_floors":[39,53],"is_endless":false,"potions_floor_spawned":[3,5,11,16,18,20,28,35,36,41,45],"ascension_level":14}