{"gold_per_floor":[119,119,119,139,159,159,187,187,187,204,232,232,407,432,432,432],"floor_reached":16,"playtime":1310,"items_purged":[],"score":110,"play_id":"59595fc7-b9b3-4592-b183-32c17b8794c2","local_time":"20190208152442","is_ascension_mode":false,"campfire_choices":[{"data":"Reboot","floor":6,"key":"SMITH"},{"data":"Double Energy","floor":8,"key":"SMITH"},{"floor":15,"key":"REST"}],"neow_cost":"NONE","seed_source_timestamp":55835725899744,"circlet_count":0,"master_deck":["Strike_B","Strike_B","Strike_B","Strike_B","Defend_B","Defend_B","Defend_B","Defend_B","Zap","Dualcast","Compile Driver","Decay","Reboot+1","BootSequence","Double Energy+1","Redo","Injury","Doubt","Chaos"],"relics":["Cracked Core","WingedGreaves","Incense Burner","Regal Pillow","Golden Idol"],"potions_floor_usage":[11,11,16],"damage_taken":[{"damage":0,"enemies":"Jaw Worm","floor":1,"turns":5},{"damage":6,"enemies":"Cultist","floor":4,"turns":4},{"damage":1,"enemies":"2 Louse","floor":5,"turns":4},{"damage":36,"enemies":"3 Sentries","floor":7,"turns":10},{"damage":7,"enemies":"Gremlin Gang","floor":10,"turns":4},{"damage":28,"enemies":"Lagavulin","floor":11,"turns":7},{"damage":9,"enemies":"Red Slaver","floor":14,"turns":4},{"damage":50,"enemies":"Slime Boss","floor":16,"turns":14}],"seed_played":"-4178412919916965721","potions_obtained":[{"floor":5,"key":"Poison Potion"},{"floor":7,"key":"Regen Potion"},{"floor":11,"key":"SteroidPotion"}],"is_trial":false,"path_per_floor":["?","M","?","?"],"character_chosen":"DEFECT","items_purchased":[],"campfire_rested":1,"item_purchase_floors":[],"current_hp_per_floor":[82,82,82,76,75,75,39,39,39,32,19,19,19,10,49,0],"gold":432,"neow_bonus":"TEN_PERCENT_HP_BONUS","is_prod":false,"is_daily":false,"chose_seed":false,"campfire_upgraded":2,"win_rate":0.0,"timestamp":1549635882,"path_taken":["M","$","?","M","M","R","E","R","T","?","E","?","?","M","R","BOSS"],"build_version":"2019-01-23","purchased_purges":0,"victory":false,"max_hp_per_floor":[82,82,82,82,82,82,82,82,82,82,82,82,82,82,82,82],"card_choices":[{"not_picked":["Streamline","Ball Lightning"],"picked":"Compile Driver","floor":1},{"not_picked":["Go for the Eyes","Fusion"],"picked":"Reboot","floor":4},{"not_picked":["Compile Driver","Steam"],"picked":"BootSequence","floor":5},{"not_picked":["Barrage","Ball Lightning"],"picked":"Double Energy","floor":7},{"not_picked":["Compile Driver","Melter","Hologram"],"picked":"SKIP","floor":10},{"not_picked":["Storm","Beam Cell"],"picked":"Redo","floor":11},{"not_picked":["Steam","Gash"],"picked":"Chaos","floor":14}],"player_experience":45174,"relics_obtained":[{"floor":7,"key":"WingedGreaves"},{"floor":9,"key":"Incense Burner"},{"floor":11,"key":"Regal Pillow"}],"event_choices":[{"damage_healed":0,"gold_gain":0,"player_choice":"Cursed","damage_taken":0,"max_hp_gain":0,"max_hp_loss":0,"event_name":"Wheel of Change","floor":3,"gold_loss":0,"cards_obtained":["Decay"]},{"damage_healed":0,"gold_gain":0,"player_choice":"Take Wound","damage_taken":0,"relics_obtained":["Golden Idol"],"max_hp_gain":0,"max_hp_loss":0,"event_name":"Golden Idol","floor":12,"gold_loss":0,"cards_obtained":["Injury"]},{"damage_healed":0,"gold_gain":175,"player_choice":"AGREE","damage_taken":0,"max_hp_gain":0,"max_hp_loss":0,"event_name":"Liars Game","floor":13,"gold_loss":0,"cards_obtained":["Doubt"]}],"is_beta":false,"boss_relics":[],"items_purged_floors":[],"is_endless":false,"potions_floor_spawned":[5,7,11],"killed_by":"Slime Boss","ascension_level":0}