{"gold_per_floor":[113,124,124,124,139,173,143,158,158,158,158,174,92,111,111,242,242,258,229,7,23,23,23,59,80,80,105,230,253,253,284,296,433,445,476,488,521,557,569,581,627,87,87,105,140,163,202,223,223,223],"floor_reached":51,"playtime":4282,"items_purged":["Injury","Strike_G"],"score":1051,"play_id":"c72e8a7a-de9e-4bf7-9ecd-d54f3a22ab1e","local_time":"20190210224215","is_ascension_mode":true,"campfire_choices":[{"floor":11.0,"key":"REST"},{"data":"Cloak And Dagger","floor":15.0,"key":"SMITH"},{"floor":23.0,"key":"REST"},{"data":"Infinite Blades","floor":30.0,"key":"SMITH"},{"data":"Blade Dance","floor":32.0,"key":"SMITH"},{"data":"Adrenaline","floor":40,"key":"SMITH"},{"data":"Panache","floor":49,"key":"SMITH"}],"neow_cost":"NONE","seed_source_timestamp":269853093993149,"circlet_count":0,"master_deck":["Defend_G","Defend_G+1","Defend_G","Strike_G","Strike_G","Strike_G+1","Survivor","Neutralize+1","Caltrops","Heel Hook","Deflect","Dodge and Roll","Dodge and Roll","Flying Knee","Cloak And Dagger+1","Finesse","Adrenaline+1","Backflip","Footwork","Infinite Blades+1","Blade Dance+1","Dodge and Roll","Escape Plan+1","PiercingWail+1","Dodge and Roll+1","Backstab+1","Deflect","Sucker Punch+1","Dagger Throw+1","Night Terror","Crippling Poison+1","Escape Plan+1","Flechettes+1","Outmaneuver+1","Panache+1","Deflect","Outmaneuver+1","Adrenaline","Blade Dance"],"special_seed":0,"relics":["Ring of the Serpent","Torii","Kunai","Golden Idol","Meat on the Bone","Molten Egg 2","Calipers","Mercury Hourglass","MawBank","Philosopher\u0027s Stone","Ninja Scroll","Darkstone Periapt","PreservedInsect","Unceasing Top"],"potions_floor_usage":[50,50],"damage_taken":[{"damage":2.0,"enemies":"Jaw Worm","floor":1.0,"turns":5.0},{"damage":4.0,"enemies":"Small Slimes","floor":2.0,"turns":4.0},{"damage":0.0,"enemies":"Cultist","floor":5.0,"turns":3.0},{"damage":32.0,"enemies":"Gremlin Nob","floor":6.0,"turns":5.0},{"damage":0.0,"enemies":"Looter","floor":7.0,"turns":4.0},{"damage":0.0,"enemies":"Red Slaver","floor":8.0,"turns":4.0},{"damage":12.0,"enemies":"Exordium Thugs","floor":12.0,"turns":7.0},{"damage":1.0,"enemies":"Looter","floor":14.0,"turns":4.0},{"damage":1.0,"enemies":"The Guardian","floor":16.0,"turns":15.0},{"damage":1.0,"enemies":"Shell Parasite","floor":18.0,"turns":7.0},{"damage":18.0,"enemies":"2 Thieves","floor":19.0,"turns":5.0},{"damage":14.0,"enemies":"Snecko","floor":21.0,"turns":8.0},{"damage":30.0,"enemies":"Slavers","floor":24.0,"turns":8.0},{"damage":0.0,"enemies":"Cultist and Chosen","floor":25.0,"turns":10.0},{"damage":0.0,"enemies":"Centurion and Healer","floor":27.0,"turns":9.0},{"damage":18.0,"enemies":"Colosseum Slavers","floor":28.0,"turns":6.0},{"damage":28.0,"enemies":"Colosseum Nobs","floor":28.0,"turns":7.0},{"damage":0.0,"enemies":"Sentry and Sphere","floor":29.0,"turns":9.0},{"damage":6.0,"enemies":"Gremlin Leader","floor":31.0,"turns":9.0},{"damage":13.0,"enemies":"Automaton","floor":33.0,"turns":15.0},{"damage":1.0,"enemies":"3 Shapes","floor":35.0,"turns":4.0},{"damage":24,"enemies":"3 Darklings","floor":37,"turns":4},{"damage":16,"enemies":"Spire Growth","floor":38,"turns":5},{"damage":15,"enemies":"Giant Head","floor":41,"turns":9},{"damage":3,"enemies":"4 Shapes","floor":44,"turns":4},{"damage":0,"enemies":"Nemesis","floor":45,"turns":7},{"damage":1,"enemies":"Maw","floor":46,"turns":8},{"damage":1,"enemies":"Giant Head","floor":47,"turns":6},{"damage":1,"enemies":"Jaw Worm Horde","floor":48,"turns":3},{"damage":8,"enemies":"Donu and Deca","floor":50,"turns":8}],"seed_played":"-5317775291859420108","potions_obtained":[{"floor":2.0,"key":"Explosive Potion"},{"floor":12.0,"key":"Ancient Potion"},{"floor":24.0,"key":"Swift Potion"},{"floor":25.0,"key":"Weak Potion"},{"floor":29.0,"key":"SpeedPotion"},{"floor":33.0,"key":"Fire Potion"},{"floor":37,"key":"SteroidPotion"},{"floor":48,"key":"EssenceOfSteel"}],"is_trial":false,"path_per_floor":["M","M","?","?","M","E","M","M","T","?","R","M","$","M","R","B",null,"M","M","$","M","?","R","E","M","T","M","?","M","R","E","R","B",null,"M","?","M","M","?","R","E","$","T","M","E","M","E","M","R","B",null],"character_chosen":"THE_SILENT","items_purchased":["Finesse","Infinite Blades","Blade Dance","Dodge and Roll","Panache","Ninja Scroll"],"campfire_rested":2,"item_purchase_floors":[13,20,20,20,42,42],"current_hp_per_floor":[68,64,64,50,50,18,18,18,18,18,39,27,27,26,26,25,59,58,40,40,26,26,47,17,29,29,41,19,31,31,37,37,36,62,61,61,37,33,33,33,30,30,30,39,39,38,37,36,36,40],"gold":223,"neow_bonus":"UPGRADE_CARD","is_prod":false,"is_daily":false,"chose_seed":false,"campfire_upgraded":5,"win_rate":0,"timestamp":1549867335,"path_taken":["M","M","?","?","M","E","M","?","T","?","R","M","$","M","R","BOSS","M","M","$","M","?","R","E","?","T","M","?","M","R","E","R","BOSS","M","?","M","M","?","R","E","$","T","M","E","M","E","M","R","BOSS"],"build_version":"2019-01-23","purchased_purges":2,"victory":true,"max_hp_per_floor":[70,70,70,70,70,70,70,70,70,70,70,70,70,70,70,70,70,70,70,70,70,70,70,70,70,70,70,70,70,70,70,70,70,70,70,70,70,70,70,70,70,70,70,70,70,70,70,70,70,70],"card_choices":[{"not_picked":["Dodge and Roll","Endless Agony"],"picked":"Caltrops","floor":1.0},{"not_picked":["Concentrate","Expertise"],"picked":"Heel Hook","floor":2.0},{"not_picked":["Deadly Poison","All Out Attack"],"picked":"Deflect","floor":5.0},{"not_picked":["Caltrops","PiercingWail"],"picked":"Dodge and Roll","floor":6.0},{"not_picked":["Reflex","Deadly Poison"],"picked":"Dodge and Roll","floor":7.0},{"not_picked":["Riddle With Holes","Deflect"],"picked":"Flying Knee","floor":8.0},{"not_picked":["Outmaneuver","Blade Dance"],"picked":"Cloak And Dagger","floor":12.0},{"not_picked":["Acrobatics","Unload"],"picked":"Backflip","floor":14.0},{"not_picked":["Burst","Doppelganger"],"picked":"Adrenaline","floor":16.0},{"not_picked":["Poisoned Stab+1","Dagger Spray"],"picked":"Backflip","floor":18.0},{"not_picked":["Sucker Punch","Riddle With Holes+1"],"picked":"Footwork","floor":19.0},{"not_picked":["Leg Sweep","Quick Slash"],"picked":"Escape Plan+1","floor":21.0},{"not_picked":["All Out Attack+1","Wraith Form v2"],"picked":"PiercingWail+1","floor":24.0},{"not_picked":["Dagger Throw","Prepared"],"picked":"Dodge and Roll+1","floor":25.0},{"not_picked":["Blade Dance","Deflect"],"picked":"Backstab+1","floor":27.0},{"not_picked":["Acrobatics","Flechettes+1"],"picked":"Deflect","floor":28.0},{"not_picked":["Endless Agony+1","Finisher+1"],"picked":"Sucker Punch+1","floor":29.0},{"not_picked":["Catalyst","Bullet Time"],"picked":"Dagger Throw+1","floor":31.0},{"not_picked":["Glass Knife+1","Corpse Explosion"],"picked":"Night Terror","floor":33.0},{"not_picked":["Prepared+1","All Out Attack+1"],"picked":"Crippling Poison+1","floor":35.0},{"not_picked":["Poisoned Stab+1","Deflect+1"],"picked":"Escape Plan+1","floor":37},{"not_picked":["Skewer+1","Concentrate"],"picked":"Flechettes+1","floor":38},{"not_picked":["Prepared","Calculated Gamble"],"picked":"Outmaneuver+1","floor":41},{"not_picked":["Flying Knee+1","Reflex+1"],"picked":"Deflect","floor":44},{"not_picked":["Deadly Poison","Skewer+1"],"picked":"Outmaneuver+1","floor":45},{"not_picked":["Dagger Spray+1","PiercingWail+1","Flying Knee+1"],"picked":"SKIP","floor":46},{"not_picked":["Cloak And Dagger","Expertise+1"],"picked":"Adrenaline","floor":47},{"not_picked":["Masterful Stab+1","Dagger Spray+1"],"picked":"Blade Dance","floor":48}],"player_experience":313946,"relics_obtained":[{"floor":6.0,"key":"Torii"},{"floor":9.0,"key":"Kunai"},{"floor":24.0,"key":"Meat on the Bone"},{"floor":26.0,"key":"Molten Egg 2"},{"floor":28.0,"key":"Calipers"},{"floor":28.0,"key":"Mercury Hourglass"},{"floor":31.0,"key":"MawBank"},{"floor":43,"key":"Darkstone Periapt"},{"floor":45,"key":"PreservedInsect"},{"floor":47,"key":"Unceasing Top"}],"event_choices":[{"cards_removed":["Strike_G"],"damage_healed":0.0,"max_hp_gain":0.0,"max_hp_loss":0.0,"gold_gain":0.0,"event_name":"Living Wall","player_choice":"Forget","floor":3.0,"gold_loss":0.0,"damage_taken":0.0},{"damage_healed":0.0,"max_hp_gain":0.0,"max_hp_loss":0.0,"gold_gain":0.0,"event_name":"Shining Light","player_choice":"Entered Light","floor":4.0,"gold_loss":0.0,"damage_taken":14.0,"cards_upgraded":["Strike_G","Defend_G"]},{"damage_healed":0.0,"max_hp_gain":0.0,"max_hp_loss":0.0,"gold_gain":0.0,"event_name":"Golden Idol","player_choice":"Take Wound","floor":10.0,"gold_loss":0.0,"damage_taken":0.0,"relics_obtained":["Golden Idol"],"cards_obtained":["Injury"]},{"cards_removed":["Defend_G"],"damage_healed":0.0,"max_hp_gain":0.0,"max_hp_loss":0.0,"gold_gain":0.0,"event_name":"Bonfire Elementals","player_choice":"Offered Basic","floor":22.0,"gold_loss":0.0,"damage_taken":0.0},{"damage_healed":0.0,"max_hp_gain":0.0,"max_hp_loss":0.0,"gold_gain":0.0,"event_name":"Colosseum","player_choice":"Fight","floor":28.0,"gold_loss":0.0,"damage_taken":0.0},{"damage_healed":0.0,"max_hp_gain":0.0,"max_hp_loss":0.0,"gold_gain":0.0,"event_name":"Colosseum","player_choice":"Fought Nobs","floor":28.0,"gold_loss":0.0,"damage_taken":0.0},{"cards_removed":["Backflip"],"damage_healed":0.0,"max_hp_gain":0.0,"max_hp_loss":0.0,"gold_gain":0.0,"event_name":"Falling","player_choice":"Removed Skill","floor":36.0,"gold_loss":0.0,"damage_taken":0.0},{"cards_removed":["Defend_G"],"damage_healed":0,"gold_gain":0,"player_choice":"Purged","damage_taken":0,"max_hp_gain":0,"max_hp_loss":0,"event_name":"Purifier","floor":39,"gold_loss":0}],"is_beta":false,"boss_relics":[{"not_picked":["White Beast Statue","Ectoplasm"],"picked":"Ring of the Serpent"},{"not_picked":["Busted Crown","Astrolabe"],"picked":"Philosopher\u0027s Stone"}],"items_purged_floors":[20,42],"is_endless":false,"potions_floor_spawned":[2,12,24,25,28,29,33,37,41,48],"ascension_level":5}