{"gold_per_floor":[110,123,48,59,59,59,59,59,59,75,86,112,112,137,137,232,232,248,248,248,163,163,195,206,237,237,268,268,278,278,288,288,389,389,409,409,24,35,50,79,79,104,104,104,104,122,154,173,173,173],"floor_reached":50,"playtime":3488,"items_purged":["Strike_G"],"score":791,"play_id":"b811eafd-857c-4597-8d5e-b1ae84200619","local_time":"20181119032416","is_ascension_mode":true,"campfire_choices":[{"data":"Bane","floor":6,"key":"SMITH"},{"floor":15,"key":"REST"},{"floor":30,"key":"REST"},{"data":"Malaise","floor":32,"key":"SMITH"},{"floor":41,"key":"REST"},{"floor":44,"key":"REST"},{"floor":49,"key":"REST"}],"neow_cost":"NONE","seed_source_timestamp":37831518892193,"circlet_count":0,"master_deck":["Survivor","Neutralize","Noxious Fumes","Bane+1","Deflect","Deflect","Deflect","Poisoned Stab","Malaise+1","Venomology","Flying Knee","Deflect","PiercingWail","Deflect","PiercingWail","Blade Dance","Setup","Bouncing Flask","All Out Attack+1","RitualDagger","Blade Dance","Quick Slash","Malaise","Quick Slash+1","Bite+1","Bite+1","Bite+1","Bite+1","Bite+1","Noxious Fumes","Poisoned Stab+1","Unload+1","PiercingWail+1","Mind Blast+1","Discovery","Sadistic Nature","Heel Hook+1","Cloak And Dagger+1","Backstab+1","Backflip","Quick Slash+1","Dagger Throw+1","Dash+1"],"relics":["Ring of the Snake","NeowsBlessing","Pantograph","Mercury Hourglass","Letter Opener","Juzu Bracelet","Bag of Preparation","Pandora\u0027s Box","Ornamental Fan","Centennial Puzzle","PreservedInsect","Molten Egg 2","Ninja Scroll","Fusion Hammer","Strange Spoon","Bronze Scales","Dodecahedron","Question Card","Turnip","Toxic Egg 2"],"potions_floor_usage":[12,14,18,23,24,24,27,29,31,31,33,33,40,40,46,48,48,50,50,50,50,50,50],"damage_taken":[{"damage":0,"enemies":"Cultist","floor":1,"turns":1},{"damage":2,"enemies":"Jaw Worm","floor":2,"turns":2},{"damage":0,"enemies":"Small Slimes","floor":4,"turns":1},{"damage":0,"enemies":"Looter","floor":10,"turns":3},{"damage":8,"enemies":"Exordium Thugs","floor":11,"turns":4},{"damage":25,"enemies":"Gremlin Nob","floor":12,"turns":5},{"damage":21,"enemies":"Lagavulin","floor":14,"turns":5},{"damage":32,"enemies":"Hexaghost","floor":16,"turns":12},{"damage":1,"enemies":"Spheric Guardian","floor":18,"turns":4},{"damage":11,"enemies":"Gremlin Leader","floor":23,"turns":6},{"damage":10,"enemies":"Shell Parasite","floor":24,"turns":4},{"damage":13,"enemies":"Slavers","floor":25,"turns":3},{"damage":5,"enemies":"Book of Stabbing","floor":27,"turns":6},{"damage":12,"enemies":"Snake Plant","floor":29,"turns":4},{"damage":6,"enemies":"Centurion and Healer","floor":31,"turns":4},{"damage":80,"enemies":"Champ","floor":33,"turns":11},{"damage":4,"enemies":"Orb Walker","floor":35,"turns":4},{"damage":0,"enemies":"3 Darklings","floor":38,"turns":2},{"damage":6,"enemies":"Sphere and 2 Shapes","floor":39,"turns":6},{"damage":10,"enemies":"Reptomancer","floor":40,"turns":3},{"damage":1,"enemies":"Giant Head","floor":42,"turns":5},{"damage":8,"enemies":"Jaw Worm Horde","floor":46,"turns":3},{"damage":0,"enemies":"Reptomancer","floor":47,"turns":2},{"damage":29,"enemies":"Maw","floor":48,"turns":6},{"damage":59,"enemies":"Time Eater","floor":50,"turns":10}],"seed_played":"-5223632779965014687","potions_obtained":[{"floor":4,"key":"PowerPotion"},{"floor":12,"key":"Poison Potion"},{"floor":13,"key":"Strength Potion"},{"floor":13,"key":"Dexterity Potion"},{"floor":14,"key":"Block Potion"},{"floor":18,"key":"LiquidBronze"},{"floor":25,"key":"PowerPotion"},{"floor":31,"key":"EntropicBrew"},{"floor":35,"key":"FearPotion"},{"floor":42,"key":"Poison Potion"}],"is_trial":false,"path_per_floor":["M","M","$","M","?","R","?","T","T","M","M","E","?","E","R","B",null,"M","?","?","?","?","E","M","E","T","E","?","M","R","M","R","B",null,"M","?","$","M","M","E","R","E","T","R","?","M","E","M","R","B"],"character_chosen":"THE_SILENT","items_purchased":["Strange Spoon","Heel Hook+1","Bronze Scales"],"campfire_rested":5,"item_purchase_floors":[37,37,37],"current_hp_per_floor":[70,68,68,68,68,68,68,68,68,68,60,35,35,14,35,28,70,69,69,63,63,50,39,38,25,25,20,20,14,29,32,32,8,52,52,42,42,45,45,45,52,52,52,52,52,47,50,31,46,0],"gold":173,"neow_bonus":"THREE_ENEMY_KILL","is_prod":false,"is_daily":false,"chose_seed":false,"campfire_upgraded":2,"win_rate":0,"timestamp":1542615856,"path_taken":["M","M","?","M","?","R","?","?","T","?","M","E","?","E","R","BOSS","M","?","?","?","?","E","M","E","T","E","?","M","R","M","R","BOSS","M","?","$","M","M","E","R","E","T","R","?","M","E","M","R","BOSS"],"build_version":"2018-11-15","purchased_purges":1,"victory":false,"max_hp_per_floor":[70,70,70,70,70,70,70,70,70,70,70,70,70,70,70,70,70,70,70,70,70,75,75,75,75,75,75,52,52,52,52,52,52,52,52,52,52,52,52,52,52,52,52,52,52,52,52,52,52,52],"card_choices":[{"not_picked":["PiercingWail","Flying Knee"],"picked":"Noxious Fumes","floor":1},{"not_picked":["Skewer","Blade Dance"],"picked":"Bane","floor":2},{"not_picked":["Flechettes","Dagger Spray"],"picked":"Deflect","floor":4},{"not_picked":["Acrobatics","Caltrops"],"picked":"Deflect","floor":10},{"not_picked":["Finisher","Tactician"],"picked":"Deflect","floor":11},{"not_picked":["PiercingWail","Blade Dance"],"picked":"Poisoned Stab","floor":12},{"not_picked":["Infinite Blades","Flying Knee"],"picked":"Malaise","floor":14},{"not_picked":["Unload","Doppelganger"],"picked":"Venomology","floor":16},{"not_picked":["PiercingWail","Calculated Gamble+1"],"picked":"All Out Attack+1","floor":18},{"not_picked":["Slice+1","Setup"],"picked":"Blade Dance","floor":23},{"not_picked":["Slice","Prepared"],"picked":"Quick Slash","floor":24},{"not_picked":["Blur","Slice"],"picked":"Malaise","floor":25},{"not_picked":["Caltrops","Blade Dance"],"picked":"Quick Slash+1","floor":27},{"not_picked":["Cloak And Dagger","Dagger Throw+1"],"picked":"Noxious Fumes","floor":29},{"not_picked":["Endless Agony+1","Cloak And Dagger"],"picked":"Poisoned Stab+1","floor":31},{"not_picked":["Phantasmal Killer","Tools of the Trade"],"picked":"Unload+1","floor":33},{"not_picked":["Sucker Punch+1","Deadly Poison"],"picked":"PiercingWail+1","floor":35},{"not_picked":["Finesse","HandOfGreed+1"],"picked":"Mind Blast+1","floor":36},{"not_picked":["Madness","Enlightenment"],"picked":"Discovery","floor":36},{"not_picked":["Swift Strike+1","Purity"],"picked":"Sadistic Nature","floor":36},{"not_picked":["Poisoned Stab+1","Blade Dance+1"],"picked":"Cloak And Dagger+1","floor":38},{"not_picked":["Cloak And Dagger","Sucker Punch+1"],"picked":"Backstab+1","floor":39},{"not_picked":["Blade Dance","Slice+1"],"picked":"Dagger Spray+1","floor":40},{"not_picked":["Tools of the Trade","Eviscerate+1"],"picked":"Backflip","floor":42},{"not_picked":["Sucker Punch+1","Flying Knee+1","Backflip+1"],"picked":"Quick Slash+1","floor":46},{"not_picked":["Predator+1","Masterful Stab+1","Dagger Spray+1"],"picked":"Dagger Throw+1","floor":47},{"not_picked":["Backflip+1","Crippling Poison+1","Prepared+1"],"picked":"Dash+1","floor":48}],"player_experience":294595,"relics_obtained":[{"floor":8,"key":"Mercury Hourglass"},{"floor":9,"key":"Letter Opener"},{"floor":12,"key":"Juzu Bracelet"},{"floor":14,"key":"Bag of Preparation"},{"floor":23,"key":"Centennial Puzzle"},{"floor":25,"key":"PreservedInsect"},{"floor":26,"key":"Molten Egg 2"},{"floor":27,"key":"Ninja Scroll"},{"floor":40,"key":"Dodecahedron"},{"floor":42,"key":"Question Card"},{"floor":43,"key":"Turnip"},{"floor":47,"key":"Toxic Egg 2"}],"event_choices":[{"cards_removed":["Strike_G"],"damage_healed":0,"gold_gain":0,"player_choice":"Forget","damage_taken":0,"max_hp_gain":0,"max_hp_loss":0,"event_name":"Living Wall","floor":5,"gold_loss":0},{"damage_healed":0,"gold_gain":0,"player_choice":"Box","damage_taken":0,"relics_obtained":["Pantograph"],"max_hp_gain":0,"max_hp_loss":0,"event_name":"Big Fish","floor":7,"gold_loss":0,"cards_obtained":["Regret"]},{"damage_healed":0,"gold_gain":0,"player_choice":"Got Potions","damage_taken":0,"max_hp_gain":0,"max_hp_loss":0,"event_name":"Lab","floor":13,"gold_loss":0},{"cards_removed":["Regret"],"damage_healed":0,"gold_gain":0,"player_choice":"Elegance","damage_taken":0,"max_hp_gain":0,"max_hp_loss":0,"event_name":"Back to Basics","floor":19,"gold_loss":0},{"damage_healed":0,"gold_gain":0,"player_choice":"Joined the Cult","damage_taken":6,"max_hp_gain":0,"max_hp_loss":0,"event_name":"Nest","floor":20,"gold_loss":0,"cards_obtained":["RitualDagger"]},{"damage_healed":0,"gold_gain":0,"player_choice":"Obtained Relic","damage_taken":0,"relics_obtained":["Ornamental Fan"],"max_hp_gain":0,"max_hp_loss":0,"event_name":"Addict","floor":21,"gold_loss":85},{"damage_healed":0,"gold_gain":0,"player_choice":"Shed Blood","damage_taken":18,"max_hp_gain":5,"max_hp_loss":0,"event_name":"Forgotten Altar","floor":22,"gold_loss":0},{"damage_healed":0,"gold_gain":0,"player_choice":"Became a vampire","damage_taken":0,"max_hp_gain":0,"max_hp_loss":23,"event_name":"Vampires","floor":28,"gold_loss":0,"cards_obtained":["Bite","Bite","Bite","Bite","Bite"]},{"damage_healed":0,"gold_gain":0,"player_choice":"Memory 3","damage_taken":10,"max_hp_gain":0,"max_hp_loss":0,"event_name":"SensoryStone","floor":36,"gold_loss":0},{"cards_removed":["Dagger Spray"],"damage_healed":0,"gold_gain":0,"player_choice":"Removed Attack","damage_taken":0,"max_hp_gain":0,"max_hp_loss":0,"event_name":"Falling","floor":45,"gold_loss":0}],"is_beta":false,"boss_relics":[{"not_picked":["White Beast Statue","Cursed Key"],"picked":"Pandora\u0027s Box"},{"not_picked":["Busted Crown","Empty Cage"],"picked":"Fusion Hammer"}],"items_purged_floors":[3],"is_endless":false,"potions_floor_spawned":[4,12,14,18,25,31,35,39,42,47],"killed_by":"Time Eater","ascension_level":3}