{"gold_per_floor":[149,162,182,193,210,210,241,241,241,271,285,285,358,22,22,118,118,130,145,157,187,205,205,220,230,230,246,261,261,115,133,133,237,237,247,258,276,276,292,324,324,338,338,338,358,377,9,22,22,22],"floor_reached":51,"playtime":3137,"items_purged":[],"score":876,"play_id":"c64be0f6-87a9-40c1-bc71-aad8957343dd","local_time":"20190119145627","daily_mods":["SealedDeck","Hoarder","Vintage"],"is_ascension_mode":false,"campfire_choices":[{"data":"Defragment","floor":6,"key":"SMITH"},{"data":"Defragment","floor":8,"key":"SMITH"},{"data":"Defragment","floor":15,"key":"SMITH"},{"floor":23,"key":"REST"},{"floor":29,"key":"REST"},{"data":"Tempest","floor":32,"key":"SMITH"},{"floor":41,"key":"REST"},{"floor":49,"key":"REST"}],"neow_cost":"","seed_source_timestamp":0,"circlet_count":0,"master_deck":["Barrage","Barrage","Barrage","Lockon","Lockon","Lockon","Lockon","Lockon","Lockon","Redo","Redo","Redo","Defragment+1","Defragment+1","Defragment+1","Capacitor","Capacitor","Capacitor","Ball Lightning","Ball Lightning","Ball Lightning","Tempest+1","Tempest+1","Tempest","Leap","Leap","Leap","Leap+1","Leap","Leap+1","Cold Snap+1","Cold Snap+1","Cold Snap","Creative AI","Creative AI","Creative AI","Glacier","Glacier","Glacier","Echo Form","Echo Form","Echo Form","Mayhem","Mayhem","Mayhem","Thunder Strike","Thunder Strike","Thunder Strike+1","Storm","Storm","Storm","Electrodynamics","Electrodynamics","Electrodynamics","Parasite","Parasite","Parasite"],"relics":["Cracked Core","Tiny Chest","DataDisk","The Courier","Oddly Smooth Stone","Bottled Tornado","Prayer Wheel","Lantern","Happy Flower","Kunai","Pantograph","Medical Kit","Emotion Chip","War Paint","Singing Bowl","Red Mask","Strawberry","Bronze Scales","Shuriken","Bottled Lightning","Pen Nib","WingedGreaves","Blood Vial","Orrery","Centennial Puzzle","Mercury Hourglass","Blue Candle","Sundial","Boot","Bird Faced Urn","Whetstone","Anchor","Bag of Marbles","Ornamental Fan","Toy Ornithopter","Vajra"],"potions_floor_usage":[3,11,19,21,28,33,36,50],"damage_taken":[{"damage":0,"enemies":"2 Louse","floor":1,"turns":2},{"damage":2,"enemies":"Jaw Worm","floor":2,"turns":3},{"damage":0,"enemies":"Small Slimes","floor":3,"turns":3},{"damage":6,"enemies":"2 Fungi Beasts","floor":4,"turns":2},{"damage":2,"enemies":"Blue Slaver","floor":5,"turns":2},{"damage":8,"enemies":"Lagavulin","floor":7,"turns":4},{"damage":6,"enemies":"Gremlin Nob","floor":10,"turns":3},{"damage":6,"enemies":"Exordium Wildlife","floor":11,"turns":3},{"damage":0,"enemies":"The Guardian","floor":16,"turns":7},{"damage":20,"enemies":"Spheric Guardian","floor":18,"turns":5},{"damage":7,"enemies":"Shell Parasite","floor":19,"turns":6},{"damage":1,"enemies":"Snecko","floor":20,"turns":4},{"damage":3,"enemies":"Masked Bandits","floor":21,"turns":3},{"damage":1,"enemies":"Cultist and Chosen","floor":22,"turns":5},{"damage":23,"enemies":"3 Cultists","floor":24,"turns":4},{"damage":0,"enemies":"Centurion and Healer","floor":25,"turns":6},{"damage":15,"enemies":"Snecko","floor":27,"turns":3},{"damage":7,"enemies":"Shelled Parasite and Fungi","floor":28,"turns":4},{"damage":6,"enemies":"Cultist and Chosen","floor":31,"turns":3},{"damage":17,"enemies":"Collector","floor":33,"turns":7},{"damage":32,"enemies":"3 Darklings","floor":35,"turns":4},{"damage":0,"enemies":"3 Shapes","floor":36,"turns":1},{"damage":44,"enemies":"Jaw Worm Horde","floor":37,"turns":3},{"damage":8,"enemies":"Spire Growth","floor":39,"turns":5},{"damage":48,"enemies":"Giant Head","floor":40,"turns":8},{"damage":5,"enemies":"4 Shapes","floor":42,"turns":2},{"damage":6,"enemies":"Transient","floor":45,"turns":5},{"damage":27,"enemies":"Spire Growth","floor":46,"turns":4},{"damage":23,"enemies":"Writhing Mass","floor":48,"turns":5},{"damage":39,"enemies":"Donu and Deca","floor":50,"turns":5}],"seed_played":"-6127967813712148349","potions_obtained":[{"floor":2,"key":"Fruit Juice"},{"floor":3,"key":"Strength Potion"},{"floor":7,"key":"AttackPotion"},{"floor":11,"key":"Energy Potion"},{"floor":18,"key":"Fire Potion"},{"floor":21,"key":"SpeedPotion"},{"floor":27,"key":"PowerPotion"},{"floor":28,"key":"AttackPotion"},{"floor":31,"key":"EssenceOfSteel"},{"floor":33,"key":"Strength Potion"},{"floor":35,"key":"SmokeBomb"},{"floor":36,"key":"SteroidPotion"}],"is_trial":true,"path_per_floor":["M","M","M","M","M","R","E","R","T","E","M","?","T","$","R","B",null,"M","M","M","?","M","R","M","M","T","M","M","R","$","M","R","B",null,"M","M","M","?","M","E","R","M","T","$","M","M","$","M","R","B",null],"character_chosen":"DEFECT","items_purchased":["Creative AI","Glacier","Medical Kit","Mayhem","Ornamental Fan","Toy Ornithopter"],"campfire_rested":4,"item_purchase_floors":[14,14,14,30,47,47],"current_hp_per_floor":[75,73,78,72,70,70,62,62,62,56,50,34,34,34,34,59,80,60,53,52,51,57,83,60,60,60,45,38,64,64,58,58,68,97,65,67,25,85,77,31,56,53,53,53,63,54,54,47,72,56],"gold":22,"neow_bonus":"","is_prod":false,"is_daily":false,"chose_seed":false,"campfire_upgraded":4,"win_rate":0,"timestamp":1547909787,"path_taken":["M","M","M","M","M","R","E","R","T","E","M","?","?","$","R","BOSS","M","M","M","?","M","R","M","M","T","M","M","R","$","M","R","BOSS","M","M","M","?","M","E","R","M","T","$","M","M","$","M","R","BOSS"],"build_version":"2019-01-17v2","purchased_purges":0,"victory":true,"max_hp_per_floor":[75,75,80,80,80,80,80,80,80,80,80,80,80,80,80,80,80,80,80,80,82,89,89,89,89,89,89,89,89,89,89,89,89,97,97,97,97,85,85,85,85,85,85,85,85,85,85,85,85,85],"card_choices":[{"not_picked":["White Noise","Rebound","Leap"],"picked":"SKIP","floor":7},{"not_picked":["Redo","Ball Lightning"],"picked":"Cold Snap","floor":10},{"not_picked":["Hyperbeam","Fission"],"picked":"Echo Form","floor":16},{"not_picked":["Stack","Darkness","Go for the Eyes"],"picked":"Singing Bowl","floor":21},{"not_picked":["Reboot","Biased Cognition"],"picked":"Thunder Strike","floor":33},{"not_picked":["Chill","Auto Shields","Streamline+1"],"picked":"Singing Bowl","floor":34},{"not_picked":["Barrage","Hologram","Defragment"],"picked":"Singing Bowl","floor":34},{"not_picked":["Stack","Darkness"],"picked":"Storm","floor":34},{"not_picked":["Redo","White Noise","Auto Shields+1"],"picked":"Singing Bowl","floor":34},{"not_picked":["Blizzard","Force Field","Loop"],"picked":"Singing Bowl","floor":34},{"not_picked":["Chaos","Lockon+1"],"picked":"Electrodynamics","floor":40}],"player_experience":1214306,"relics_obtained":[{"floor":1,"key":"Tiny Chest"},{"floor":2,"key":"DataDisk"},{"floor":3,"key":"The Courier"},{"floor":4,"key":"Oddly Smooth Stone"},{"floor":5,"key":"Bottled Tornado"},{"floor":7,"key":"Prayer Wheel"},{"floor":9,"key":"Lantern"},{"floor":10,"key":"Happy Flower"},{"floor":11,"key":"Kunai"},{"floor":13,"key":"Pantograph"},{"floor":18,"key":"Emotion Chip"},{"floor":19,"key":"War Paint"},{"floor":20,"key":"Singing Bowl"},{"floor":21,"key":"Red Mask"},{"floor":22,"key":"Strawberry"},{"floor":24,"key":"Bronze Scales"},{"floor":25,"key":"Shuriken"},{"floor":26,"key":"Bottled Lightning"},{"floor":27,"key":"Pen Nib"},{"floor":28,"key":"WingedGreaves"},{"floor":31,"key":"Blood Vial"},{"floor":35,"key":"Centennial Puzzle"},{"floor":36,"key":"Mercury Hourglass"},{"floor":37,"key":"Blue Candle"},{"floor":39,"key":"Sundial"},{"floor":40,"key":"Boot"},{"floor":42,"key":"Bird Faced Urn"},{"floor":43,"key":"Whetstone"},{"floor":45,"key":"Anchor"},{"floor":46,"key":"Bag of Marbles"},{"floor":48,"key":"Vajra"}],"event_choices":[{"damage_healed":0,"gold_gain":0,"player_choice":"Entered Light","damage_taken":16,"max_hp_gain":0,"max_hp_loss":0,"event_name":"Shining Light","floor":12,"gold_loss":0,"cards_upgraded":["Tempest","Cold Snap"]},{"damage_healed":0,"gold_gain":0,"player_choice":"Fought Bandits","damage_taken":0,"max_hp_gain":0,"max_hp_loss":0,"event_name":"Masked Bandits","floor":21,"gold_loss":0},{"damage_healed":85,"gold_gain":0,"player_choice":"Heal","damage_taken":0,"max_hp_gain":0,"max_hp_loss":12,"event_name":"The Moai Head","floor":38,"gold_loss":0}],"is_beta":false,"boss_relics":[{"not_picked":["Empty Cage","Sozu","Black Star"]},{"not_picked":["Runic Pyramid","Cursed Key"],"picked":"Orrery"}],"items_purged_floors":[],"is_endless":false,"potions_floor_spawned":[2,3,7,11,18,21,27,28,31,33,35,36,39,45],"ascension_level":0}