{"gold_per_floor":[109,30,30,46,58,84,84,109,109,138,138,169,181,32,32,134,134,124,24,24,24,34,34,50,65,89,89,101,101,101,112,112,215,265,280,297,297,397,302,302,316,326,326,37,56,56,56,56],"floor_reached":48,"playtime":5636,"items_purged":["Strike_G","Shame","Doubt","Shame"],"score":725,"play_id":"4a7b046a-9435-4c73-b6f0-c8dbaab6b8bd","local_time":"20181215010544","is_ascension_mode":true,"campfire_choices":[{"floor":11,"key":"REST"},{"floor":15,"key":"REST"},{"floor":23,"key":"REST"},{"floor":29,"key":"REST"},{"floor":32,"key":"REST"},{"floor":40,"key":"RECALL"}],"neow_cost":"NONE","seed_source_timestamp":217057143900004,"circlet_count":0,"master_deck":["AscendersBane","Defend_G","Defend_G","Defend_G","Defend_G","Survivor+1","Neutralize+1","Caltrops","Malaise","Finisher","Deadly Poison","Bouncing Flask","Corpse Explosion","Injury","Cloak And Dagger+1","Poisoned Stab","Blur+1","PiercingWail+1","Deadly Poison+1","Malaise+1","Tools of the Trade+1","Phantasmal Killer+1","Well Laid Plans+1","Dodge and Roll+1","Writhe","Sucker Punch+1","Bouncing Flask+1","Dagger Spray","Burst+1","Dash+1","Dodge and Roll+1","Poisoned Stab+1","Cloak And Dagger+1","Leg Sweep+1","Caltrops","Writhe"],"relics":["Cursed Key","Anchor","Toxic Egg 2","Juzu Bracelet","Darkstone Periapt","Astrolabe","Enchiridion","Smiling Mask","Orichalcum","Tiny House","Torii","Bag of Preparation"],"potions_floor_usage":[6,6,6,16,33,33,33,38,41,42,45,45,45],"damage_taken":[{"damage":1,"enemies":"Small Slimes","floor":1,"turns":4},{"damage":0,"enemies":"Cultist","floor":4,"turns":4},{"damage":13,"enemies":"Jaw Worm","floor":5,"turns":5},{"damage":13,"enemies":"3 Sentries","floor":6,"turns":8},{"damage":15,"enemies":"Lagavulin","floor":10,"turns":7},{"damage":10,"enemies":"3 Sentries","floor":12,"turns":4},{"damage":5,"enemies":"Exordium Thugs","floor":13,"turns":3},{"damage":10,"enemies":"The Guardian","floor":16,"turns":9},{"damage":22,"enemies":"2 Thieves","floor":18,"turns":5},{"damage":11,"enemies":"Shell Parasite","floor":22,"turns":6},{"damage":7,"enemies":"Shelled Parasite and Fungi","floor":24,"turns":5},{"damage":7,"enemies":"Snecko","floor":25,"turns":7},{"damage":6,"enemies":"Chosen and Byrds","floor":28,"turns":6},{"damage":0,"enemies":"Snake Plant","floor":31,"turns":4},{"damage":35,"enemies":"Collector","floor":33,"turns":9},{"damage":31,"enemies":"3 Shapes","floor":35,"turns":8},{"damage":1,"enemies":"Orb Walker","floor":36,"turns":4},{"damage":0,"enemies":"Mind Bloom Boss Battle","floor":38,"turns":8},{"damage":26,"enemies":"Spire Growth","floor":41,"turns":6},{"damage":16,"enemies":"4 Shapes","floor":42,"turns":6},{"damage":0,"enemies":"Jaw Worm Horde","floor":45,"turns":7},{"damage":46,"enemies":"Donu and Deca","floor":48,"turns":9}],"seed_played":"-328503471441362186","potions_obtained":[{"floor":1,"key":"Regen Potion"},{"floor":4,"key":"Swift Potion"},{"floor":5,"key":"Explosive Potion"},{"floor":12,"key":"Strength Potion"},{"floor":16,"key":"Strength Potion"},{"floor":25,"key":"Dexterity Potion"},{"floor":31,"key":"PowerPotion"},{"floor":33,"key":"GhostInAJar"},{"floor":34,"key":"GamblersBrew"},{"floor":35,"key":"SteroidPotion"},{"floor":36,"key":"Energy Potion"}],"is_trial":false,"path_per_floor":["M","$","?","M","M","E","?","T","T","E","R","E","M","$","R","B",null,"M","$","?","T","M","R","M","M","T","?","M","R","?","M","R","B",null,"M","M","?","?","$","R","M","M","T","$","M","?","?","B"],"character_chosen":"THE_SILENT","items_purchased":["Malaise","PiercingWail+1","Deadly Poison+1","Cloak And Dagger+1","Caltrops","SkillPotion","Energy Potion","EssenceOfSteel"],"campfire_rested":5,"item_purchase_floors":[2,14,14,39,44,44,44,44],"current_hp_per_floor":[62,62,62,62,49,51,37,37,37,22,43,33,28,28,49,39,62,40,40,24,30,19,41,34,27,33,33,27,51,51,51,75,40,77,46,45,45,45,45,45,19,3,9,9,9,38,38,0],"gold":56,"neow_bonus":"BOSS_RELIC","is_prod":false,"is_daily":false,"chose_seed":false,"campfire_upgraded":0,"win_rate":0,"timestamp":1544835944,"path_taken":["M","$","?","?","M","E","?","?","T","E","R","E","M","$","R","BOSS","M","$","?","?","M","R","M","M","T","?","M","R","?","M","R","BOSS","M","M","?","?","$","R","M","M","T","$","M","?","?","BOSS"],"build_version":"2018-12-13","purchased_purges":4,"victory":false,"max_hp_per_floor":[70,70,70,70,70,70,70,70,70,70,70,70,70,70,70,70,70,70,70,70,76,76,76,76,76,82,82,82,82,82,82,82,82,87,87,87,87,87,87,87,87,87,93,93,93,99,99,99],"card_choices":[{"not_picked":["Slice","Blade Dance"],"picked":"Caltrops","floor":1},{"not_picked":["Calculated Gamble","Blade Dance"],"picked":"Deadly Poison","floor":4},{"not_picked":["Tactician","Flechettes"],"picked":"Bouncing Flask","floor":5},{"not_picked":["Sucker Punch","Dagger Spray"],"picked":"Corpse Explosion","floor":6},{"not_picked":["Terror+1","Setup+1"],"picked":"Cloak And Dagger+1","floor":10},{"not_picked":["Malaise+1","Tactician+1"],"picked":"Poisoned Stab","floor":12},{"not_picked":["Flying Knee","Infinite Blades"],"picked":"Blur+1","floor":13},{"not_picked":["Phantasmal Killer+1","Venomology+1"],"picked":"Malaise+1","floor":16},{"not_picked":["Backstab","PiercingWail+1"],"picked":"Dodge and Roll+1","floor":18},{"not_picked":["Quick Slash","Dagger Throw+1","Sucker Punch"],"picked":"SKIP","floor":22},{"not_picked":["Crippling Poison+1","Outmaneuver+1"],"picked":"Sucker Punch+1","floor":24},{"not_picked":["Reflex+1","Expertise+1","Die Die Die"],"picked":"SKIP","floor":25},{"not_picked":["Underhanded Strike","Dagger Throw+1"],"picked":"Bouncing Flask+1","floor":28},{"not_picked":["Choke","Eviscerate"],"picked":"Dagger Spray","floor":31},{"not_picked":["Adrenaline+1","Bullet Time+1"],"picked":"Burst+1","floor":33},{"not_picked":["Slice+1","Dagger Throw+1"],"picked":"Dash+1","floor":35},{"not_picked":["Deadly Poison+1","Poisoned Stab"],"picked":"Dodge and Roll+1","floor":36},{"not_picked":["Storm of Steel+1","Choke+1"],"picked":"Poisoned Stab+1","floor":38},{"not_picked":["Dagger Throw+1","Finisher+1"],"picked":"Leg Sweep+1","floor":41},{"not_picked":["Flechettes+1","Outmaneuver+1","Deflect+1"],"picked":"SKIP","floor":42},{"not_picked":["Flechettes+1","Poisoned Stab","Cloak And Dagger+1"],"picked":"SKIP","floor":45}],"player_experience":1046359,"relics_obtained":[{"floor":6,"key":"Anchor"},{"floor":9,"key":"Toxic Egg 2"},{"floor":10,"key":"Juzu Bracelet"},{"floor":12,"key":"Darkstone Periapt"},{"floor":20,"key":"Enchiridion"},{"floor":21,"key":"Smiling Mask"},{"floor":26,"key":"Orichalcum"},{"floor":38,"key":"Torii"},{"floor":43,"key":"Bag of Preparation"}],"event_choices":[{"damage_healed":0,"gold_gain":0,"cards_transformed":["Strike_G"],"player_choice":"Transformed","damage_taken":0,"max_hp_gain":0,"max_hp_loss":0,"event_name":"Transmorgrifier","floor":3,"gold_loss":0,"cards_obtained":["Finisher"]},{"damage_healed":0,"gold_gain":0,"player_choice":"Entered Light","damage_taken":14,"max_hp_gain":0,"max_hp_loss":0,"event_name":"Shining Light","floor":7,"gold_loss":0,"cards_upgraded":["Strike_G","Survivor"]},{"damage_healed":0,"gold_gain":0,"player_choice":"Obtained Book","damage_taken":16,"max_hp_gain":0,"max_hp_loss":0,"event_name":"Cursed Tome","floor":20,"gold_loss":0},{"damage_healed":0,"gold_gain":0,"player_choice":"Bought 0 Potions","damage_taken":0,"max_hp_gain":0,"max_hp_loss":0,"event_name":"The Woman in Blue","floor":27,"gold_loss":0},{"damage_healed":0,"gold_gain":0,"player_choice":"Ignored","damage_taken":0,"max_hp_gain":0,"max_hp_loss":0,"event_name":"Vampires","floor":30,"gold_loss":0},{"cards_removed":["Defend_G"],"damage_healed":0,"gold_gain":0,"player_choice":"Removed Skill","damage_taken":0,"max_hp_gain":0,"max_hp_loss":0,"event_name":"Falling","floor":37,"gold_loss":0},{"damage_healed":0,"gold_gain":0,"player_choice":"Fight","damage_taken":0,"max_hp_gain":0,"max_hp_loss":0,"event_name":"MindBloom","floor":38,"gold_loss":0},{"damage_healed":23,"gold_gain":0,"player_choice":"Writhe","damage_taken":0,"max_hp_gain":0,"max_hp_loss":0,"event_name":"Winding Halls","floor":46,"gold_loss":0,"cards_obtained":["Writhe"]},{"damage_healed":0,"gold_gain":0,"player_choice":"Took Portal","damage_taken":0,"max_hp_gain":0,"max_hp_loss":0,"event_name":"SecretPortal","floor":47,"gold_loss":0}],"is_beta":false,"boss_relics":[{"not_picked":["Snecko Eye","Runic Dome"],"picked":"Astrolabe"},{"not_picked":["Black Star","Velvet Choker"],"picked":"Tiny House"}],"items_purged_floors":[14,19,39,44],"is_endless":false,"potions_floor_spawned":[1,4,5,12,16,25,31,33,35,36],"killed_by":"Donu and Deca","ascension_level":10}