{"gold_per_floor":[110,120,45,45,45,76,93,118,118,118,18,18,33,52,52,151,151,165,165,184,194,69,69,94,94,124,124,141,167,167,177,177,275,275,295,313,313,148,248,248,282,282,282,282,298,298,311,326,326,326],"floor_reached":51,"playtime":3933,"items_purged":["Strike_G","Strike_G","Defend_G"],"score":997,"play_id":"53f89ef5-2b57-42f4-96bc-0452372d3a61","local_time":"20181124191648","is_ascension_mode":true,"campfire_choices":[{"floor":12,"key":"REST"},{"floor":15,"key":"REST"},{"floor":23,"key":"REST"},{"floor":27,"key":"REST"},{"floor":32,"key":"REST"},{"floor":40,"key":"REST"},{"floor":42,"key":"REST"},{"data":"Noxious Fumes","floor":44,"key":"SMITH"},{"floor":49,"key":"REST"}],"neow_cost":"NONE","seed_source_timestamp":69110691118762,"circlet_count":0,"master_deck":["Defend_G","Defend_G+1","Defend_G","Survivor+1","Neutralize+1","Deadly Poison","Deadly Poison","Backflip","Poisoned Stab","Cloak And Dagger","Riddle With Holes","Noxious Fumes+1","Doppelganger+1","Predator+1","Backflip","Catalyst+1","Catalyst","Poisoned Stab","Leg Sweep+1","Dagger Spray+1","Madness","Madness","Apotheosis","Noxious Fumes"],"relics":["Ring of the Snake","Omamori","Singing Bowl","Odd Mushroom","Meat on the Bone","Astrolabe","Regal Pillow","Tiny Chest","Bronze Scales","Velvet Choker","Tough Bandages","Bag of Marbles","Torii"],"potions_floor_usage":[16,21,21,28,28,33,39,47],"damage_taken":[{"damage":1,"enemies":"Jaw Worm","floor":1,"turns":5},{"damage":0,"enemies":"Small Slimes","floor":2,"turns":3},{"damage":22,"enemies":"Gremlin Nob","floor":6,"turns":5},{"damage":0,"enemies":"2 Louse","floor":7,"turns":4},{"damage":13,"enemies":"The Mushroom Lair","floor":8,"turns":5},{"damage":0,"enemies":"Large Slime","floor":13,"turns":8},{"damage":1,"enemies":"Red Slaver","floor":14,"turns":5},{"damage":38,"enemies":"Slime Boss","floor":16,"turns":11},{"damage":4,"enemies":"Chosen","floor":18,"turns":5},{"damage":23,"enemies":"Spheric Guardian","floor":20,"turns":5},{"damage":33,"enemies":"3 Cultists","floor":21,"turns":7},{"damage":32,"enemies":"Book of Stabbing","floor":24,"turns":7},{"damage":23,"enemies":"Centurion and Healer","floor":28,"turns":5},{"damage":7,"enemies":"Snecko","floor":31,"turns":3},{"damage":44,"enemies":"Collector","floor":33,"turns":5},{"damage":50,"enemies":"3 Darklings","floor":35,"turns":5},{"damage":7,"enemies":"Orb Walker","floor":36,"turns":5},{"damage":9,"enemies":"Mind Bloom Boss Battle","floor":39,"turns":5},{"damage":22,"enemies":"Giant Head","floor":41,"turns":7},{"damage":19,"enemies":"Sphere and 2 Shapes","floor":45,"turns":4},{"damage":22,"enemies":"3 Darklings","floor":47,"turns":5},{"damage":17,"enemies":"Transient","floor":48,"turns":5},{"damage":79,"enemies":"Donu and Deca","floor":50,"turns":10}],"seed_played":"-939508852036153015","potions_obtained":[{"floor":6,"key":"PowerPotion"},{"floor":7,"key":"Swift Potion"},{"floor":16,"key":"SpeedPotion"},{"floor":21,"key":"GamblersBrew"},{"floor":24,"key":"Poison Potion"},{"floor":31,"key":"Explosive Potion"},{"floor":36,"key":"EssenceOfSteel"},{"floor":41,"key":"SpeedPotion"},{"floor":45,"key":"Block Potion"}],"is_trial":false,"path_per_floor":["M","M","$","?","?","E","M","?","T","?","$","R","M","M","R","B",null,"M","?","M","M","$","R","E","?","T","R","M","T","$","M","R","B",null,"M","M","?","$","?","R","E","R","T","R","M","?","M","M","R","B",null],"character_chosen":"THE_SILENT","items_purchased":["Apotheosis"],"campfire_rested":8,"item_purchase_floors":[38],"current_hp_per_floor":[62,62,62,62,48,26,26,13,13,13,13,34,46,45,66,42,65,63,63,40,19,19,41,23,23,23,60,49,49,49,42,76,46,70,32,37,27,27,32,71,51,82,82,82,65,65,43,40,80,13],"gold":326,"neow_bonus":"RANDOM_COMMON_RELIC","is_prod":false,"is_daily":false,"chose_seed":false,"campfire_upgraded":1,"win_rate":0,"timestamp":1543087008,"path_taken":["M","M","$","?","?","E","M","?","T","?","$","R","?","M","R","BOSS","M","?","?","M","$","R","E","?","T","R","?","?","$","M","R","BOSS","M","M","?","$","?","R","E","R","T","R","M","?","M","M","R","BOSS"],"build_version":"2018-11-15","purchased_purges":3,"victory":true,"max_hp_per_floor":[70,70,70,70,70,70,70,70,70,70,70,70,70,70,70,72,72,74,74,74,74,74,74,76,76,76,76,76,76,76,76,76,78,78,78,78,78,78,80,80,82,82,82,82,84,84,84,86,86,86],"card_choices":[{"not_picked":["Cloak And Dagger","PiercingWail"],"picked":"Deadly Poison","floor":1},{"not_picked":["Skewer","Outmaneuver"],"picked":"Deadly Poison","floor":2},{"not_picked":["Underhanded Strike","Night Terror"],"picked":"Poisoned Stab","floor":6},{"not_picked":["Acrobatics","Backstab"],"picked":"Cloak And Dagger","floor":7},{"not_picked":["Escape Plan","Malaise"],"picked":"Cloak And Dagger","floor":8},{"not_picked":["PiercingWail","Dagger Spray"],"picked":"Riddle With Holes","floor":13},{"not_picked":["Quick Slash","Distraction"],"picked":"Noxious Fumes","floor":14},{"not_picked":["Tools of the Trade","Doppelganger","After Image"],"picked":"Singing Bowl","floor":16},{"not_picked":["Acrobatics+1","Eviscerate","Sucker Punch"],"picked":"Singing Bowl","floor":18},{"not_picked":["Flying Knee","Heel Hook"],"picked":"Backflip","floor":20},{"not_picked":["Underhanded Strike","PiercingWail+1"],"picked":"Catalyst+1","floor":21},{"not_picked":["Dodge and Roll","Expertise","Prepared+1"],"picked":"Singing Bowl","floor":24},{"not_picked":["Cloak And Dagger+1","Bane+1"],"picked":"Catalyst","floor":28},{"not_picked":["Blade Dance","Backflip"],"picked":"Poisoned Stab","floor":31},{"not_picked":["Malaise","After Image","Grand Finale"],"picked":"Singing Bowl","floor":33},{"not_picked":["Dodge and Roll","Deadly Poison+1"],"picked":"Leg Sweep+1","floor":35},{"not_picked":["Accuracy","Flying Knee"],"picked":"Dagger Spray+1","floor":36},{"not_picked":["Flying Knee","Sucker Punch","Poisoned Stab+1"],"picked":"Singing Bowl","floor":39},{"not_picked":["Concentrate","Malaise","Reflex+1"],"picked":"Singing Bowl","floor":41},{"not_picked":["Skewer","Acrobatics","Underhanded Strike+1"],"picked":"Singing Bowl","floor":45},{"not_picked":["Backflip","Bane"],"picked":"Noxious Fumes","floor":47},{"not_picked":["Venomology","Blade Dance","Calculated Gamble"],"picked":"Singing Bowl","floor":48}],"player_experience":885653,"relics_obtained":[{"floor":6,"key":"Singing Bowl"},{"floor":8,"key":"Odd Mushroom"},{"floor":9,"key":"Meat on the Bone"},{"floor":24,"key":"Regal Pillow"},{"floor":26,"key":"Tiny Chest"},{"floor":29,"key":"Bronze Scales"},{"floor":39,"key":"Tough Bandages"},{"floor":41,"key":"Bag of Marbles"},{"floor":43,"key":"Torii"}],"event_choices":[{"damage_healed":0,"gold_gain":0,"cards_transformed":["Strike_G"],"player_choice":"Change","damage_taken":0,"max_hp_gain":0,"max_hp_loss":0,"event_name":"Living Wall","floor":4,"gold_loss":0,"cards_obtained":["Backflip"]},{"damage_healed":0,"gold_gain":0,"player_choice":"Entered Light","damage_taken":14,"max_hp_gain":0,"max_hp_loss":0,"event_name":"Shining Light","floor":5,"gold_loss":0,"cards_upgraded":["Defend_G","Survivor"]},{"damage_healed":0,"gold_gain":0,"player_choice":"Fought Mushrooms","damage_taken":0,"max_hp_gain":0,"max_hp_loss":0,"event_name":"Mushrooms","floor":8,"gold_loss":0},{"damage_healed":0,"gold_gain":0,"player_choice":"Upgraded","damage_taken":0,"max_hp_gain":0,"max_hp_loss":0,"event_name":"Upgrade Shrine","floor":10,"gold_loss":0,"cards_upgraded":["Neutralize"]},{"cards_removed":["Acrobatics"],"damage_healed":0,"gold_gain":0,"player_choice":"Purged","damage_taken":0,"max_hp_gain":0,"max_hp_loss":0,"event_name":"Purifier","floor":19,"gold_loss":0},{"damage_healed":0,"gold_gain":0,"player_choice":"Cursed","damage_taken":0,"max_hp_gain":0,"max_hp_loss":0,"event_name":"Wheel of Change","floor":25,"gold_loss":0,"cards_obtained":["Decay"]},{"damage_healed":0,"gold_gain":0,"player_choice":"Embrace Madness","damage_taken":10,"max_hp_gain":0,"max_hp_loss":0,"event_name":"Winding Halls","floor":37,"gold_loss":0,"cards_obtained":["Madness","Madness"]},{"damage_healed":0,"gold_gain":0,"player_choice":"Fight","damage_taken":0,"max_hp_gain":0,"max_hp_loss":0,"event_name":"MindBloom","floor":39,"gold_loss":0},{"cards_removed":["Cloak And Dagger"],"damage_healed":0,"gold_gain":0,"player_choice":"Removed Skill","damage_taken":0,"max_hp_gain":0,"max_hp_loss":0,"event_name":"Falling","floor":46,"gold_loss":0}],"is_beta":false,"boss_relics":[{"not_picked":["Philosopher\u0027s Stone","Ectoplasm"],"picked":"Astrolabe"},{"not_picked":["White Beast Statue","Cursed Key"],"picked":"Velvet Choker"}],"items_purged_floors":[3,11,22],"is_endless":false,"potions_floor_spawned":[6,7,16,21,24,31,36,41,45],"ascension_level":9}