{"gold_per_floor":[118,130,130,43,43,43,63,63,111,111,143,143,143,176,176,275,275,293,304,32,32,49,49,4,37,37,37,66,78,78,89,89,189,189,205,205,225,125,135,135,167,167,194,194,220,220,234,173,173,173],"floor_reached":51,"playtime":2717,"items_purged":["Strike_B","Strike_B"],"score":949,"play_id":"e0eedd42-9091-4d5f-91d5-89adb64594ed","local_time":"20190206204950","is_ascension_mode":true,"campfire_choices":[{"data":"Sunder","floor":6,"key":"SMITH"},{"data":"Barrage","floor":10,"key":"SMITH"},{"data":"Zap","floor":15,"key":"SMITH"},{"data":"Double Energy","floor":23,"key":"SMITH"},{"data":"Reboot","floor":27,"key":"SMITH"},{"floor":32,"key":"REST"},{"data":"Fission","floor":40,"key":"SMITH"},{"floor":42,"key":"DIG"},{"floor":44,"key":"DIG"},{"floor":49,"key":"REST"}],"neow_cost":"NONE","seed_source_timestamp":443201394440700,"circlet_count":0,"master_deck":["Strike_B+1","Defend_B","Defend_B","Defend_B","Defend_B+1","Zap+1","Dualcast","Double Energy+1","Sweeping Beam","Ball Lightning","Sunder+1","Barrage+1","Darkness","Coolheaded","Reboot","Capacitor","Reinforced Body+1","Meteor Strike","Turbo","Reboot+1","Hologram+1","Reinforced Body","Skim","Fission+1","Stack","Sunder+1","Turbo+1","Self Repair","Leap","Panacea"],"relics":["Cracked Core","Bag of Marbles","Strawberry","Cables","Sozu","WarpedTongs","PreservedInsect","Darkstone Periapt","Regal Pillow","Runic Pyramid","Shovel","Ancient Tea Set","Blood Vial","Blue Candle","Bottled Flame","Ice Cream"],"potions_floor_usage":[14,14,18],"damage_taken":[{"damage":0,"enemies":"Small Slimes","floor":1,"turns":2},{"damage":0,"enemies":"Cultist","floor":2,"turns":3},{"damage":4,"enemies":"Jaw Worm","floor":7,"turns":2},{"damage":35,"enemies":"Lagavulin","floor":11,"turns":5},{"damage":10,"enemies":"3 Sentries","floor":14,"turns":4},{"damage":34,"enemies":"The Guardian","floor":16,"turns":9},{"damage":3,"enemies":"2 Thieves","floor":18,"turns":2},{"damage":0,"enemies":"Chosen","floor":19,"turns":3},{"damage":4,"enemies":"Snake Plant","floor":22,"turns":3},{"damage":19,"enemies":"Slavers","floor":25,"turns":3},{"damage":0,"enemies":"Book of Stabbing","floor":28,"turns":3},{"damage":11,"enemies":"Centurion and Healer","floor":29,"turns":3},{"damage":10,"enemies":"Sentry and Sphere","floor":31,"turns":4},{"damage":22,"enemies":"Collector","floor":33,"turns":9},{"damage":23,"enemies":"3 Shapes","floor":35,"turns":3},{"damage":0,"enemies":"Orb Walker","floor":37,"turns":2},{"damage":10,"enemies":"Spire Growth","floor":39,"turns":3},{"damage":0,"enemies":"Nemesis","floor":41,"turns":1},{"damage":58,"enemies":"Giant Head","floor":45,"turns":8},{"damage":0,"enemies":"Transient","floor":47,"turns":5},{"damage":50,"enemies":"Donu and Deca","floor":50,"turns":12}],"seed_played":"-7380403799720052571","potions_obtained":[{"floor":1,"key":"Fire Potion"},{"floor":11,"key":"Fruit Juice"},{"floor":14,"key":"Fire Potion"}],"is_trial":false,"path_per_floor":["M","M","?","$","?","R","M","$","T","R","E","?","?","E","R","B",null,"M","M","$","?","M","R","$","E","T","R","E","M","?","M","R","B",null,"M","?","M","$","M","R","E","R","T","R","E","?","M","?","R","B",null],"character_chosen":"DEFECT","items_purchased":["Ball Lightning","Sunder","Meteor Strike","Turbo","Coolheaded"],"campfire_rested":2,"item_purchase_floors":[4,4,20,20,24],"current_hp_per_floor":[82,82,82,82,66,66,62,62,62,62,34,63,63,58,58,24,94,91,91,91,91,87,87,87,68,68,68,68,57,57,47,90,68,94,71,71,71,71,61,61,61,61,61,61,15,15,17,17,60,19],"gold":173,"neow_bonus":"TEN_PERCENT_HP_BONUS","is_prod":false,"is_daily":false,"chose_seed":false,"campfire_upgraded":6,"win_rate":0,"timestamp":1549511390,"path_taken":["M","M","?","?","?","R","M","$","T","R","E","?","?","E","R","BOSS","M","M","$","?","?","R","?","E","T","R","E","M","?","M","R","BOSS","M","?","M","$","M","R","E","R","T","R","E","?","M","?","R","BOSS"],"build_version":"2019-01-23","purchased_purges":2,"victory":true,"max_hp_per_floor":[82,82,82,82,82,82,82,82,82,82,89,89,89,94,94,94,94,94,94,94,94,94,94,94,94,94,94,94,94,94,94,94,94,94,94,94,94,94,94,94,94,94,94,94,94,94,94,94,94,94],"card_choices":[{"not_picked":["Undo","Fusion"],"picked":"Double Energy","floor":1},{"not_picked":["Leap","Compile Driver"],"picked":"Sweeping Beam","floor":2},{"not_picked":["Go for the Eyes","Beam Cell"],"picked":"Barrage","floor":7},{"not_picked":["Stack","Double Energy"],"picked":"Darkness","floor":11},{"not_picked":["Skim","Stack"],"picked":"Coolheaded","floor":14},{"not_picked":["Hyperbeam","All For One"],"picked":"Reboot","floor":16},{"not_picked":["Gash","Genetic Algorithm+1"],"picked":"Capacitor","floor":18},{"not_picked":["Rip and Tear","Barrage"],"picked":"Reinforced Body+1","floor":19},{"not_picked":["Steam","Blizzard+1","Turbo"],"picked":"SKIP","floor":22},{"not_picked":["BootSequence","Hologram"],"picked":"Reboot","floor":25},{"not_picked":["Biased Cognition","Static Discharge"],"picked":"Hologram+1","floor":28},{"not_picked":["Conserve Battery","Hologram"],"picked":"Reinforced Body","floor":29},{"not_picked":["BootSequence+1","Stack"],"picked":"Skim","floor":31},{"not_picked":["All For One","Biased Cognition"],"picked":"Fission","floor":33},{"not_picked":["Genetic Algorithm","Streamline+1"],"picked":"Stack","floor":35},{"not_picked":["Gash","Static Discharge+1"],"picked":"Sunder+1","floor":37},{"not_picked":["Streamline","Stack+1"],"picked":"Turbo+1","floor":39},{"not_picked":["Amplify","Capacitor+1"],"picked":"Self Repair","floor":41},{"not_picked":["Hologram","Barrage+1"],"picked":"Leap","floor":45},{"not_picked":["Panache","Impatience"],"picked":"Panacea","floor":46},{"not_picked":["Barrage+1","Streamline+1","Cold Snap+1"],"picked":"SKIP","floor":47}],"player_experience":300821,"relics_obtained":[{"floor":9,"key":"Bag of Marbles"},{"floor":11,"key":"Strawberry"},{"floor":14,"key":"Cables"},{"floor":25,"key":"PreservedInsect"},{"floor":26,"key":"Darkstone Periapt"},{"floor":28,"key":"Regal Pillow"},{"floor":41,"key":"Shovel"},{"floor":42,"key":"Ancient Tea Set"},{"floor":43,"key":"Blood Vial"},{"floor":44,"key":"Blue Candle"},{"floor":45,"key":"Bottled Flame"}],"event_choices":[{"damage_healed":0,"gold_gain":0,"player_choice":"Bought 0 Potions","damage_taken":0,"max_hp_gain":0,"max_hp_loss":0,"event_name":"The Woman in Blue","floor":3,"gold_loss":0},{"damage_healed":0,"gold_gain":0,"player_choice":"Entered Light","damage_taken":16,"max_hp_gain":0,"max_hp_loss":0,"event_name":"Shining Light","floor":5,"gold_loss":0,"cards_upgraded":["Defend_B","Strike_B"]},{"damage_healed":29,"gold_gain":0,"player_choice":"Banana","damage_taken":0,"max_hp_gain":0,"max_hp_loss":0,"event_name":"Big Fish","floor":12,"gold_loss":0},{"cards_removed":["Strike_B"],"damage_healed":0,"gold_gain":0,"player_choice":"Forget","damage_taken":0,"max_hp_gain":0,"max_hp_loss":0,"event_name":"Living Wall","floor":13,"gold_loss":0},{"damage_healed":0,"gold_gain":0,"player_choice":"Rummage","damage_taken":0,"relics_obtained":["WarpedTongs"],"max_hp_gain":0,"max_hp_loss":0,"event_name":"Accursed Blacksmith","floor":21,"gold_loss":0,"cards_obtained":["Pain"]},{"cards_removed":["Pain"],"damage_healed":0,"gold_gain":0,"player_choice":"Elegance","damage_taken":0,"max_hp_gain":0,"max_hp_loss":0,"event_name":"Back to Basics","floor":30,"gold_loss":0},{"cards_removed":["Coolheaded"],"damage_healed":0,"gold_gain":0,"player_choice":"Removed Skill","damage_taken":0,"max_hp_gain":0,"max_hp_loss":0,"event_name":"Falling","floor":36,"gold_loss":0},{"damage_healed":0,"gold_gain":0,"player_choice":"Memory 1","damage_taken":0,"max_hp_gain":0,"max_hp_loss":0,"event_name":"SensoryStone","floor":46,"gold_loss":0},{"damage_healed":0,"gold_gain":0,"player_choice":"Paid Gold","damage_taken":0,"relics_obtained":["Ice Cream"],"max_hp_gain":0,"max_hp_loss":0,"event_name":"WeMeetAgain","floor":48,"gold_loss":61}],"is_beta":false,"boss_relics":[{"not_picked":["Astrolabe","Lizard Tail"],"picked":"Sozu"},{"not_picked":["Runic Dome","Fusion Hammer"],"picked":"Runic Pyramid"}],"items_purged_floors":[20,38],"is_endless":false,"potions_floor_spawned":[1,11,14,19,22,31,39,41,45],"ascension_level":4}