{"gold_per_floor":[116,135,148,148,20,48,48,61,61,61,61,61,96,115,115,212,212,226,126,140,157,157],"floor_reached":22,"playtime":2689,"items_purged":["Strike_B","Strike_B"],"score":245,"play_id":"9ad42bfc-e689-4222-9e3e-8a0d776f9f9a","local_time":"20190209234131","is_ascension_mode":true,"campfire_choices":[{"floor":7.0,"key":"REST"},{"floor":10.0,"key":"RECALL"},{"data":"FIFO Queue","floor":12.0,"key":"SMITH"},{"floor":15.0,"key":"REST"}],"neow_cost":"NONE","seed_source_timestamp":524384096236982,"circlet_count":0,"master_deck":["Strike_B+1","Defend_B+1","Defend_B","Defend_B","Defend_B","Zap","Dualcast","Auto Shields","Panic Button","FIFO Queue+1","Ball Lightning","Multi-Cast","Defragment","Darkness","Coolheaded","Electrodynamics","FTL"],"special_seed":0,"relics":["Cracked Core","Replay:Wax Seal","Bag of Marbles"],"potions_floor_usage":[20],"damage_taken":[{"damage":0.0,"enemies":"Cultist","floor":1.0,"turns":3.0},{"damage":0.0,"enemies":"Jaw Worm","floor":2.0,"turns":4.0},{"damage":0.0,"enemies":"Small Slimes","floor":3.0,"turns":3.0},{"damage":14.0,"enemies":"Lagavulin","floor":6.0,"turns":7.0},{"damage":5.0,"enemies":"Exordium Thugs","floor":8.0,"turns":4.0},{"damage":38.0,"enemies":"3 Sentries","floor":13.0,"turns":9.0},{"damage":5.0,"enemies":"Red Slaver","floor":14.0,"turns":2.0},{"damage":19.0,"enemies":"Slime Boss","floor":16.0,"turns":11.0},{"damage":26.0,"enemies":"2 Thieves","floor":18.0,"turns":3.0},{"damage":21,"enemies":"3 Byrds","floor":20,"turns":3},{"damage":14,"enemies":"Snecko","floor":21,"turns":6},{"damage":9,"enemies":"Centurion and Healer","floor":22,"turns":4}],"seed_played":"-1415690358715333503","potions_obtained":[{"floor":1.0,"key":"Toxic Potion"},{"floor":3.0,"key":"Weak Potion"},{"floor":6.0,"key":"SkillPotion"},{"floor":13.0,"key":"SteroidPotion"},{"floor":18.0,"key":"SpeedPotion"},{"floor":21,"key":"Swift Potion"}],"is_trial":false,"path_per_floor":["M","M","M","?","$","E","R","M","T","R","?","R","E","M","R","B",null,"M","$","M","M","M"],"character_chosen":"DEFECT","items_purchased":["Ball Lightning"],"campfire_rested":2,"item_purchase_floors":[5],"current_hp_per_floor":[82,82,82,66,66,52,76,71,71,71,71,71,33,28,52,33,70,44,44,23,9,0],"gold":157,"neow_bonus":"TEN_PERCENT_HP_BONUS","is_prod":false,"is_daily":false,"chose_seed":false,"campfire_upgraded":1,"win_rate":0,"timestamp":1549752091,"path_taken":["M","M","M","?","$","E","R","M","T","R","?","R","E","?","R","BOSS","M","$","M","M","M"],"build_version":"2019-01-23","purchased_purges":2,"victory":false,"max_hp_per_floor":[82,82,82,82,82,82,82,82,82,82,82,82,82,82,82,82,82,82,82,82,82,82],"card_choices":[{"not_picked":["Aggregate","Cold Snap"],"picked":"Auto Shields","floor":1.0},{"not_picked":["Stack","Barrage"],"picked":"Panic Button","floor":2.0},{"not_picked":["BasicCrystalCard","Cold Snap"],"picked":"FIFO Queue","floor":3.0},{"not_picked":["Panic Button","Sweeping Beam"],"picked":"Multi-Cast","floor":6.0},{"not_picked":["Rebound","Go for the Eyes"],"picked":"Defragment","floor":8.0},{"not_picked":["FIFO Queue","Panic Button"],"picked":"Coolheaded","floor":13.0},{"not_picked":["Storm","ReplayTheSpireMod:Omega Cannon","Panic Button"],"picked":"SKIP","floor":14.0},{"not_picked":["hubris:SpecializedCircuitry","Amplify"],"picked":"Electrodynamics","floor":16.0},{"not_picked":["Go for the Eyes","ReplaySort","Compile Driver"],"picked":"SKIP","floor":18.0},{"not_picked":["Redo","Go for the Eyes","Auto Shields"],"picked":"SKIP","floor":20},{"not_picked":["Stack","Go for the Eyes"],"picked":"FTL","floor":21}],"player_experience":335283,"relics_obtained":[{"floor":6.0,"key":"Replay:Wax Seal"},{"floor":13.0,"key":"Bag of Marbles"}],"event_choices":[{"damage_healed":0.0,"max_hp_gain":0.0,"max_hp_loss":0.0,"gold_gain":0.0,"event_name":"Shining Light","player_choice":"Entered Light","floor":4.0,"gold_loss":0.0,"damage_taken":16.0,"cards_upgraded":["Defend_B","Strike_B"]},{"damage_healed":0.0,"max_hp_gain":0.0,"max_hp_loss":0.0,"gold_gain":0.0,"cards_transformed":["Strike_B"],"event_name":"Transmorgrifier","player_choice":"Transformed","floor":11.0,"gold_loss":0.0,"damage_taken":0.0,"cards_obtained":["Darkness"]}],"is_beta":false,"boss_relics":[{"not_picked":["Inserter","Astrolabe","Sozu"]}],"items_purged_floors":[5,19],"is_endless":false,"potions_floor_spawned":[1,3,6,13,18,21],"killed_by":"Centurion and Healer","ascension_level":5}