{"gold_per_floor":[119,21,21,40,65,103,103,119,194,233,233,233,277,291,291,421,421,441,441,540,340,340,340,356,371,423,441,441,441,441,454,454,454],"floor_reached":33,"playtime":2617,"items_purged":["Strike_B"],"score":489,"play_id":"e1bf5659-c3e3-4d22-8593-f9be55ccbc3e","local_time":"20190109210908","is_ascension_mode":true,"campfire_choices":[{"floor":7,"key":"REST"},{"floor":12,"key":"REST"},{"floor":15,"key":"RECALL"},{"floor":23,"key":"REST"},{"floor":28,"key":"REST"},{"floor":32,"key":"REST"}],"neow_cost":"NONE","seed_source_timestamp":35895992463157,"circlet_count":0,"master_deck":["AscendersBane","Defend_B","Defend_B","Defend_B","Defend_B","Zap","Dualcast","Coolheaded","Consume","Beam Cell","Ball Lightning","Go for the Eyes+1","Cold Snap","Streamline","Cold Snap","Glacier","Self Repair","Electrodynamics","Ball Lightning+1","Static Discharge","Go for the Eyes","Ghostly","Ghostly","Ghostly","Ghostly","Ghostly","Leap+1","Melter","White Noise","Glacier","Biased Cognition"],"relics":["Fusion Hammer","Golden Idol","Emotion Chip","Matryoshka","Orichalcum","Boot","Empty Cage","DataDisk","Whetstone"],"potions_floor_usage":[6,16,25],"damage_taken":[{"damage":7,"enemies":"Small Slimes","floor":1,"turns":3},{"damage":7,"enemies":"Jaw Worm","floor":4,"turns":4},{"damage":2,"enemies":"2 Louse","floor":5,"turns":2},{"damage":10,"enemies":"3 Sentries","floor":6,"turns":8},{"damage":2,"enemies":"2 Fungi Beasts","floor":8,"turns":3},{"damage":12,"enemies":"Gremlin Nob","floor":10,"turns":4},{"damage":0,"enemies":"3 Sentries","floor":13,"turns":7},{"damage":0,"enemies":"Looter","floor":14,"turns":2},{"damage":6,"enemies":"Slime Boss","floor":16,"turns":13},{"damage":11,"enemies":"Shell Parasite","floor":18,"turns":5},{"damage":2,"enemies":"3 Byrds","floor":24,"turns":4},{"damage":16,"enemies":"Snake Plant","floor":25,"turns":4},{"damage":0,"enemies":"Centurion and Healer","floor":27,"turns":8},{"damage":0,"enemies":"Chosen and Byrds","floor":31,"turns":6},{"damage":49,"enemies":"Champ","floor":33,"turns":15}],"seed_played":"7725047992457037694","potions_obtained":[{"floor":4,"key":"SkillPotion"},{"floor":13,"key":"Ancient Potion"},{"floor":18,"key":"Fire Potion"}],"is_trial":false,"path_per_floor":["M","$","?","M","M","E","R","M","T","E","?","R","E","M","R","B",null,"M","?","?","$","?","R","M","M","T","M","R","?","?","M","R","B"],"character_chosen":"DEFECT","items_purchased":["Consume","Beam Cell","Static Discharge","Go for the Eyes"],"campfire_rested":5,"item_purchase_floors":[2,2,21,21],"current_hp_per_floor":[61,61,61,54,52,42,62,60,60,48,41,61,61,61,61,62,67,63,63,63,63,34,34,34,25,25,32,34,30,30,37,39,0],"gold":454,"neow_bonus":"BOSS_RELIC","is_prod":false,"is_daily":false,"chose_seed":false,"campfire_upgraded":0,"win_rate":0,"timestamp":1547068148,"path_taken":["M","$","?","M","M","E","R","M","T","E","?","R","E","M","R","BOSS","M","?","?","$","?","R","M","M","T","M","R","?","?","M","R","BOSS"],"build_version":"2019-01-03v4","purchased_purges":1,"victory":false,"max_hp_per_floor":[75,75,69,69,69,69,69,69,69,69,69,69,69,69,69,69,69,69,69,69,69,34,34,34,34,34,34,34,39,39,39,39,39],"card_choices":[{"not_picked":["Stack","Leap"],"picked":"Coolheaded","floor":1},{"not_picked":["Sweeping Beam","Reprogram"],"picked":"Ball Lightning","floor":4},{"not_picked":["Coolheaded","Leap"],"picked":"Go for the Eyes","floor":5},{"not_picked":["Rip and Tear","Leap"],"picked":"Cold Snap","floor":6},{"not_picked":["Recycle","Hologram"],"picked":"Streamline","floor":8},{"not_picked":["Fission","Consume"],"picked":"Cold Snap","floor":10},{"not_picked":["Steam","Reinforced Body"],"picked":"Glacier","floor":13},{"not_picked":["Lockon","Leap"],"picked":"Self Repair","floor":14},{"not_picked":["Fission","Machine Learning"],"picked":"Electrodynamics","floor":16},{"not_picked":["Conserve Battery+1","Compile Driver"],"picked":"Ball Lightning","floor":18},{"not_picked":["Gash","Turbo+1"],"picked":"Leap+1","floor":24},{"not_picked":["Steam","Rip and Tear+1"],"picked":"Melter","floor":25},{"not_picked":["Compile Driver+1","Cold Snap"],"picked":"White Noise","floor":27},{"not_picked":["Gash","Go for the Eyes"],"picked":"Biased Cognition","floor":31}],"player_experience":1163352,"relics_obtained":[{"floor":6,"key":"Emotion Chip"},{"floor":9,"key":"Matryoshka"},{"floor":10,"key":"Orichalcum"},{"floor":13,"key":"Boot"},{"floor":26,"key":"DataDisk"},{"floor":26,"key":"Whetstone"}],"event_choices":[{"damage_healed":0,"gold_gain":0,"player_choice":"Lose Max HP","damage_taken":0,"relics_obtained":["Golden Idol"],"max_hp_gain":0,"max_hp_loss":6,"event_name":"Golden Idol","floor":3,"gold_loss":0},{"cards_removed":["Strike_B"],"damage_healed":0,"gold_gain":0,"player_choice":"Card Removal","damage_taken":7,"max_hp_gain":0,"max_hp_loss":0,"event_name":"Golden Wing","floor":11,"gold_loss":0},{"damage_healed":0,"gold_gain":0,"player_choice":"Ignored","damage_taken":0,"max_hp_gain":0,"max_hp_loss":0,"event_name":"Vampires","floor":19,"gold_loss":0},{"damage_healed":0,"gold_gain":99,"player_choice":"Stole From Cult","damage_taken":0,"max_hp_gain":0,"max_hp_loss":0,"event_name":"Nest","floor":20,"gold_loss":0},{"damage_healed":0,"gold_gain":0,"player_choice":"Became a Ghost","damage_taken":0,"max_hp_gain":0,"max_hp_loss":35,"event_name":"Ghosts","floor":22,"gold_loss":0,"cards_obtained":["Ghostly","Ghostly","Ghostly","Ghostly","Ghostly"]},{"damage_healed":0,"gold_gain":0,"player_choice":"Shed Blood","damage_taken":9,"max_hp_gain":5,"max_hp_loss":0,"event_name":"Forgotten Altar","floor":29,"gold_loss":0},{"damage_healed":0,"gold_gain":0,"player_choice":"Read","damage_taken":0,"max_hp_gain":0,"max_hp_loss":0,"event_name":"The Library","floor":30,"gold_loss":0,"cards_obtained":["Glacier"]}],"is_beta":false,"boss_relics":[{"not_picked":["Philosopher\u0027s Stone","Black Star"],"picked":"Empty Cage"}],"items_purged_floors":[21],"is_endless":false,"potions_floor_spawned":[4,13,18],"killed_by":"Champ","ascension_level":12}