{"gold_per_floor":[118,137,137,149,149,183,183,70,70,131,143,157,86,98,98,175,175,142,154,79,79],"floor_reached":21,"playtime":2178,"items_purged":["Strike_R"],"score":334,"play_id":"7fd1da6e-79d1-4097-9074-efd312ed0903","local_time":"20190210231025","is_ascension_mode":true,"campfire_choices":[{"floor":7,"key":"REST"},{"floor":15,"key":"REST"}],"neow_cost":"NONE","seed_source_timestamp":1941550113304972,"circlet_count":0,"master_deck":["AscendersBane","Strike_R+1","Strike_R","Strike_R","Strike_R+1","Defend_R","Defend_R","Defend_R","Defend_R","Bash","Iron Wave","Iron Wave","True Grit","True Grit","Warcry","Corruption","Shrug It Off","Havoc","Feel No Pain","Rage","Dark Embrace","Shockwave","Armaments"],"relics":["Velvet Choker","Dead Branch","Paper Frog","Tiny Chest","Black Star"],"potions_floor_usage":[6,16,21],"damage_taken":[{"damage":3,"enemies":"Small Slimes","floor":1,"turns":4},{"damage":1,"enemies":"Cultist","floor":2,"turns":3},{"damage":2,"enemies":"Jaw Worm","floor":4,"turns":3},{"damage":20,"enemies":"Lagavulin","floor":6,"turns":7},{"damage":11,"enemies":"3 Sentries","floor":10,"turns":5},{"damage":12,"enemies":"Exordium Thugs","floor":11,"turns":5},{"damage":9,"enemies":"Looter","floor":12,"turns":4},{"damage":0,"enemies":"2 Fungi Beasts","floor":14,"turns":3},{"damage":17,"enemies":"Slime Boss","floor":16,"turns":7},{"damage":29,"enemies":"2 Thieves","floor":18,"turns":5},{"damage":26,"enemies":"Spheric Guardian","floor":19,"turns":9},{"damage":14,"enemies":"Centurion and Healer","floor":21,"turns":4}],"seed_played":"924001480163250889","potions_obtained":[{"floor":1,"key":"Dexterity Potion"},{"floor":6,"key":"FairyPotion"},{"floor":14,"key":"SkillPotion"},{"floor":19,"key":"GamblersBrew"}],"is_trial":false,"path_per_floor":["M","M","?","M","?","E","R","$","T","E","M","M","$","M","R","B",null,"M","M","$","M"],"character_chosen":"IRONCLAD","items_purchased":["Corruption","Shrug It Off","Feel No Pain"],"campfire_rested":2,"item_purchase_floors":[8,8,13],"current_hp_per_floor":[65,64,41,39,39,19,41,41,41,30,18,9,9,9,31,14,60,31,5,5,0],"gold":79,"neow_bonus":"BOSS_RELIC","is_prod":false,"is_daily":false,"chose_seed":false,"campfire_upgraded":0,"win_rate":0,"timestamp":1549840225,"path_taken":["M","M","?","M","?","E","R","$","T","E","?","M","?","?","R","BOSS","M","?","$","M"],"build_version":"2019-01-23","purchased_purges":1,"victory":false,"max_hp_per_floor":[75,75,75,75,75,75,75,75,75,75,75,75,75,75,75,75,75,75,75,75,75],"card_choices":[{"not_picked":["Fire Breathing","Clash"],"picked":"Iron Wave","floor":1},{"not_picked":["Seeing Red","True Grit"],"picked":"Iron Wave","floor":2},{"not_picked":["Evolve","Rupture"],"picked":"True Grit","floor":4},{"not_picked":["Carnage","Combust"],"picked":"Warcry","floor":6},{"not_picked":["Blood for Blood","Uppercut"],"picked":"Havoc","floor":10},{"not_picked":["Anger","Burning Pact","Flex"],"picked":"SKIP","floor":11},{"not_picked":["Dropkick","Twin Strike","Corruption"],"picked":"SKIP","floor":12},{"not_picked":["Power Through","Sword Boomerang"],"picked":"Rage","floor":14},{"not_picked":["Exhume","Limit Break"],"picked":"Dark Embrace","floor":16},{"not_picked":["Cleave","True Grit"],"picked":"Shockwave","floor":18},{"not_picked":["Wild Strike","Power Through"],"picked":"Armaments","floor":19}],"player_experience":1320940,"relics_obtained":[{"floor":6,"key":"Dead Branch"},{"floor":9,"key":"Paper Frog"},{"floor":10,"key":"Tiny Chest"}],"event_choices":[{"damage_healed":0,"gold_gain":0,"player_choice":"Entered Light","damage_taken":23,"max_hp_gain":0,"max_hp_loss":0,"event_name":"Shining Light","floor":3,"gold_loss":0,"cards_upgraded":["Strike_R","Strike_R"]},{"damage_healed":0,"gold_gain":0,"player_choice":"1 cards matched","damage_taken":0,"max_hp_gain":0,"max_hp_loss":0,"event_name":"Match and Keep!","floor":5,"gold_loss":0,"cards_obtained":["True Grit"]}],"is_beta":false,"boss_relics":[{"not_picked":["Philosopher\u0027s Stone","Coffee Dripper"],"picked":"Black Star"}],"items_purged_floors":[20],"is_endless":false,"potions_floor_spawned":[1,6,14,19],"killed_by":"Centurion and Healer","ascension_level":15}