{"gold_per_floor":[113,113,113,213,227,227,265,285,361,379,98,113,113,128,128,218,218,209,308,124,124,26,26,26],"floor_reached":24,"playtime":1035,"items_purged":["Strike_B","Strike_B","Strike_B"],"score":330,"play_id":"31b585b5-a6de-47c1-97e0-78df561e3412","local_time":"20190113001128","is_ascension_mode":true,"campfire_choices":[{"data":"Defragment","floor":6,"key":"SMITH"},{"floor":15,"key":"REST"},{"floor":23,"key":"REST"}],"neow_cost":"NONE","seed_source_timestamp":108582559989541,"circlet_count":0,"master_deck":["AscendersBane","Strike_B+1","Defend_B","Defend_B","Defend_B","Defend_B+1","Zap+1","Dualcast","Compile Driver","Defragment+1","Chaos","Capacitor","Redo","Double Energy","Consume","Capacitor","Multi-Cast","Steam","Darkness","Capacitor","Consume"],"relics":["Cracked Core","Art of War","Golden Idol","Centennial Puzzle","Pear","Membership Card","Sozu","Blood Vial"],"potions_floor_usage":[16,24],"damage_taken":[{"damage":0,"enemies":"2 Louse","floor":1,"turns":1},{"damage":0,"enemies":"Small Slimes","floor":5,"turns":3},{"damage":26,"enemies":"Gremlin Nob","floor":7,"turns":4},{"damage":0,"enemies":"Cultist","floor":8,"turns":3},{"damage":8,"enemies":"2 Fungi Beasts","floor":10,"turns":3},{"damage":13,"enemies":"Large Slime","floor":12,"turns":4},{"damage":6,"enemies":"Looter","floor":14,"turns":3},{"damage":12,"enemies":"Hexaghost","floor":16,"turns":7},{"damage":24,"enemies":"2 Thieves","floor":18,"turns":5},{"damage":83,"enemies":"Book of Stabbing","floor":24,"turns":5}],"seed_played":"-8146308820939116130","potions_obtained":[{"floor":8,"key":"EssenceOfSteel"},{"floor":10,"key":"SpeedPotion"},{"floor":12,"key":"Ancient Potion"},{"floor":14,"key":"Weak Potion"},{"floor":16,"key":"Regen Potion"}],"is_trial":false,"path_per_floor":["M","?","?","?","M","R","E","M","T","M","$","M","?","M","R","B",null,"M","?","$","?","$","R","E"],"character_chosen":"DEFECT","items_purchased":["Membership Card","Double Energy","Blood Vial","Darkness","Capacitor","Consume"],"campfire_rested":2,"item_purchase_floors":[11,11,20,20,20,22],"current_hp_per_floor":[64,64,51,51,51,51,25,25,35,27,27,14,14,8,30,18,62,38,38,38,38,38,60,0],"gold":26,"neow_bonus":"RANDOM_COMMON_RELIC","is_prod":false,"is_daily":false,"chose_seed":false,"campfire_upgraded":1,"win_rate":0,"timestamp":1547356288,"path_taken":["M","?","?","?","M","R","E","?","T","M","$","M","?","M","R","BOSS","M","?","$","?","$","R","E"],"build_version":"2019-01-10","purchased_purges":3,"victory":false,"max_hp_per_floor":[71,66,66,66,66,66,66,66,76,76,76,76,76,76,76,76,76,76,76,76,76,76,76,76],"card_choices":[{"not_picked":["Barrage","Streamline"],"picked":"Compile Driver","floor":1},{"not_picked":["Conserve Battery","Leap"],"picked":"Defragment","floor":5},{"not_picked":["Coolheaded","Hologram"],"picked":"Chaos","floor":7},{"not_picked":["Gash","Fission"],"picked":"Capacitor","floor":8},{"not_picked":["Genetic Algorithm","Turbo"],"picked":"Redo","floor":10},{"not_picked":["Double Energy","BootSequence"],"picked":"Consume","floor":12},{"not_picked":["Steam","All For One"],"picked":"Capacitor","floor":14},{"not_picked":["Reboot","Electrodynamics"],"picked":"Multi-Cast","floor":16},{"not_picked":["Beam Cell","Static Discharge"],"picked":"Steam","floor":18}],"player_experience":502031,"relics_obtained":[{"floor":7,"key":"Centennial Puzzle"},{"floor":9,"key":"Pear"}],"event_choices":[{"damage_healed":0,"gold_gain":0,"player_choice":"Lose Max HP","damage_taken":0,"relics_obtained":["Golden Idol"],"max_hp_gain":0,"max_hp_loss":5,"event_name":"Golden Idol","floor":2,"gold_loss":0},{"damage_healed":0,"gold_gain":0,"player_choice":"Entered Light","damage_taken":13,"max_hp_gain":0,"max_hp_loss":0,"event_name":"Shining Light","floor":3,"gold_loss":0,"cards_upgraded":["Strike_B","Defend_B"]},{"damage_healed":0,"gold_gain":100,"player_choice":"Pray","damage_taken":0,"max_hp_gain":0,"max_hp_loss":0,"event_name":"Golden Shrine","floor":4,"gold_loss":0},{"damage_healed":0,"gold_gain":0,"player_choice":"Grow","damage_taken":0,"max_hp_gain":0,"max_hp_loss":0,"event_name":"Living Wall","floor":13,"gold_loss":0,"cards_upgraded":["Zap"]},{"damage_healed":0,"gold_gain":99,"player_choice":"Stole From Cult","damage_taken":0,"max_hp_gain":0,"max_hp_loss":0,"event_name":"Nest","floor":19,"gold_loss":0},{"damage_healed":0,"gold_gain":0,"player_choice":"Ignored","damage_taken":0,"max_hp_gain":0,"max_hp_loss":0,"event_name":"N\u0027loth","floor":21,"gold_loss":0}],"is_beta":false,"boss_relics":[{"not_picked":["Philosopher\u0027s Stone","Coffee Dripper"],"picked":"Sozu"}],"items_purged_floors":[11,20,22],"is_endless":false,"potions_floor_spawned":[8,10,12,14,16,18],"killed_by":"Book of Stabbing","ascension_level":14}