{"gold_per_floor":[111,184,199,5,5,38,38,38,63,29,52,52,52,68,68,193,193,207,232,73,86,86,86,119,134,134,158,158,158,174,174,174,174],"floor_reached":33,"playtime":2983,"items_purged":[],"score":290,"play_id":"8f12793b-3472-4776-87fb-7d50ae44b855","local_time":"20190208033414","is_ascension_mode":false,"campfire_choices":[{"floor":8,"key":"REST"},{"floor":13,"key":"REST"},{"floor":15,"key":"REST"},{"floor":23,"key":"REST"},{"floor":29,"key":"REST"},{"floor":32,"key":"REST"}],"neow_cost":"NONE","seed_source_timestamp":50132151738479,"circlet_count":0,"master_deck":["Strike_R","Strike_R","Strike_R+1","Strike_R+1","Defend_R","Defend_R","Defend_R","Defend_R","Bash","Flex","Blood for Blood","Uppercut","Spot Weakness","Inflame","Headbutt","Dual Wield","Shrug It Off","Metallicize","Shrug It Off","Immolate","Berserk","Infernal Blade","Flex+1","Double Tap","Heavy Blade","Battle Trance","Rampage","Pummel","Armaments"],"relics":["Orrery","Pear","Toolbox","Anchor","Golden Idol","PreservedInsect","Oddly Smooth Stone","Velvet Choker","Boot","Question Card","Enchiridion"],"potions_floor_usage":[],"damage_taken":[{"damage":1,"enemies":"Cultist","floor":1,"turns":3},{"damage":0,"enemies":"2 Louse","floor":3,"turns":2},{"damage":35,"enemies":"3 Sentries","floor":6,"turns":8},{"damage":0,"enemies":"Small Slimes","floor":11,"turns":3},{"damage":0,"enemies":"Exordium Wildlife","floor":14,"turns":5},{"damage":39,"enemies":"The Guardian","floor":16,"turns":12},{"damage":9,"enemies":"2 Thieves","floor":18,"turns":4},{"damage":15,"enemies":"Shell Parasite","floor":19,"turns":3},{"damage":23,"enemies":"Shelled Parasite and Fungi","floor":21,"turns":6},{"damage":32,"enemies":"Book of Stabbing","floor":24,"turns":4},{"damage":3,"enemies":"Cultist and Chosen","floor":25,"turns":4},{"damage":2,"enemies":"Centurion and Healer","floor":27,"turns":2},{"damage":6,"enemies":"3 Cultists","floor":30,"turns":3},{"damage":62,"enemies":"Collector","floor":33,"turns":6}],"seed_played":"1132824718445638695","potions_obtained":[{"floor":1,"key":"Regen Potion"},{"floor":3,"key":"Block Potion"},{"floor":6,"key":"LiquidBronze"}],"is_trial":false,"path_per_floor":["M","T","M","$","?","E","?","R","T","$","M","?","R","M","R","B",null,"M","M","$","M","?","R","E","M","T","M","?","R","M","?","R","B"],"character_chosen":"IRONCLAD","items_purchased":["Toolbox","Metallicize","Double Tap"],"campfire_rested":6,"item_purchase_floors":[4,10,20],"current_hp_per_floor":[79,89,89,89,71,36,14,41,41,41,41,29,56,56,83,44,90,81,66,66,43,25,53,21,18,18,16,16,44,38,22,50,0],"gold":174,"neow_bonus":"BOSS_RELIC","is_prod":false,"is_daily":false,"chose_seed":false,"campfire_upgraded":0,"win_rate":0.0,"timestamp":1549593254,"path_taken":["M","?","M","$","?","E","?","R","T","$","?","?","R","M","R","BOSS","M","M","$","M","?","R","E","M","T","M","?","R","?","?","R","BOSS"],"build_version":"2019-01-23","purchased_purges":0,"victory":false,"max_hp_per_floor":[80,90,90,90,90,90,90,90,90,90,90,90,90,90,90,90,90,90,90,90,90,95,95,95,95,95,95,95,95,95,95,95,95],"card_choices":[{"not_picked":["Disarm","Anger"],"picked":"Flex","floor":0},{"not_picked":["Twin Strike","Sword Boomerang"],"picked":"Blood for Blood","floor":0},{"not_picked":["Armaments","Clash"],"picked":"Uppercut","floor":0},{"not_picked":["Clothesline","Twin Strike"],"picked":"Spot Weakness","floor":0},{"not_picked":["Armaments","Iron Wave"],"picked":"Inflame","floor":0},{"not_picked":["Twin Strike","Inflame"],"picked":"Headbutt","floor":1},{"not_picked":["Cleave","Twin Strike"],"picked":"Dual Wield","floor":3},{"not_picked":["Body Slam","Warcry"],"picked":"Shrug It Off","floor":6},{"not_picked":["Anger","Rupture"],"picked":"Shrug It Off","floor":11},{"not_picked":["Clash","Fire Breathing"],"picked":"Immolate","floor":14},{"not_picked":["Brutality","Fiend Fire"],"picked":"Berserk","floor":16},{"not_picked":["Perfected Strike+1","Clothesline"],"picked":"Infernal Blade","floor":18},{"not_picked":["Body Slam+1","Disarm"],"picked":"Flex+1","floor":19},{"not_picked":["Cleave+1","Body Slam"],"picked":"Heavy Blade","floor":21},{"not_picked":["Body Slam","Burning Pact+1"],"picked":"Battle Trance","floor":24},{"not_picked":["Evolve+1","Intimidate"],"picked":"Rampage","floor":25},{"not_picked":["Heavy Blade","Ghostly Armor","Iron Wave"],"picked":"Pummel","floor":27},{"not_picked":["Twin Strike+1","Headbutt","Seeing Red"],"picked":"Armaments","floor":30}],"player_experience":42690,"relics_obtained":[{"floor":2,"key":"Pear"},{"floor":6,"key":"Anchor"},{"floor":9,"key":"PreservedInsect"},{"floor":24,"key":"Boot"},{"floor":26,"key":"Question Card"},{"floor":31,"key":"Enchiridion"}],"event_choices":[{"damage_healed":0,"gold_gain":0,"player_choice":"Entered Light","damage_taken":18,"max_hp_gain":0,"max_hp_loss":0,"event_name":"Shining Light","floor":5,"gold_loss":0,"cards_upgraded":["Strike_R","Strike_R"]},{"damage_healed":0,"gold_gain":0,"player_choice":"Take Damage","damage_taken":22,"relics_obtained":["Golden Idol"],"max_hp_gain":0,"max_hp_loss":0,"event_name":"Golden Idol","floor":7,"gold_loss":0},{"damage_healed":0,"gold_gain":0,"player_choice":"Success","damage_taken":12,"relics_obtained":["Oddly Smooth Stone"],"max_hp_gain":0,"max_hp_loss":0,"event_name":"Scrap Ooze","floor":12,"gold_loss":0},{"damage_healed":0,"gold_gain":0,"player_choice":"Shed Blood","damage_taken":23,"max_hp_gain":5,"max_hp_loss":0,"event_name":"Forgotten Altar","floor":22,"gold_loss":0},{"cards_removed":["Strike_R"],"damage_healed":0,"gold_gain":0,"player_choice":"Elegance","damage_taken":0,"max_hp_gain":0,"max_hp_loss":0,"event_name":"Back to Basics","floor":28,"gold_loss":0},{"damage_healed":0,"gold_gain":0,"player_choice":"Obtained Book","damage_taken":16,"max_hp_gain":0,"max_hp_loss":0,"event_name":"Cursed Tome","floor":31,"gold_loss":0}],"is_beta":false,"boss_relics":[{"not_picked":["Lizard Tail","White Beast Statue"],"picked":"Velvet Choker"}],"items_purged_floors":[],"is_endless":false,"potions_floor_spawned":[1,3,6,16,18,25,27],"killed_by":"Collector","ascension_level":0}