{"gold_per_floor":[114,129,129,1,14,40,52,83,134,134,134,309,339,193,193,294,294,314,328,177,194,205,205,220,232,256,256,256,256,256,267,267,267],"floor_reached":33,"playtime":3493,"items_purged":["Strike_B","Strike_B","Doubt"],"score":321,"play_id":"d4b83c00-3b61-4c95-9271-ffcab93e9ede","local_time":"20190208232046","is_ascension_mode":true,"campfire_choices":[{"floor":11.0,"key":"REST"},{"floor":15.0,"key":"REST"},{"floor":23.0,"key":"REST"},{"floor":27.0,"key":"REST"},{"floor":32.0,"key":"REST"}],"neow_cost":"NONE","seed_source_timestamp":435080813509505,"circlet_count":0,"master_deck":["Defend_B+1","Defend_B+1","Defend_B+1","Defend_B+1","Zap","Dualcast","Meteor Strike","Turbo","Self Repair","Leap","Doom and Gloom","Capacitor","Barrage","Doom and Gloom","Turbo","Machine Learning","Steam","Steam","Creative AI","Leap+1","FTL","Hologram","Bite","Bite","Bite","Bite","Bite"],"special_seed":0,"relics":["Cracked Core","Kunai","Ornamental Fan","Fusion Hammer","Potion Belt"],"potions_floor_usage":[33],"damage_taken":[{"damage":0.0,"enemies":"Cultist","floor":1.0,"turns":4.0},{"damage":0.0,"enemies":"2 Louse","floor":2.0,"turns":2.0},{"damage":0.0,"enemies":"Small Slimes","floor":5.0,"turns":3.0},{"damage":21.0,"enemies":"Lagavulin","floor":6.0,"turns":5.0},{"damage":2.0,"enemies":"3 Louse","floor":7.0,"turns":2.0},{"damage":64.0,"enemies":"Gremlin Nob","floor":8.0,"turns":5.0},{"damage":42.0,"enemies":"Hexaghost","floor":16.0,"turns":9.0},{"damage":20.0,"enemies":"Chosen","floor":18.0,"turns":6.0},{"damage":26.0,"enemies":"Shell Parasite","floor":19.0,"turns":6.0},{"damage":11.0,"enemies":"Sentry and Sphere","floor":21.0,"turns":3.0},{"damage":13.0,"enemies":"Centurion and Healer","floor":22.0,"turns":8.0},{"damage":2.0,"enemies":"Cultist and Chosen","floor":24.0,"turns":3.0},{"damage":39.0,"enemies":"Snake Plant","floor":25.0,"turns":5.0},{"damage":35.0,"enemies":"Snecko","floor":31.0,"turns":7.0},{"damage":55,"enemies":"Automaton","floor":33,"turns":6}],"seed_played":"-1777541186786500814","potions_obtained":[{"floor":7.0,"key":"Poison Potion"},{"floor":8.0,"key":"AttackPotion"},{"floor":16.0,"key":"AttackPotion"},{"floor":18.0,"key":"Ancient Potion"},{"floor":22.0,"key":"FearPotion"},{"floor":24.0,"key":"SteroidPotion"},{"floor":31.0,"key":"GamblersBrew"}],"is_trial":false,"path_per_floor":["M","M","?","$","M","E","M","E","T","?","R","?","?","$","R","B",null,"M","M","$","M","M","R","M","M","T","R","?","?","?","M","R","B"],"character_chosen":"DEFECT","items_purchased":["Leap","Turbo","Steam"],"campfire_rested":5,"item_purchase_floors":[4,14,20],"current_hp_per_floor":[75,75,80,80,80,66,71,14,14,14,38,38,38,38,62,27,80,67,48,48,44,31,55,53,21,21,45,45,45,45,29,45,0],"gold":267,"neow_bonus":"ONE_RANDOM_RARE_CARD","is_prod":false,"is_daily":false,"chose_seed":false,"campfire_upgraded":0,"win_rate":0,"timestamp":1549664446,"path_taken":["M","M","?","$","M","E","M","E","T","?","R","?","?","?","R","BOSS","M","M","$","M","M","R","M","M","T","R","?","?","?","M","R","BOSS"],"build_version":"2019-01-23","purchased_purges":3,"victory":false,"max_hp_per_floor":[75,75,80,80,80,80,80,80,80,80,80,80,80,80,80,80,80,80,80,80,80,80,80,80,80,80,80,80,80,56,56,56,56],"card_choices":[{"not_picked":["Barrage","Steam"],"picked":"Turbo","floor":1.0},{"not_picked":["Beam Cell","Steam"],"picked":"Self Repair","floor":2.0},{"not_picked":["Conserve Battery","Chill"],"picked":"Doom and Gloom","floor":5.0},{"not_picked":["Rip and Tear","Electrodynamics"],"picked":"Capacitor","floor":6.0},{"not_picked":["Streamline","Cold Snap"],"picked":"Barrage","floor":7.0},{"not_picked":["Conserve Battery","Auto Shields"],"picked":"Doom and Gloom","floor":8.0},{"not_picked":["Buffer","Amplify"],"picked":"Machine Learning","floor":16.0},{"not_picked":["Compile Driver","Genetic Algorithm","Lockon+1"],"picked":"SKIP","floor":18.0},{"not_picked":["Compile Driver","Rebound+1"],"picked":"Steam","floor":19.0},{"not_picked":["Creative AI","Blizzard","Sweeping Beam"],"picked":"SKIP","floor":21.0},{"not_picked":["Blizzard","Sweeping Beam"],"picked":"Creative AI","floor":21.0},{"not_picked":["Ball Lightning+1","Rebound+1"],"picked":"Leap+1","floor":22.0},{"not_picked":["Force Field+1","Hello World"],"picked":"FTL","floor":24.0},{"not_picked":["Cold Snap","Reprogram"],"picked":"Hologram","floor":25.0},{"not_picked":["Conserve Battery","Compile Driver","Streamline+1"],"picked":"SKIP","floor":31.0}],"player_experience":295453,"relics_obtained":[{"floor":6.0,"key":"Kunai"},{"floor":8.0,"key":"Ornamental Fan"},{"floor":26.0,"key":"Potion Belt"}],"event_choices":[{"damage_healed":0.0,"max_hp_gain":5.0,"max_hp_loss":0.0,"gold_gain":0.0,"event_name":"Big Fish","player_choice":"Donut","floor":3.0,"gold_loss":0.0,"damage_taken":0.0},{"damage_healed":0.0,"max_hp_gain":0.0,"max_hp_loss":0.0,"gold_gain":0.0,"event_name":"Shining Light","player_choice":"Ignored","floor":10.0,"gold_loss":0.0,"damage_taken":0.0},{"damage_healed":0.0,"max_hp_gain":0.0,"max_hp_loss":0.0,"gold_gain":175.0,"event_name":"Liars Game","player_choice":"AGREE","floor":12.0,"gold_loss":0.0,"damage_taken":0.0,"cards_obtained":["Doubt"]},{"damage_healed":0.0,"max_hp_gain":0.0,"max_hp_loss":0.0,"gold_gain":30.0,"event_name":"Dead Adventurer","player_choice":"Searched \u00272\u0027 times","floor":13.0,"gold_loss":0.0,"damage_taken":0.0},{"damage_healed":0.0,"max_hp_gain":0.0,"max_hp_loss":0.0,"gold_gain":0.0,"event_name":"Cursed Tome","player_choice":"Ignored","floor":28.0,"gold_loss":0.0,"damage_taken":0.0},{"damage_healed":0.0,"max_hp_gain":0.0,"max_hp_loss":0.0,"gold_gain":0.0,"event_name":"Back to Basics","player_choice":"Simplicity","floor":29.0,"gold_loss":0.0,"damage_taken":0.0,"cards_upgraded":["Strike_B","Strike_B","Defend_B","Defend_B","Defend_B","Defend_B"]},{"damage_healed":0.0,"max_hp_gain":0.0,"max_hp_loss":24.0,"gold_gain":0.0,"event_name":"Vampires","player_choice":"Became a vampire","floor":30.0,"gold_loss":0.0,"damage_taken":0.0,"cards_obtained":["Bite","Bite","Bite","Bite","Bite"]}],"is_beta":false,"boss_relics":[{"not_picked":["Runic Dome","Snecko Eye"],"picked":"Fusion Hammer"}],"items_purged_floors":[4,14,20],"is_endless":false,"potions_floor_spawned":[7,8,16,18,22,24,31],"killed_by":"Automaton","ascension_level":3}