{"gold_per_floor":[114,28,28,28,40,67,67,81,126,126,126,157,157,167,167,267,267,283,283,298,315,333,361,361,396,420,148,181,194,206,240,240,240],"floor_reached":33,"playtime":1473,"items_purged":["Entrench+1"],"score":540,"play_id":"62c75be4-eab6-4d12-910f-fa3298232db6","local_time":"20190131154043","is_ascension_mode":true,"campfire_choices":[{"data":"Hemokinesis","floor":7.0,"key":"SMITH"},{"data":"Flex","floor":11.0,"key":"SMITH"},{"data":"Perfected Strike","floor":13.0,"key":"SMITH"},{"data":"Limit Break","floor":15,"key":"SMITH"},{"data":"Uppercut","floor":24,"key":"SMITH"},{"floor":32,"key":"REST"}],"neow_cost":"NONE","seed_source_timestamp":75584083519074,"circlet_count":0,"master_deck":["AscendersBane","Strike_R+1","Strike_R+1","Defend_R","Defend_R","Defend_R","Defend_R","Bash+1","Sword Boomerang","Discovery","Hemokinesis+1","Reaper","Flex+1","Perfected Strike+1","Limit Break+1","Bludgeon+1","Dual Wield+1","Offering+1","Shockwave","Ghostly Armor","Headbutt","Cleave","Uppercut+1","Warcry+1","Bandage Up","True Grit+1","Battle Trance","Double Tap"],"special_seed":0,"relics":["Burning Blood","Mummified Hand","Lantern","Red Skull","Ornamental Fan","Kunai","NeowsBlessing","Vajra","Whetstone","Strawberry","Astrolabe","Ancient Tea Set","Tiny Chest"],"potions_floor_usage":[23,23,25,29,30,33],"damage_taken":[{"damage":0.0,"enemies":"Cultist","floor":1.0,"turns":1.0},{"damage":0.0,"enemies":"2 Louse","floor":5.0,"turns":1.0},{"damage":0.0,"enemies":"3 Sentries","floor":6.0,"turns":1.0},{"damage":2.0,"enemies":"Jaw Worm","floor":8.0,"turns":3.0},{"damage":20.0,"enemies":"Gremlin Nob","floor":12.0,"turns":4.0},{"damage":13.0,"enemies":"Red Slaver","floor":14.0,"turns":3.0},{"damage":55,"enemies":"The Guardian","floor":16,"turns":8},{"damage":6,"enemies":"Spheric Guardian","floor":18,"turns":1},{"damage":10,"enemies":"Chosen","floor":20,"turns":2},{"damage":26,"enemies":"Shelled Parasite and Fungi","floor":21,"turns":5},{"damage":6,"enemies":"Snake Plant","floor":22,"turns":1},{"damage":26,"enemies":"Book of Stabbing","floor":23,"turns":2},{"damage":26,"enemies":"Slavers","floor":25,"turns":4},{"damage":27,"enemies":"Gremlin Leader","floor":28,"turns":3},{"damage":13,"enemies":"Sentry and Sphere","floor":29,"turns":4},{"damage":3,"enemies":"Centurion and Healer","floor":30,"turns":6},{"damage":80,"enemies":"Slavers","floor":31,"turns":5},{"damage":96,"enemies":"Collector","floor":33,"turns":5}],"seed_played":"-2164935331518557573","potions_obtained":[{"floor":1.0,"key":"Swift Potion"},{"floor":5.0,"key":"AttackPotion"},{"floor":6.0,"key":"PowerPotion"},{"floor":14,"key":"Energy Potion"},{"floor":20,"key":"FearPotion"},{"floor":25,"key":"EssenceOfSteel"},{"floor":28,"key":"Regen Potion"},{"floor":29,"key":"Energy Potion"},{"floor":30,"key":"Ancient Potion"}],"is_trial":false,"path_per_floor":["M","$","$","?","M","E","R","M","T","T","R","E","R","M","R","B",null,"M","?","M","M","M","E","R","E","T","$","E","M","M","E","R","B"],"character_chosen":"IRONCLAD","items_purchased":["Discovery","Bandage Up","Tiny Chest"],"campfire_rested":1,"item_purchase_floors":[2,27,27],"current_hp_per_floor":[78,78,78,78,80,80,80,80,80,80,80,80,80,76,76,42,76,76,76,72,58,58,38,38,30,30,30,13,30,53,11,37,0],"gold":240,"neow_bonus":"THREE_ENEMY_KILL","is_prod":false,"is_daily":false,"chose_seed":false,"campfire_upgraded":5,"win_rate":0,"timestamp":1548970843,"path_taken":["M","?","$","?","?","E","R","M","T","?","R","E","R","?","R","BOSS","M","?","M","M","?","E","R","E","T","$","E","M","M","E","R","BOSS"],"build_version":"2019-01-23","purchased_purges":1,"victory":false,"max_hp_per_floor":[80,80,80,80,80,80,80,80,80,80,80,87,87,87,87,87,87,87,87,87,87,87,87,87,87,87,87,87,87,87,87,87,87],"card_choices":[{"not_picked":["Sentinel","Warcry"],"picked":"Sword Boomerang","floor":1.0},{"not_picked":["Shrug It Off","Anger"],"picked":"Hemokinesis","floor":5.0},{"not_picked":["Iron Wave","Infernal Blade"],"picked":"Reaper","floor":6.0},{"not_picked":["Body Slam","Cleave"],"picked":"Flex","floor":8.0},{"not_picked":["Sword Boomerang","Pommel Strike"],"picked":"Perfected Strike","floor":12.0},{"not_picked":["Shrug It Off","Perfected Strike"],"picked":"Limit Break","floor":14},{"not_picked":["Barricade","Brutality"],"picked":"Bludgeon","floor":16},{"not_picked":["Havoc+1","Warcry"],"picked":"Shockwave","floor":18},{"not_picked":["Flex","Sword Boomerang"],"picked":"Ghostly Armor","floor":20},{"not_picked":["Pummel+1","Heavy Blade+1"],"picked":"Headbutt","floor":21},{"not_picked":["Fire Breathing","Dropkick"],"picked":"Cleave","floor":22},{"not_picked":["Feel No Pain","Brutality"],"picked":"Uppercut","floor":23},{"not_picked":["Body Slam+1","Perfected Strike"],"picked":"Warcry+1","floor":25},{"not_picked":["Hemokinesis","Iron Wave"],"picked":"True Grit+1","floor":28},{"not_picked":["Warcry+1","Sword Boomerang","Entrench"],"picked":"SKIP","floor":29},{"not_picked":["Warcry+1","Whirlwind"],"picked":"Battle Trance","floor":30},{"not_picked":["Clash","Corruption"],"picked":"Double Tap","floor":31}],"player_experience":237466,"relics_obtained":[{"floor":6.0,"key":"Vajra"},{"floor":9.0,"key":"Whetstone"},{"floor":10.0,"key":"Red Skull"},{"floor":12.0,"key":"Strawberry"},{"floor":23,"key":"Lantern"},{"floor":25,"key":"Kunai"},{"floor":26,"key":"Ancient Tea Set"},{"floor":28,"key":"Ornamental Fan"},{"floor":31,"key":"Mummified Hand"}],"event_choices":[{"damage_healed":0.0,"max_hp_gain":0.0,"max_hp_loss":0.0,"gold_gain":0.0,"event_name":"Upgrade Shrine","player_choice":"Upgraded","floor":4.0,"gold_loss":0.0,"damage_taken":0.0,"cards_upgraded":["Bash"]},{"damage_healed":0,"gold_gain":0,"player_choice":"Forge","damage_taken":0,"max_hp_gain":0,"max_hp_loss":0,"event_name":"Accursed Blacksmith","floor":19,"gold_loss":0,"cards_upgraded":["Bludgeon"]}],"is_beta":false,"boss_relics":[{"not_picked":["Orrery","Eternal Feather"],"picked":"Astrolabe"}],"items_purged_floors":[27],"is_endless":false,"potions_floor_spawned":[1,5,6,14,20,22,25,28,29,30],"killed_by":"Collector","ascension_level":10}