{"gold_per_floor":[113,113,127,139,89,123,133,159,159,159,230,230,230,247,247,348,348,362,382,382,582,602,632,632,648,648,49,49,61,96,45,45,147,147,159,159,170,170,170,170,0,25,75,104,0,19,19,19,19,19,19,19,19,19],"floor_reached":54,"playtime":2378,"items_purged":["Strike_B","Strike_B+1"],"score":803,"play_id":"969061d4-e441-459d-8bf5-8f002b6a0d6e","local_time":"20181123145547","is_ascension_mode":true,"campfire_choices":[{"floor":10,"key":"RECALL"},{"data":"Zap","floor":13,"key":"SMITH"},{"data":"Hello World","floor":15,"key":"SMITH"},{"floor":24,"key":"REST"},{"floor":32,"key":"REST"}],"neow_cost":"NONE","seed_source_timestamp":5057416873022,"circlet_count":0,"master_deck":["Strike_B+1","Strike_B+1","Defend_B+1","Defend_B+1","Defend_B+1","Zap+1","Dualcast+1","Compile Driver+1","Leap+1","BootSequence+1","Gash+1","Melter+1","Hello World+1","Glacier+1","Seek+1","Rebound+1","Storm+1","Seek+1","Self Repair+1","Gash+1","Cold Snap+1","Hologram+1","Defragment+1","Beam Cell+1","Capacitor+1","Hologram+1","Core Surge+1","Compile Driver+1","Steam+1","Deep Breath+1","Scrape+1","Reinforced Body","Beam Cell+1","Compile Driver+1"],"relics":["Cracked Core","NeowsBlessing","Juzu Bracelet","Molten Egg 2","Darkstone Periapt","Bronze Scales","Fusion Hammer","Bag of Marbles","Pantograph","HandDrill","Potion Belt","Meat on the Bone","Coffee Dripper","Mark of the Bloom","Regal Pillow","Blood Vial","War Paint","Red Mask","Letter Opener"],"potions_floor_usage":[8,19,22,23,29,30,33,42,44,50],"damage_taken":[{"damage":0,"enemies":"Cultist","floor":1,"turns":1},{"damage":0,"enemies":"Jaw Worm","floor":3,"turns":1},{"damage":0,"enemies":"2 Louse","floor":4,"turns":1},{"damage":12,"enemies":"Gremlin Nob","floor":6,"turns":4},{"damage":0,"enemies":"Looter","floor":7,"turns":2},{"damage":7,"enemies":"Lagavulin","floor":8,"turns":7},{"damage":0,"enemies":"Red Slaver","floor":14,"turns":3},{"damage":25,"enemies":"Slime Boss","floor":16,"turns":9},{"damage":3,"enemies":"Shell Parasite","floor":18,"turns":4},{"damage":11,"enemies":"2 Thieves","floor":19,"turns":3},{"damage":7,"enemies":"3 Cultists","floor":22,"turns":5},{"damage":0,"enemies":"Book of Stabbing","floor":23,"turns":6},{"damage":0,"enemies":"Cultist and Chosen","floor":25,"turns":6},{"damage":0,"enemies":"Snecko","floor":29,"turns":4},{"damage":23,"enemies":"Slavers","floor":30,"turns":4},{"damage":4,"enemies":"Automaton","floor":33,"turns":9},{"damage":1,"enemies":"3 Darklings","floor":35,"turns":7},{"damage":2,"enemies":"Orb Walker","floor":37,"turns":2},{"damage":4,"enemies":"Reptomancer","floor":42,"turns":5},{"damage":5,"enemies":"Nemesis","floor":44,"turns":5},{"damage":14,"enemies":"Writhing Mass","floor":46,"turns":5},{"damage":27,"enemies":"Donu and Deca","floor":50,"turns":7},{"damage":22,"enemies":"Shield and Spear","floor":54,"turns":2}],"seed_played":"-5977802204700648905","potions_obtained":[{"floor":3,"key":"Weak Potion"},{"floor":6,"key":"GamblersBrew"},{"floor":7,"key":"Fire Potion"},{"floor":8,"key":"SpeedPotion"},{"floor":18,"key":"Dexterity Potion"},{"floor":19,"key":"Regen Potion"},{"floor":25,"key":"LiquidBronze"},{"floor":33,"key":"Block Potion"},{"floor":42,"key":"PowerPotion"},{"floor":44,"key":"Energy Potion"},{"floor":46,"key":"Block Potion"}],"is_trial":false,"path_per_floor":["M","?","M","M","?","E","M","E","T","R","?","T","R","M","R","B",null,"M","M","?","?","M","E","R","M","T","$","?","M","E","$","R","B",null,"M","?","M","?","?","R","$","E","T","E","?","M","R","T","R","B",null,"R","$","E"],"character_chosen":"DEFECT","items_purchased":["Hologram","Defragment","HandDrill","Potion Belt","Ancient Potion","Hologram","Scrape+1"],"campfire_rested":2,"item_purchase_floors":[27,27,27,27,27,31,41],"current_hp_per_floor":[75,68,68,68,68,56,56,49,49,49,49,49,49,49,49,24,75,72,61,61,61,68,68,75,75,75,75,75,75,62,62,75,75,75,75,75,73,73,71,71,71,67,67,62,62,48,48,48,48,21,21,21,21,0],"gold":19,"neow_bonus":"THREE_ENEMY_KILL","is_prod":false,"is_daily":false,"chose_seed":false,"campfire_upgraded":2,"win_rate":0,"timestamp":1543002947,"path_taken":["M","?","M","M","?","E","M","E","T","R","?","?","R","M","R","BOSS","M","M","?","?","M","E","R","M","T","$","?","M","E","$","R","BOSS","M","?","M","?","?","R","$","E","T","E","?","M","R","?","R","BOSS","R","$","E"],"build_version":"2018-11-15","purchased_purges":2,"victory":false,"max_hp_per_floor":[75,75,75,75,75,75,75,75,75,75,75,75,75,75,75,75,75,75,75,75,75,75,75,75,75,75,75,75,75,75,75,75,75,75,75,75,75,75,71,71,71,71,71,71,71,71,71,71,71,71,71,71,71,71],"card_choices":[{"not_picked":["Barrage","Blizzard"],"picked":"Compile Driver","floor":1},{"not_picked":["Steam Power","Beam Cell"],"picked":"Leap","floor":3},{"not_picked":["Aggregate","Loop"],"picked":"BootSequence","floor":4},{"not_picked":["Coolheaded","All For One"],"picked":"Gash","floor":6},{"not_picked":["Stack","Auto Shields"],"picked":"Melter+1","floor":7},{"not_picked":["Heatsinks","Recycle"],"picked":"Hello World","floor":8},{"not_picked":["Conserve Battery","Compile Driver+1"],"picked":"Glacier","floor":14},{"not_picked":["Amplify","Machine Learning"],"picked":"Seek","floor":16},{"not_picked":["Chaos","Ball Lightning+1"],"picked":"Rebound+1","floor":18},{"not_picked":["Blizzard+1","Redo"],"picked":"Storm","floor":19},{"not_picked":["Ball Lightning+1","Redo"],"picked":"Self Repair+1","floor":22},{"not_picked":["Rainbow","Force Field"],"picked":"Gash+1","floor":23},{"not_picked":["Go for the Eyes+1","Steam Power"],"picked":"Cold Snap+1","floor":25},{"not_picked":["Cold Snap+1","Go for the Eyes+1"],"picked":"Beam Cell+1","floor":29},{"not_picked":["Steam Power","Rebound+1"],"picked":"Capacitor+1","floor":30},{"not_picked":["Rainbow","Hyperbeam+1"],"picked":"Core Surge+1","floor":33},{"not_picked":["Darkness+1","Coolheaded"],"picked":"Compile Driver+1","floor":35},{"not_picked":["Go for the Eyes+1","Tempest"],"picked":"Steam","floor":37},{"not_picked":["Impatience","Madness"],"picked":"Deep Breath","floor":38},{"not_picked":["Rebound+1","Doom and Gloom+1"],"picked":"Reinforced Body","floor":42},{"not_picked":["Melter+1","Hello World+1"],"picked":"Beam Cell+1","floor":44},{"not_picked":["Go for the Eyes+1","Rebound+1"],"picked":"Compile Driver+1","floor":46}],"player_experience":310994,"relics_obtained":[{"floor":6,"key":"Molten Egg 2"},{"floor":8,"key":"Darkstone Periapt"},{"floor":12,"key":"Bronze Scales"},{"floor":23,"key":"Bag of Marbles"},{"floor":26,"key":"Pantograph"},{"floor":30,"key":"Meat on the Bone"},{"floor":42,"key":"Regal Pillow"},{"floor":43,"key":"Blood Vial"},{"floor":44,"key":"War Paint"},{"floor":48,"key":"Letter Opener"}],"event_choices":[{"damage_healed":0,"gold_gain":0,"player_choice":"Success","damage_taken":7,"relics_obtained":["Juzu Bracelet"],"max_hp_gain":0,"max_hp_loss":0,"event_name":"Scrap Ooze","floor":2,"gold_loss":0},{"cards_removed":["Defend_B"],"damage_healed":0,"gold_gain":0,"player_choice":"Card Removal","damage_taken":0,"max_hp_gain":0,"max_hp_loss":0,"event_name":"The Cleric","floor":5,"gold_loss":50},{"damage_healed":0,"gold_gain":71,"player_choice":"Gained Gold","damage_taken":0,"max_hp_gain":0,"max_hp_loss":0,"event_name":"Golden Wing","floor":11,"gold_loss":0},{"damage_healed":0,"gold_gain":0,"player_choice":"Copied","damage_taken":0,"max_hp_gain":0,"max_hp_loss":0,"event_name":"Duplicator","floor":20,"gold_loss":0,"cards_obtained":["Seek"]},{"damage_healed":0,"gold_gain":250,"player_choice":"Bet on Owner","damage_taken":0,"max_hp_gain":0,"max_hp_loss":0,"event_name":"The Joust","floor":21,"gold_loss":50},{"damage_healed":0,"gold_gain":0,"player_choice":"Ignored","damage_taken":0,"max_hp_gain":0,"max_hp_loss":0,"event_name":"Vampires","floor":28,"gold_loss":0},{"damage_healed":0,"gold_gain":0,"player_choice":"Upgrade","damage_taken":0,"relics_obtained":["Mark of the Bloom"],"max_hp_gain":0,"max_hp_loss":0,"event_name":"MindBloom","floor":36,"gold_loss":0,"cards_upgraded":["Strike_B","Strike_B","Strike_B","Defend_B","Defend_B","Defend_B","Dualcast","Compile Driver","Leap","BootSequence","Glacier","Seek","Storm","Seek","Hologram","Defragment","Hologram"]},{"damage_healed":0,"gold_gain":0,"player_choice":"Memory 1","damage_taken":0,"max_hp_gain":0,"max_hp_loss":0,"event_name":"SensoryStone","floor":38,"gold_loss":0},{"damage_healed":0,"gold_gain":0,"player_choice":"Max HP","damage_taken":0,"max_hp_gain":0,"max_hp_loss":4,"event_name":"Winding Halls","floor":39,"gold_loss":0},{"damage_healed":0,"gold_gain":0,"player_choice":"Paid","damage_taken":0,"relics_obtained":["Red Mask"],"max_hp_gain":0,"max_hp_loss":0,"event_name":"Tomb of Lord Red Mask","floor":45,"gold_loss":104}],"is_beta":false,"boss_relics":[{"not_picked":["Tiny House","Velvet Choker"],"picked":"Fusion Hammer"},{"not_picked":["Snecko Eye","Empty Cage"],"picked":"Coffee Dripper"}],"items_purged_floors":[27,41],"is_endless":false,"potions_floor_spawned":[3,6,7,8,18,19,25,33,42,44,46],"killed_by":"Shield and Spear","ascension_level":1}