{"gold_per_floor":[14,27,27,47,47,47,61,61,61,61,73,73,88,114,114,213,213,230,241,241,317,198,225,225,225,225,26,39,73,100,112,112,207,207,221,231,231,109,160,186,186,198,198,298,308,308,340,355,355,355],"floor_reached":51,"playtime":2419,"items_purged":["Strike_R"],"score":1267,"play_id":"4f4c8d5e-d58d-468d-8b0d-870aa92343c0","local_time":"20181231044456","is_ascension_mode":true,"campfire_choices":[{"data":"Cleave","floor":6,"key":"SMITH"},{"data":"Metallicize","floor":8,"key":"SMITH"},{"data":"Cleave","floor":10,"key":"SMITH"},{"data":"Metallicize","floor":12,"key":"SMITH"},{"data":"Carnage","floor":15,"key":"SMITH"},{"data":"RitualDagger","floor":24,"key":"SMITH"},{"data":"Clothesline","floor":32,"key":"SMITH"},{"data":"Fiend Fire","floor":41,"key":"SMITH"},{"data":"Offering","floor":46,"key":"SMITH"},{"floor":49,"key":"DIG"}],"neow_cost":"NO_GOLD","seed_source_timestamp":641967399445333,"circlet_count":0,"master_deck":["AscendersBane","Strike_R+1","Strike_R","Strike_R","Defend_R","Defend_R","Defend_R","Defend_R","Bash+1","Cleave+1","Thunderclap+1","Cleave+1","Metallicize+1","Metallicize+1","Spot Weakness","Carnage+1","Offering+1","Clothesline+1","RitualDagger+1","Shrug It Off","Inflame+1","Battle Trance","Ghostly","Ghostly","Ghostly","Ghostly","Ghostly","Fiend Fire+1","Spot Weakness+1","Intimidate","Reaper","Shrug It Off"],"relics":["Burning Blood","Mango","Singing Bowl","Gremlin Horn","Velvet Choker","Frozen Egg 2","The Courier","Ornamental Fan","Pear","Red Mask","Boot","Sozu","Regal Pillow","Bottled Flame","Mummified Hand","Shovel","Dream Catcher","Whetstone"],"potions_floor_usage":[7,11,23,28,33],"damage_taken":[{"damage":12,"enemies":"Small Slimes","floor":1,"turns":4},{"damage":11,"enemies":"Jaw Worm","floor":2,"turns":4},{"damage":6,"enemies":"Cultist","floor":4,"turns":3},{"damage":0,"enemies":"Exordium Wildlife","floor":7,"turns":2},{"damage":1,"enemies":"Exordium Thugs","floor":11,"turns":4},{"damage":3,"enemies":"Large Slime","floor":13,"turns":7},{"damage":12,"enemies":"3 Sentries","floor":14,"turns":5},{"damage":37,"enemies":"The Guardian","floor":16,"turns":11},{"damage":11,"enemies":"2 Thieves","floor":18,"turns":4},{"damage":6,"enemies":"Spheric Guardian","floor":19,"turns":3},{"damage":36,"enemies":"Slavers","floor":23,"turns":3},{"damage":7,"enemies":"Shelled Parasite and Fungi","floor":28,"turns":7},{"damage":0,"enemies":"Masked Bandits","floor":29,"turns":7},{"damage":6,"enemies":"Gremlin Leader","floor":30,"turns":5},{"damage":0,"enemies":"Snake Plant","floor":31,"turns":7},{"damage":56,"enemies":"Champ","floor":33,"turns":10},{"damage":0,"enemies":"3 Shapes","floor":35,"turns":3},{"damage":0,"enemies":"3 Darklings","floor":36,"turns":4},{"damage":1,"enemies":"Reptomancer","floor":40,"turns":6},{"damage":0,"enemies":"Spire Growth","floor":42,"turns":5},{"damage":1,"enemies":"Mind Bloom Boss Battle","floor":44,"turns":6},{"damage":0,"enemies":"Sphere and 2 Shapes","floor":45,"turns":5},{"damage":46,"enemies":"Nemesis","floor":47,"turns":9},{"damage":0,"enemies":"Jaw Worm Horde","floor":48,"turns":4},{"damage":48,"enemies":"Donu and Deca","floor":50,"turns":9}],"seed_played":"6142540535283039998","potions_obtained":[{"floor":1,"key":"Block Potion"},{"floor":2,"key":"SneckoOil"},{"floor":14,"key":"GamblersBrew"},{"floor":16,"key":"EssenceOfSteel"},{"floor":23,"key":"PowerPotion"}],"is_trial":false,"path_per_floor":["M","M","?","M","?","R","M","R","T","R","M","R","M","E","R","B",null,"M","M","?","T","$","E","R","?","T","$","M","?","E","M","R","B",null,"M","M","?","$","T","E","R","M","T","?","M","R","E","M","R","B",null],"character_chosen":"IRONCLAD","items_purchased":["Shrug It Off","Inflame+1","Pear","Intimidate"],"campfire_rested":0,"item_purchase_floors":[22,22,27,38],"current_hp_per_floor":[80,75,75,75,75,75,81,81,81,81,86,86,89,83,83,52,84,79,81,75,75,75,45,45,45,45,55,56,62,64,66,66,16,54,60,68,68,68,68,68,68,68,68,70,72,72,55,76,76,34],"gold":355,"neow_bonus":"ONE_RARE_RELIC","is_prod":false,"is_daily":false,"chose_seed":false,"campfire_upgraded":9,"win_rate":0,"timestamp":1546249496,"path_taken":["M","M","?","M","?","R","?","R","T","R","M","R","M","E","R","BOSS","M","M","?","?","?","E","R","?","T","$","M","?","E","?","R","BOSS","M","M","?","$","?","E","R","?","T","?","M","R","E","M","R","BOSS"],"build_version":"2018-12-20","purchased_purges":1,"victory":true,"max_hp_per_floor":[94,94,94,94,94,94,94,94,94,94,94,94,94,94,94,94,94,94,96,96,96,96,96,96,48,48,58,60,62,64,66,66,66,66,66,68,68,68,68,68,68,68,68,70,72,72,74,76,76,76],"card_choices":[{"not_picked":["Intimidate","Sword Boomerang"],"picked":"Cleave","floor":1},{"not_picked":["Sword Boomerang","Flex"],"picked":"Thunderclap","floor":2},{"not_picked":["Rampage","Perfected Strike"],"picked":"Cleave","floor":4},{"not_picked":["Twin Strike","Heavy Blade"],"picked":"Metallicize","floor":7},{"not_picked":["Perfected Strike","Twin Strike"],"picked":"Metallicize","floor":11},{"not_picked":["Flex","Infernal Blade"],"picked":"Spot Weakness","floor":13},{"not_picked":["Twin Strike","Warcry"],"picked":"Carnage","floor":14},{"not_picked":["Dark Embrace","Exhume"],"picked":"Offering","floor":16},{"not_picked":["Feel No Pain","Anger+1"],"picked":"Clothesline","floor":18},{"not_picked":["Clash","Searing Blow+1","Perfected Strike"],"picked":"Singing Bowl","floor":19},{"not_picked":["True Grit","Bloodletting"],"picked":"Battle Trance","floor":23},{"not_picked":["Anger","Power Through","Infernal Blade"],"picked":"Singing Bowl","floor":28},{"not_picked":["Power Through+1","Iron Wave+1","Warcry"],"picked":"Singing Bowl","floor":29},{"not_picked":["Anger","Wild Strike","Twin Strike"],"picked":"Singing Bowl","floor":30},{"not_picked":["Clash+1","Pommel Strike","Demon Form+1"],"picked":"Singing Bowl","floor":31},{"not_picked":["Juggernaut+1","Limit Break"],"picked":"Fiend Fire","floor":33},{"not_picked":["Flex","Heavy Blade"],"picked":"Spot Weakness+1","floor":35},{"not_picked":["Rampage","Second Wind","Headbutt"],"picked":"Singing Bowl","floor":36},{"not_picked":["Bloodletting+1","Clash"],"picked":"Reaper","floor":40},{"not_picked":["Sentinel+1","Pommel Strike"],"picked":"Shrug It Off","floor":42},{"not_picked":["Ghostly Armor","Feel No Pain+1","Infernal Blade"],"picked":"Singing Bowl","floor":44},{"not_picked":["Sentinel","Flex","Infernal Blade+1"],"picked":"Singing Bowl","floor":45},{"not_picked":["Infernal Blade","Twin Strike","Dual Wield+1"],"picked":"Singing Bowl","floor":47},{"not_picked":["Iron Wave","Body Slam","Sever Soul"],"picked":"Singing Bowl","floor":48}],"player_experience":443411,"relics_obtained":[{"floor":9,"key":"Singing Bowl"},{"floor":14,"key":"Gremlin Horn"},{"floor":21,"key":"Frozen Egg 2"},{"floor":23,"key":"The Courier"},{"floor":26,"key":"Ornamental Fan"},{"floor":29,"key":"Red Mask"},{"floor":30,"key":"Boot"},{"floor":39,"key":"Regal Pillow"},{"floor":40,"key":"Bottled Flame"},{"floor":43,"key":"Mummified Hand"},{"floor":44,"key":"Shovel"},{"floor":47,"key":"Dream Catcher"},{"floor":49,"key":"Whetstone"}],"event_choices":[{"damage_healed":0,"gold_gain":0,"player_choice":"Leave","damage_taken":0,"max_hp_gain":0,"max_hp_loss":0,"event_name":"The Cleric","floor":3,"gold_loss":0},{"damage_healed":0,"gold_gain":0,"player_choice":"Upgraded","damage_taken":0,"max_hp_gain":0,"max_hp_loss":0,"event_name":"Upgrade Shrine","floor":5,"gold_loss":0,"cards_upgraded":["Bash"]},{"damage_healed":0,"gold_gain":0,"player_choice":"Joined the Cult","damage_taken":6,"max_hp_gain":0,"max_hp_loss":0,"event_name":"Nest","floor":20,"gold_loss":0,"cards_obtained":["RitualDagger"]},{"damage_healed":0,"gold_gain":0,"player_choice":"Became a Ghost","damage_taken":0,"max_hp_gain":0,"max_hp_loss":48,"event_name":"Ghosts","floor":25,"gold_loss":0,"cards_obtained":["Ghostly","Ghostly","Ghostly","Ghostly","Ghostly"]},{"damage_healed":0,"gold_gain":0,"player_choice":"Fought Bandits","damage_taken":0,"max_hp_gain":0,"max_hp_loss":0,"event_name":"Masked Bandits","floor":29,"gold_loss":0},{"cards_removed":["Strike_R"],"damage_healed":0,"gold_gain":0,"player_choice":"Offered Basic","damage_taken":0,"max_hp_gain":0,"max_hp_loss":0,"event_name":"Bonfire Elementals","floor":37,"gold_loss":0},{"damage_healed":0,"gold_gain":0,"player_choice":"Fight","damage_taken":0,"max_hp_gain":0,"max_hp_loss":0,"event_name":"MindBloom","floor":44,"gold_loss":0}],"is_beta":false,"boss_relics":[{"not_picked":["Coffee Dripper","Runic Cube"],"picked":"Velvet Choker"},{"not_picked":["Snecko Eye","Orrery"],"picked":"Sozu"}],"items_purged_floors":[38],"is_endless":false,"potions_floor_spawned":[1,2,14,16,19,23,35,36,40,45,48],"ascension_level":12}