{"gold_per_floor":[111,121,46,66,66,94,106,106,183,194,194,194,194],"floor_reached":13,"playtime":625,"items_purged":["Strike_G"],"score":106,"play_id":"524d2435-8068-4d25-ace5-3aaba0f066b4","local_time":"20190201220008","is_ascension_mode":true,"campfire_choices":[{"floor":8,"key":"REST"}],"neow_cost":"NONE","seed_source_timestamp":1114559349154900,"circlet_count":0,"master_deck":["Defend_G","Defend_G","Defend_G","Defend_G","Defend_G","Strike_G","Strike_G","Strike_G","Strike_G","Survivor","Neutralize","Slice","Cloak And Dagger+1"],"relics":["Ring of the Snake","Oddly Smooth Stone","Dead Branch"],"potions_floor_usage":[6,7],"damage_taken":[{"damage":1,"enemies":"2 Louse","floor":1,"turns":3},{"damage":2,"enemies":"Small Slimes","floor":2,"turns":4},{"damage":8,"enemies":"Jaw Worm","floor":4,"turns":7},{"damage":27,"enemies":"3 Sentries","floor":6,"turns":16},{"damage":11,"enemies":"Exordium Thugs","floor":7,"turns":7},{"damage":20,"enemies":"Large Slime","floor":10,"turns":15},{"damage":28,"enemies":"Gremlin Nob","floor":13,"turns":5}],"seed_played":"-7137740785381014962","potions_obtained":[{"floor":1,"key":"Energy Potion"},{"floor":4,"key":"EssenceOfSteel"},{"floor":7,"key":"SteroidPotion"}],"is_trial":false,"path_per_floor":["M","M","$","M","?","E","M","R","T","M","?","?","?"],"character_chosen":"THE_SILENT","items_purchased":[],"campfire_rested":1,"item_purchase_floors":[],"current_hp_per_floor":[69,67,67,59,59,32,21,42,42,22,22,27,0],"gold":194,"neow_bonus":"RANDOM_COMMON_RELIC","is_prod":false,"is_daily":false,"chose_seed":false,"campfire_upgraded":0,"win_rate":0,"timestamp":1549054808,"path_taken":["M","M","$","M","?","E","M","R","T","M","?","?","?"],"build_version":"2019-01-23","purchased_purges":1,"victory":false,"max_hp_per_floor":[70,70,70,70,70,70,70,70,70,70,70,75,75],"card_choices":[{"not_picked":["Crippling Poison","Flying Knee","Bane"],"picked":"SKIP","floor":1},{"not_picked":["Well Laid Plans","Crippling Poison","Expertise"],"picked":"SKIP","floor":2},{"not_picked":["Finisher","Blade Dance"],"picked":"Slice","floor":4},{"not_picked":["Slice","Deflect","Choke"],"picked":"SKIP","floor":6},{"not_picked":["Well Laid Plans","Finisher","Choke"],"picked":"SKIP","floor":7},{"not_picked":["Predator","Dagger Spray"],"picked":"Cloak And Dagger","floor":10}],"player_experience":854455,"relics_obtained":[{"floor":6,"key":"Dead Branch"}],"event_choices":[{"damage_healed":0,"gold_gain":0,"player_choice":"Ignored","damage_taken":0,"max_hp_gain":0,"max_hp_loss":0,"event_name":"Liars Game","floor":5,"gold_loss":0},{"damage_healed":0,"gold_gain":0,"player_choice":"Grow","damage_taken":0,"max_hp_gain":0,"max_hp_loss":0,"event_name":"Living Wall","floor":11,"gold_loss":0,"cards_upgraded":["Cloak And Dagger"]},{"damage_healed":0,"gold_gain":0,"player_choice":"Donut","damage_taken":0,"max_hp_gain":5,"max_hp_loss":0,"event_name":"Big Fish","floor":12,"gold_loss":0},{"damage_healed":0,"gold_gain":0,"player_choice":"Searched \u00271\u0027 times","damage_taken":0,"max_hp_gain":0,"max_hp_loss":0,"event_name":"Dead Adventurer","floor":13,"gold_loss":0}],"is_beta":false,"boss_relics":[],"items_purged_floors":[3],"is_endless":false,"potions_floor_spawned":[1,4,7],"killed_by":"Gremlin Nob","ascension_level":5}