{"gold_per_floor":[217,234,10,110,125,125,344,26,52,52],"floor_reached":10,"playtime":928,"items_purged":["Strike_G","ReplayTheSpireMod:Exploit Weakness"],"score":61,"play_id":"93a9ccb3-930c-43bf-bd72-2253a3143bcd","local_time":"20190202174456","is_ascension_mode":true,"campfire_choices":[{"floor":6,"key":"RECALL"}],"neow_cost":"NONE","seed_source_timestamp":1295320452244899,"circlet_count":0,"master_deck":["Defend_G","Defend_G","Defend_G","Defend_G","Defend_G","Strike_G","Strike_G","Strike_G","Strike_G","Survivor","Neutralize","Blade Dance","ReplayTheSpireMod:Speed Training","Hidden Blade","ReplayTheSpireMod:Speed Training"],"relics":["Ring of the Snake","Vajra","conspire:TopHat"],"potions_floor_usage":[10,10],"damage_taken":[{"damage":5,"enemies":"Small Slimes","floor":1,"turns":5},{"damage":1,"enemies":"Cultist","floor":2,"turns":3},{"damage":4,"enemies":"conspire:RoseBush","floor":5,"turns":3},{"damage":16,"enemies":"3 Louse","floor":7,"turns":5},{"damage":58,"enemies":"Gremlin Nob","floor":10,"turns":6}],"seed_played":"-1850669506794315061","potions_obtained":[{"floor":2,"key":"SpeedPotion"},{"floor":5,"key":"SneckoOil"}],"is_trial":false,"path_per_floor":["M","M","$","?","M","R","M","$","T","E"],"character_chosen":"THE_SILENT","items_purchased":["Vajra","conspire:TopHat","ReplayTheSpireMod:Speed Training"],"campfire_rested":0,"item_purchase_floors":[3,8,8],"current_hp_per_floor":[65,64,64,64,60,60,44,44,44,0],"gold":52,"neow_bonus":"HUNDRED_GOLD","is_prod":false,"is_daily":false,"chose_seed":false,"campfire_upgraded":0,"win_rate":0,"timestamp":1549125896,"path_taken":["M","M","$","?","?","R","M","$","T","E"],"build_version":"2019-01-23","purchased_purges":2,"victory":false,"max_hp_per_floor":[70,70,70,70,70,70,70,70,70,70],"card_choices":[{"not_picked":["Poisoned Stab","Flying Knee"],"picked":"Blade Dance","floor":1},{"not_picked":["Predator","Heel Hook"],"picked":"ReplayTheSpireMod:Speed Training","floor":2},{"not_picked":["Heel Hook","Fluid Movement"],"picked":"ReplayTheSpireMod:Exploit Weakness","floor":5},{"not_picked":["PiercingWail","conspire:PoisonWeapons"],"picked":"Hidden Blade","floor":7}],"player_experience":87019,"relics_obtained":[],"event_choices":[{"damage_healed":0,"gold_gain":100,"player_choice":"Pray","damage_taken":0,"max_hp_gain":0,"max_hp_loss":0,"event_name":"Golden Shrine","floor":4,"gold_loss":0}],"is_beta":false,"boss_relics":[],"items_purged_floors":[3,8],"is_endless":false,"potions_floor_spawned":[2,5],"killed_by":"Gremlin Nob","ascension_level":1}