{"gold_per_floor":[111,111,121,121,71,71,246,246,246,266,278,278,22,47,47,143,143,158,61,79,79,91,91,91,91,140,157,172,2,13,31,31,31],"floor_reached":33,"playtime":3240,"items_purged":["Doubt","Decay"],"score":272,"play_id":"905fff3f-643e-41ba-86df-321d13d87879","local_time":"20190210174225","is_ascension_mode":true,"campfire_choices":[{"floor":6.0,"key":"REST"},{"floor":8.0,"key":"REST"},{"data":"True Grit","floor":12.0,"key":"SMITH"},{"data":"Clothesline","floor":15.0,"key":"SMITH"},{"floor":23.0,"key":"REST"},{"floor":25.0,"key":"RECALL"},{"floor":32,"key":"REST"}],"neow_cost":"PERCENT_DAMAGE","seed_source_timestamp":589170832604386,"circlet_count":0,"master_deck":["Strike_R","Strike_R","Strike_R+1","Strike_R","Defend_R","Defend_R","Defend_R","Bash+1","Second Wind","Disarm","True Grit+1","Infernal Blade","Clothesline+1","Anger","Reaper","Burning Pact+1","Shrug It Off","Cleave+1","Immolate","Bloodletting+1","Fiend Fire","Feel No Pain"],"special_seed":0,"relics":["Burning Blood","Mercury Hourglass","Regal Pillow","Kunai","Meat on the Bone","Mark of Pain"],"potions_floor_usage":[33,33],"damage_taken":[{"damage":0.0,"enemies":"2 Louse","floor":1.0,"turns":3.0},{"damage":2.0,"enemies":"Jaw Worm","floor":3.0,"turns":3.0},{"damage":0.0,"enemies":"Small Slimes","floor":10.0,"turns":3.0},{"damage":7.0,"enemies":"Looter","floor":11.0,"turns":4.0},{"damage":20.0,"enemies":"Gremlin Nob","floor":14.0,"turns":5.0},{"damage":55.0,"enemies":"The Guardian","floor":16.0,"turns":12.0},{"damage":8.0,"enemies":"Spheric Guardian","floor":18.0,"turns":4.0},{"damage":41.0,"enemies":"3 Byrds","floor":20.0,"turns":5.0},{"damage":26.0,"enemies":"Shelled Parasite and Fungi","floor":22.0,"turns":7.0},{"damage":32.0,"enemies":"Snake Plant","floor":27.0,"turns":5.0},{"damage":3.0,"enemies":"Chosen and Byrds","floor":28.0,"turns":4.0},{"damage":33.0,"enemies":"Centurion and Healer","floor":30.0,"turns":5.0},{"damage":24,"enemies":"Sentry and Sphere","floor":31,"turns":4},{"damage":105,"enemies":"Automaton","floor":33,"turns":12}],"seed_played":"4448961643652721499","potions_obtained":[{"floor":10.0,"key":"SpeedPotion"},{"floor":11.0,"key":"SkillPotion"},{"floor":20.0,"key":"Poison Potion"},{"floor":28.0,"key":"Strength Potion"},{"floor":30.0,"key":"PowerPotion"}],"is_trial":false,"path_per_floor":["M","?","M","?","$","R","?","R","T","M","M","R","$","E","R","B",null,"M","$","M","?","M","R","?","R","T","M","M","$","M","M","R","B"],"character_chosen":"IRONCLAD","items_purchased":["True Grit","Kunai","Shrug It Off","Feel No Pain"],"campfire_rested":4,"item_purchase_floors":[5,13,19,29],"current_hp_per_floor":[62,44,48,32,32,56,56,80,80,80,79,79,79,65,65,28,80,78,78,47,47,39,78,78,78,78,55,58,58,51,45,80,0],"gold":31,"neow_bonus":"REMOVE_TWO","is_prod":false,"is_daily":false,"chose_seed":false,"campfire_upgraded":2,"win_rate":0,"timestamp":1549816945,"path_taken":["M","?","M","?","?","R","?","R","T","M","M","R","$","E","R","BOSS","M","$","M","?","M","R","?","R","T","M","M","$","M","M","R","BOSS"],"build_version":"2019-01-23","purchased_purges":2,"victory":false,"max_hp_per_floor":[80,80,80,80,80,80,80,80,80,80,80,80,80,80,80,80,80,80,80,80,80,80,80,80,80,80,80,80,80,80,80,80,80],"card_choices":[{"not_picked":["Armaments","Hemokinesis"],"picked":"Second Wind","floor":1.0},{"not_picked":["Rampage","Dual Wield"],"picked":"Disarm","floor":3.0},{"not_picked":["Spot Weakness","Heavy Blade"],"picked":"Infernal Blade","floor":10.0},{"not_picked":["Heavy Blade","Combust"],"picked":"Clothesline","floor":11.0},{"not_picked":["Metallicize","Pummel"],"picked":"Anger","floor":14.0},{"not_picked":["Double Tap","Immolate"],"picked":"Reaper","floor":16.0},{"not_picked":["Heavy Blade+1","Shrug It Off"],"picked":"Burning Pact+1","floor":18.0},{"not_picked":["Headbutt","Warcry","Clothesline+1"],"picked":"SKIP","floor":20.0},{"not_picked":["Heavy Blade","Sword Boomerang"],"picked":"Cleave+1","floor":22.0},{"not_picked":["Warcry","Heavy Blade"],"picked":"Bloodletting+1","floor":27.0},{"not_picked":["Sword Boomerang","Burning Pact"],"picked":"Fiend Fire","floor":28.0},{"not_picked":["Dropkick","Clash","Reckless Charge+1"],"picked":"SKIP","floor":30.0},{"not_picked":["Searing Blow","Disarm+1","Inflame"],"picked":"SKIP","floor":31}],"player_experience":362811,"relics_obtained":[{"floor":9.0,"key":"Regal Pillow"},{"floor":14.0,"key":"Meat on the Bone"}],"event_choices":[{"damage_healed":0.0,"max_hp_gain":0.0,"max_hp_loss":0.0,"gold_gain":0.0,"event_name":"Scrap Ooze","player_choice":"Success","floor":2.0,"gold_loss":0.0,"damage_taken":18.0,"relics_obtained":["Mercury Hourglass"]},{"damage_healed":0.0,"max_hp_gain":0.0,"max_hp_loss":0.0,"gold_gain":0.0,"event_name":"Shining Light","player_choice":"Entered Light","floor":4.0,"gold_loss":0.0,"damage_taken":16.0,"cards_upgraded":["Bash","Strike_R"]},{"damage_healed":0.0,"max_hp_gain":0.0,"max_hp_loss":0.0,"gold_gain":175.0,"event_name":"Liars Game","player_choice":"AGREE","floor":7.0,"gold_loss":0.0,"damage_taken":0.0,"cards_obtained":["Doubt"]},{"damage_healed":0.0,"max_hp_gain":0.0,"max_hp_loss":0.0,"gold_gain":0.0,"event_name":"Forgotten Altar","player_choice":"Smashed Altar","floor":21.0,"gold_loss":0.0,"damage_taken":0.0,"cards_obtained":["Decay"]},{"damage_healed":0.0,"max_hp_gain":0.0,"max_hp_loss":0.0,"gold_gain":0.0,"event_name":"The Library","player_choice":"Read","floor":24.0,"gold_loss":0.0,"damage_taken":0.0,"cards_obtained":["Immolate"]}],"is_beta":false,"boss_relics":[{"not_picked":["Calling Bell","Lizard Tail"],"picked":"Mark of Pain"}],"items_purged_floors":[19,29],"is_endless":false,"potions_floor_spawned":[10,11,20,28,30],"killed_by":"Automaton","ascension_level":2}