{"gold_per_floor":[113,130,144,144,0,0,26,26,49,14,14,31,44,77,77,176,176,191,44,44,44,62,62,62,97,124,149,149,162,192,205,205,306,306,324,336,46,146,165,165],"floor_reached":40,"playtime":2255,"items_purged":["Strike_R","Armaments"],"score":681,"play_id":"ad8d4dfc-a052-4ca2-90b7-7af4446b2e42","local_time":"20190124211647","is_ascension_mode":true,"campfire_choices":[{"data":"Immolate","floor":6,"key":"SMITH"},{"floor":8,"key":"REST"},{"data":"Bash","floor":11,"key":"SMITH"},{"data":"Offering","floor":15,"key":"SMITH"},{"data":"Metallicize","floor":23,"key":"SMITH"},{"floor":28,"key":"REST"},{"floor":32,"key":"REST"}],"neow_cost":"PERCENT_DAMAGE","seed_source_timestamp":518948152755616,"circlet_count":0,"master_deck":["AscendersBane","Bash+1","Cleave+1","Flame Barrier+1","Wild Strike","Immolate+1","Headbutt","Hemokinesis","Offering+1","Offering+1","Metallicize+1","Battle Trance","Blood for Blood","Seeing Red","Double Tap","Dropkick","Second Wind","Power Through","Seeing Red","Battle Trance","Whirlwind","Demon Form","Armaments+1","Metallicize","Clothesline+1"],"relics":["Burning Blood","Torii","Art of War","Bronze Scales","Orichalcum","White Beast Statue","Ornamental Fan","Strawberry","Blue Candle","War Paint","Vajra","Unceasing Top","Pandora\u0027s Box","Potion Belt","Pocketwatch"],"potions_floor_usage":[16,18,29,30,31,33,33,40,40],"damage_taken":[{"damage":2,"enemies":"Jaw Worm","floor":1,"turns":5},{"damage":0,"enemies":"Small Slimes","floor":2,"turns":3},{"damage":0,"enemies":"2 Louse","floor":3,"turns":2},{"damage":40,"enemies":"Lagavulin","floor":7,"turns":5},{"damage":0,"enemies":"2 Fungi Beasts","floor":12,"turns":1},{"damage":9,"enemies":"Red Slaver","floor":13,"turns":2},{"damage":16,"enemies":"Gremlin Nob","floor":14,"turns":3},{"damage":21,"enemies":"Hexaghost","floor":16,"turns":5},{"damage":9,"enemies":"3 Byrds","floor":18,"turns":3},{"damage":12,"enemies":"Chosen","floor":22,"turns":2},{"damage":32,"enemies":"Book of Stabbing","floor":25,"turns":3},{"damage":19,"enemies":"Gremlin Leader","floor":27,"turns":4},{"damage":9,"enemies":"3 Cultists","floor":29,"turns":3},{"damage":19,"enemies":"Slavers","floor":30,"turns":2},{"damage":11,"enemies":"Cultist and Chosen","floor":31,"turns":5},{"damage":67,"enemies":"Collector","floor":33,"turns":6},{"damage":6,"enemies":"3 Shapes","floor":35,"turns":3},{"damage":17,"enemies":"3 Darklings","floor":36,"turns":4},{"damage":14,"enemies":"Mind Bloom Boss Battle","floor":38,"turns":6},{"damage":27,"enemies":"Writhing Mass","floor":39,"turns":3},{"damage":28,"enemies":"Giant Head","floor":40,"turns":6}],"seed_played":"-770058925192064935","potions_obtained":[{"floor":2,"key":"LiquidBronze"},{"floor":7,"key":"Swift Potion"},{"floor":12,"key":"PowerPotion"},{"floor":18,"key":"AttackPotion"},{"floor":22,"key":"BloodPotion"},{"floor":25,"key":"Explosive Potion"},{"floor":29,"key":"Weak Potion"},{"floor":30,"key":"Strength Potion"},{"floor":31,"key":"Strength Potion"},{"floor":33,"key":"SpeedPotion"},{"floor":35,"key":"Dexterity Potion"},{"floor":38,"key":"Swift Potion"},{"floor":39,"key":"SkillPotion"}],"is_trial":false,"path_per_floor":["M","M","M","?","$","R","E","R","T","?","R","M","M","E","R","B",null,"M","$","?","?","M","R","?","E","T","E","R","M","E","M","R","B",null,"M","M","$","?","M","E"],"character_chosen":"IRONCLAD","items_purchased":["Immolate","Battle Trance","Metallicize","Potion Belt"],"campfire_rested":3,"item_purchase_floors":[5,19,37,37],"current_hp_per_floor":[55,61,67,51,51,51,17,41,41,61,61,67,64,54,54,39,70,67,67,67,67,61,61,68,42,42,29,55,52,47,42,68,7,67,67,56,56,48,27,0],"gold":165,"neow_bonus":"ONE_RARE_RELIC","is_prod":false,"is_daily":false,"chose_seed":false,"campfire_upgraded":4,"win_rate":0,"timestamp":1548386207,"path_taken":["M","M","M","?","$","R","E","R","T","?","R","M","M","E","R","BOSS","M","$","?","?","M","R","?","E","T","E","R","M","E","?","R","BOSS","M","?","$","?","M","E"],"build_version":"2019-01-23","purchased_purges":2,"victory":false,"max_hp_per_floor":[80,80,80,80,80,80,80,80,80,80,80,80,80,80,80,80,80,80,80,80,80,80,80,87,87,87,87,87,87,87,87,87,87,87,87,87,87,87,87,87],"card_choices":[{"not_picked":["Heavy Blade","Power Through"],"picked":"Cleave","floor":1},{"not_picked":["Flex","True Grit"],"picked":"Flame Barrier","floor":2},{"not_picked":["Pommel Strike","Reckless Charge"],"picked":"Wild Strike","floor":3},{"not_picked":["Flame Barrier","Inflame","Havoc"],"picked":"SKIP","floor":7},{"not_picked":["Pummel","Inflame"],"picked":"Headbutt","floor":12},{"not_picked":["Anger","Entrench"],"picked":"Hemokinesis","floor":13},{"not_picked":["Clothesline","Wild Strike"],"picked":"Offering","floor":14},{"not_picked":["Berserk","Barricade"],"picked":"Offering","floor":16},{"not_picked":["Body Slam+1","Dual Wield"],"picked":"Metallicize","floor":18},{"not_picked":["Warcry+1","Power Through","Pommel Strike"],"picked":"SKIP","floor":22},{"not_picked":["Clash","Warcry","Iron Wave"],"picked":"SKIP","floor":25},{"not_picked":["Uppercut","Dual Wield"],"picked":"Blood for Blood","floor":27},{"not_picked":["Flame Barrier","Twin Strike+1","Iron Wave+1"],"picked":"SKIP","floor":29},{"not_picked":["Cleave","Feel No Pain","Rampage+1"],"picked":"SKIP","floor":30},{"not_picked":["Anger","Limit Break"],"picked":"Seeing Red","floor":31},{"not_picked":["Limit Break","Brutality"],"picked":"Double Tap","floor":33},{"not_picked":["Battle Trance+1","Twin Strike","Anger"],"picked":"SKIP","floor":35},{"not_picked":["Pommel Strike","Feel No Pain+1"],"picked":"Armaments+1","floor":36},{"not_picked":["Bloodletting+1","Warcry+1"],"picked":"Clothesline+1","floor":39}],"player_experience":204372,"relics_obtained":[{"floor":7,"key":"Art of War"},{"floor":9,"key":"Bronze Scales"},{"floor":14,"key":"Orichalcum"},{"floor":25,"key":"Blue Candle"},{"floor":26,"key":"War Paint"},{"floor":27,"key":"Vajra"},{"floor":30,"key":"Unceasing Top"},{"floor":38,"key":"Pocketwatch"}],"event_choices":[{"damage_healed":0,"gold_gain":0,"player_choice":"Entered Light","damage_taken":16,"max_hp_gain":0,"max_hp_loss":0,"event_name":"Shining Light","floor":4,"gold_loss":0,"cards_upgraded":["Flame Barrier","Cleave"]},{"damage_healed":20,"gold_gain":0,"player_choice":"Healed","damage_taken":0,"max_hp_gain":0,"max_hp_loss":0,"event_name":"The Cleric","floor":10,"gold_loss":35},{"damage_healed":0,"gold_gain":0,"player_choice":"Opened","damage_taken":0,"relics_obtained":["Ornamental Fan"],"max_hp_gain":0,"max_hp_loss":0,"event_name":"The Mausoleum","floor":20,"gold_loss":0},{"damage_healed":0,"gold_gain":0,"player_choice":"Ignored","damage_taken":0,"max_hp_gain":0,"max_hp_loss":0,"event_name":"Beggar","floor":21,"gold_loss":0},{"damage_healed":0,"gold_gain":0,"player_choice":"Gave Potion","damage_taken":0,"relics_obtained":["Strawberry"],"max_hp_gain":0,"max_hp_loss":0,"event_name":"WeMeetAgain","floor":24,"gold_loss":0},{"damage_healed":0,"gold_gain":0,"player_choice":"Fight","damage_taken":0,"max_hp_gain":0,"max_hp_loss":0,"event_name":"MindBloom","floor":38,"gold_loss":0}],"is_beta":false,"boss_relics":[{"not_picked":["Snecko Eye","Runic Pyramid"],"picked":"White Beast Statue"},{"not_picked":["Fusion Hammer","Orrery"],"picked":"Pandora\u0027s Box"}],"items_purged_floors":[19,37],"is_endless":false,"potions_floor_spawned":[2,7,12,13,18,22,25,27,29,30,31,33,35,36,38,39],"killed_by":"Giant Head","ascension_level":10}