{"path_per_floor":["M","M","$","M","M","R","E","R","T","R","E","M","?","M","R","B",null,"M","?","M","M","?","E","R","E","T","R","M","$","M","?","R","B",null,"M","M","$","M","?","E","M","R","T","$","R","$","M","E","R","B"],"character_chosen":"DEFECT","items_purchased":["Conserve Battery","Cables","Whetstone","Coolheaded","Skim"],"gold_per_floor":[113,133,36,52,67,67,100,100,124,124,154,165,340,351,351,446,446,465,380,397,409,334,366,366,394,418,418,434,37,52,52,52,153,153,169,180,180,190,190,223,240,240,240,140,140,39,53,82,82,82],"floor_reached":51,"campfire_rested":1,"playtime":7899,"item_purchase_floors":[3,29,29,46,46],"current_hp_per_floor":[68,68,68,68,49,49,26,26,33,33,22,22,22,21,21,13,87,74,74,65,53,53,25,51,43,43,43,48,48,48,48,48,55,97,97,97,97,97,97,97,91,91,91,91,91,91,91,91,91,62],"items_purged":["Strike_B","Decay"],"gold":82,"score":953,"play_id":"ef5c9941-9306-44fc-b11f-926a2ec428fe","local_time":"20180621184400","is_prod":false,"is_daily":false,"chose_seed":false,"is_ascension_mode":true,"campfire_upgraded":6,"win_rate":0,"timestamp":1529628240,"campfire_choices":[{"data":"White Noise","floor":6,"key":"SMITH"},{"data":"Zap","floor":8,"key":"SMITH"},{"data":"Dualcast","floor":10,"key":"SMITH"},{"data":"Blizzard","floor":15,"key":"SMITH"},{"floor":24,"key":"REST"},{"data":"Normality","floor":27,"key":"PURGE"},{"data":"Defragment","floor":32,"key":"SMITH"},{"data":"Chill","floor":42,"key":"SMITH"},{"floor":45,"key":"DIG"},{"floor":49,"key":"DIG"}],"path_taken":["M","M","$","M","M","R","E","R","T","R","E","M","?","?","R","BOSS","M","?","M","M","?","E","R","E","T","R","M","$","M","?","R","BOSS","M","?","$","M","?","E","M","R","T","$","R","$","M","E","R","BOSS"],"build_version":"2018-06-14v2","seed_source_timestamp":500709772718972,"purchased_purges":2,"victory":true,"master_deck":["Strike_B","Strike_B+1","Strike_B","Defend_B","Defend_B","Defend_B","Defend_B","Zap+1","Dualcast+1","Genetic Algorithm","White Noise+1","Conserve Battery","Cold Snap","Chill+1","Blizzard+1","Gash+1","Cold Snap","Echo Form","Defragment+1","White Noise+1","Machine Learning","Coolheaded+1","Coolheaded","Skim"],"max_hp_per_floor":[75,75,75,75,80,80,80,80,87,87,87,87,87,87,87,87,87,87,87,87,87,87,87,87,97,97,97,97,97,97,97,97,97,97,97,97,97,97,97,97,97,97,97,97,97,97,97,97,97,97],"relics":["Cracked Core","Vajra","Strawberry","Anchor","Cursed Key","Peace Pipe","Bottled Flame","Pear","Art of War","Cables","Whetstone","Busted Crown","Oddly Smooth Stone","Shovel","Bottled Lightning","Orichalcum","Happy Flower"],"card_choices":[{"not_picked":["Blizzard","Stack"],"picked":"Genetic Algorithm","floor":1},{"not_picked":["Barrage","Steam"],"picked":"White Noise","floor":2},{"not_picked":["Streamline","Blizzard"],"picked":"Cold Snap","floor":4},{"not_picked":["Gash","Cold Snap"],"picked":"Chill","floor":5},{"not_picked":["Cold Snap","Go for the Eyes","Coolheaded"],"picked":"SKIP","floor":7},{"not_picked":["Melter","Compile Driver"],"picked":"Blizzard","floor":11},{"not_picked":["Rebound","Storm"],"picked":"Gash","floor":12},{"not_picked":["Ball Lightning","Genetic Algorithm"],"picked":"Cold Snap","floor":14},{"not_picked":["All For One","Rainbow"],"picked":"Echo Form","floor":16},{"not_picked":["Consume","Go for the Eyes","Aggregate"],"picked":"SKIP","floor":18},{"not_picked":["Cold Snap","Stack+1"],"picked":"Defragment","floor":20},{"not_picked":["Lockon","Hello World+1","Steam"],"picked":"SKIP","floor":21},{"not_picked":["Chill","Heatsinks","Streamline"],"picked":"SKIP","floor":23},{"not_picked":["Leap","Amplify","Chill"],"picked":"SKIP","floor":25},{"not_picked":["Chaos","Conserve Battery","Go for the Eyes"],"picked":"SKIP","floor":28},{"not_picked":["Barrage","Multi-Cast","Lockon+1"],"picked":"SKIP","floor":30},{"not_picked":["Amplify","Biased Cognition"],"picked":"Machine Learning","floor":33},{"not_picked":["Chill"],"picked":"SKIP","floor":35},{"not_picked":["Doom and Gloom"],"picked":"SKIP","floor":36},{"not_picked":["Scrape"],"picked":"SKIP","floor":38},{"not_picked":[],"picked":"Coolheaded+1","floor":40},{"not_picked":["Go for the Eyes"],"picked":"SKIP","floor":41},{"not_picked":["Stack+1"],"picked":"SKIP","floor":47},{"not_picked":["Seek"],"picked":"SKIP","floor":48}],"player_experience":164602,"potions_floor_usage":[5,11,16,16,16,33,38,48,50,50],"damage_taken":[{"damage":7,"enemies":"Jaw Worm","floor":1,"turns":3},{"damage":0,"enemies":"2 Louse","floor":2,"turns":3},{"damage":0,"enemies":"Small Slimes","floor":4,"turns":3},{"damage":24,"enemies":"Gremlin Gang","floor":5,"turns":4},{"damage":23,"enemies":"Gremlin Nob","floor":7,"turns":5},{"damage":11,"enemies":"Lagavulin","floor":11,"turns":5},{"damage":0,"enemies":"2 Fungi Beasts","floor":12,"turns":2},{"damage":1,"enemies":"Exordium Wildlife","floor":14,"turns":4},{"damage":8,"enemies":"Hexaghost","floor":16,"turns":11},{"damage":20,"enemies":"2 Thieves","floor":18,"turns":5},{"damage":9,"enemies":"3 Byrds","floor":20,"turns":4},{"damage":12,"enemies":"Snecko","floor":21,"turns":7},{"damage":28,"enemies":"Book of Stabbing","floor":23,"turns":9},{"damage":18,"enemies":"Slavers","floor":25,"turns":6},{"damage":2,"enemies":"Centurion and Healer","floor":28,"turns":8},{"damage":0,"enemies":"Chosen and Byrds","floor":30,"turns":7},{"damage":0,"enemies":"Automaton","floor":33,"turns":11},{"damage":0,"enemies":"Orb Walker","floor":35,"turns":3},{"damage":0,"enemies":"3 Shapes","floor":36,"turns":5},{"damage":5,"enemies":"3 Darklings","floor":38,"turns":7},{"damage":0,"enemies":"Nemesis","floor":40,"turns":9},{"damage":6,"enemies":"Sphere and 2 Shapes","floor":41,"turns":4},{"damage":0,"enemies":"Maw","floor":47,"turns":6},{"damage":0,"enemies":"Giant Head","floor":48,"turns":8},{"damage":29,"enemies":"Awakened One","floor":50,"turns":13}],"relics_obtained":[{"floor":7,"key":"Vajra"},{"floor":9,"key":"Strawberry"},{"floor":11,"key":"Anchor"},{"floor":23,"key":"Bottled Flame"},{"floor":25,"key":"Pear"},{"floor":26,"key":"Art of War"},{"floor":40,"key":"Oddly Smooth Stone"},{"floor":43,"key":"Shovel"},{"floor":45,"key":"Bottled Lightning"},{"floor":48,"key":"Orichalcum"},{"floor":49,"key":"Happy Flower"}],"event_choices":[{"event_name":"Liars Game","player_choice":"agreed","floor":13,"damage_taken":0},{"event_name":"Addict","player_choice":"Obtained Relic","floor":19,"damage_taken":0},{"event_name":"Beggar","player_choice":"Gave Gold","floor":22,"damage_taken":0},{"event_name":"Duplicator","player_choice":"One dupe","floor":31,"damage_taken":0},{"event_name":"SensoryStone","player_choice":"Memory 1","floor":39,"damage_taken":0}],"boss_relics":[{"not_picked":["Pandora\u0027s Box","Lizard Tail"],"picked":"Cursed Key"},{"not_picked":["Coffee Dripper","Calling Bell"],"picked":"Busted Crown"}],"items_purged_floors":[3,44],"is_endless":false,"potions_floor_spawned":[1,7,11,12,14,28,30,33,35,38,48],"seed_played":"-7418581325085151418","ascension_level":3,"potions_obtained":[{"floor":1,"key":"Fruit Juice"},{"floor":7,"key":"SteroidPotion"},{"floor":11,"key":"Block Potion"},{"floor":12,"key":"PowerPotion"},{"floor":14,"key":"Fire Potion"},{"floor":28,"key":"Swift Potion"},{"floor":30,"key":"Poison Potion"},{"floor":33,"key":"Energy Potion"},{"floor":35,"key":"Regen Potion"},{"floor":38,"key":"LiquidBronze"},{"floor":48,"key":"Ancient Potion"}],"is_trial":false}