{"gold_per_floor":[118,46,59,78,78,107,126,156,202,214,44,44,59,73,73,174,174,184,198,198,198,48,48,65,65,65,65,99,99,127,127,127,224,274,284,145,71,0,19,46,46,46,126,126,143,143,159,209,209,209,209,209,10,43,43],"floor_reached":55,"playtime":8318,"items_purged":["Reprogram","Strike_B+1"],"score":812,"play_id":"d83f551a-682e-4bf0-b038-0f52dea2c2fa","local_time":"20190208195701","is_ascension_mode":true,"campfire_choices":[{"floor":15.0,"key":"REST"},{"floor":23.0,"key":"RECALL"},{"floor":25.0,"key":"REST"},{"floor":29.0,"key":"REST"},{"floor":32.0,"key":"REST"},{"data":"Defragment","floor":42.0,"key":"SMITH"},{"data":"Echo Form","floor":44.0,"key":"SMITH"},{"data":"Go for the Eyes","floor":46.0,"key":"SMITH"},{"floor":49.0,"key":"REST"},{"floor":52.0,"key":"REST"}],"neow_cost":"NONE","seed_source_timestamp":418694415362522,"circlet_count":0,"master_deck":["Strike_B+1","Strike_B+1","Defend_B+1","Defend_B+1","Defend_B+1","Defend_B+1","Zap+1","Dualcast+1","Cold Snap+1","Scrape+1","FTL+1","Cold Snap+1","Cold Snap+1","FTL+1","Auto Shields+1","Go for the Eyes+1","Self Repair+1","Beam Cell+1","Bandage Up+1","Ball Lightning+1","Echo Form+1","Chill+1","Steam+1","Steam+1","Defragment+1","Go for the Eyes+1","Gash+1","Redo+1","Steam+1","Blizzard+1","Blizzard+1","Beam Cell+1","Capacitor+1","All For One+1","Gash+1","Gash+1","FTL"],"special_seed":0,"relics":["Cracked Core","Oddly Smooth Stone","Cables","Orrery","DataDisk","Vajra","Bag of Preparation","Pen Nib","SsserpentHead","Tiny House","Red Mask","Bronze Scales","Gremlin Horn","Mark of the Bloom","Sundial"],"potions_floor_usage":[55,55,55],"damage_taken":[{"damage":5.0,"enemies":"2 Louse","floor":1.0,"turns":2.0},{"damage":7.0,"enemies":"Jaw Worm","floor":3.0,"turns":3.0},{"damage":0.0,"enemies":"Small Slimes","floor":4.0,"turns":3.0},{"damage":18.0,"enemies":"3 Sentries","floor":6.0,"turns":9.0},{"damage":1.0,"enemies":"Blue Slaver","floor":7.0,"turns":3.0},{"damage":6.0,"enemies":"Lagavulin","floor":8.0,"turns":8.0},{"damage":0.0,"enemies":"Exordium Wildlife","floor":10.0,"turns":3.0},{"damage":9.0,"enemies":"Exordium Thugs","floor":13.0,"turns":5.0},{"damage":0.0,"enemies":"3 Louse","floor":14.0,"turns":4.0},{"damage":25.0,"enemies":"The Guardian","floor":16.0,"turns":11.0},{"damage":14.0,"enemies":"Spheric Guardian","floor":18.0,"turns":5.0},{"damage":7.0,"enemies":"2 Thieves","floor":19.0,"turns":3.0},{"damage":28.0,"enemies":"Snake Plant","floor":24.0,"turns":4.0},{"damage":21.0,"enemies":"Colosseum Slavers","floor":27.0,"turns":5.0},{"damage":53.0,"enemies":"Slavers","floor":28.0,"turns":7.0},{"damage":30.0,"enemies":"Book of Stabbing","floor":30.0,"turns":6.0},{"damage":42.0,"enemies":"Collector","floor":33.0,"turns":13.0},{"damage":0.0,"enemies":"3 Darklings","floor":35.0,"turns":8.0},{"damage":13.0,"enemies":"Orb Walker","floor":39.0,"turns":5.0},{"damage":4.0,"enemies":"Nemesis","floor":40.0,"turns":9.0},{"damage":10.0,"enemies":"Transient","floor":45.0,"turns":5.0},{"damage":2.0,"enemies":"Jaw Worm Horde","floor":47.0,"turns":3.0},{"damage":5.0,"enemies":"Awakened One","floor":50.0,"turns":11.0},{"damage":58.0,"enemies":"Shield and Spear","floor":54.0,"turns":6.0},{"damage":31,"enemies":"The Heart","floor":55,"turns":5}],"seed_played":"-2519398405375915541","potions_obtained":[{"floor":1.0,"key":"LiquidBronze"},{"floor":7.0,"key":"Explosive Potion"},{"floor":8.0,"key":"GamblersBrew"},{"floor":10.0,"key":"Strength Potion"},{"floor":16.0,"key":"FocusPotion"},{"floor":28.0,"key":"Ancient Potion"},{"floor":33.0,"key":"FearPotion"},{"floor":34.0,"key":"Block Potion"},{"floor":35.0,"key":"EssenceOfSteel"},{"floor":40.0,"key":"Energy Potion"},{"floor":47.0,"key":"Ancient Potion"},{"floor":54.0,"key":"Swift Potion"}],"is_trial":false,"path_per_floor":["M","$","M","M","?","E","M","E","T","M","$","?","M","M","R","B",null,"M","M","?","?","$","R","M","R","T","?","E","R","E","?","R","B",null,"M","$","$","?","M","E","$","R","T","R","M","R","M","?","R","B",null,"R","$","E","B"],"character_chosen":"DEFECT","items_purchased":["Scrape","Self Repair","Beam Cell","Bandage Up","DataDisk","Blizzard","Beam Cell","Capacitor","Energy Potion","Dexterity Potion"],"campfire_rested":6,"item_purchase_floors":[2,11,11,11,22,36,36,37,53,53],"current_hp_per_floor":[77,77,70,70,70,52,51,45,45,45,45,45,47,51,75,61,82,76,76,76,60,60,60,36,62,62,52,10,36,17,17,43,12,92,92,92,92,92,87,92,92,92,92,92,89,89,92,92,92,87,87,87,87,29,0],"gold":43,"neow_bonus":"TEN_PERCENT_HP_BONUS","is_prod":false,"is_daily":false,"chose_seed":false,"campfire_upgraded":3,"win_rate":0,"timestamp":1549652221,"path_taken":["M","$","M","M","?","E","M","E","T","M","$","?","M","M","R","BOSS","M","M","?","?","?","R","?","R","T","?","E","R","E","?","R","BOSS","M","?","$","?","M","E","$","R","T","R","M","R","M","?","R","BOSS","R","$","E","BOSS"],"build_version":"2019-01-23","purchased_purges":2,"victory":false,"max_hp_per_floor":[82,82,82,82,82,82,82,82,82,82,82,82,82,82,82,82,82,82,82,82,87,87,87,87,87,87,87,87,87,87,87,87,87,92,92,92,92,92,92,92,92,92,92,92,92,92,92,92,92,92,92,92,92,92,92],"card_choices":[{"not_picked":["Static Discharge","Glacier"],"picked":"Cold Snap","floor":1.0},{"not_picked":["Hologram","Consume"],"picked":"FTL","floor":3.0},{"not_picked":["Chaos","Stack"],"picked":"Cold Snap","floor":4.0},{"not_picked":["Aggregate","Redo"],"picked":"Cold Snap","floor":6.0},{"not_picked":["Fusion","Go for the Eyes"],"picked":"FTL","floor":7.0},{"not_picked":["Sunder","Rip and Tear"],"picked":"Auto Shields","floor":8.0},{"not_picked":["Sweeping Beam","Undo"],"picked":"Go for the Eyes","floor":10.0},{"not_picked":["Chaos","Lockon"],"picked":"Ball Lightning","floor":13.0},{"not_picked":["Rebound","Hello World","Cold Snap"],"picked":"SKIP","floor":14.0},{"not_picked":["Buffer","Rainbow"],"picked":"Echo Form","floor":16.0},{"not_picked":["Steam Power","Sweeping Beam"],"picked":"Chill","floor":17.0},{"not_picked":["Rebound","Streamline"],"picked":"Steam","floor":17.0},{"not_picked":["Compile Driver","Coolheaded"],"picked":"Steam","floor":17.0},{"not_picked":["Steam","Leap"],"picked":"Defragment","floor":17.0},{"not_picked":["Hologram+1","Turbo+1"],"picked":"Go for the Eyes","floor":18.0},{"not_picked":["Reinforced Body","Steam Power"],"picked":"Gash+1","floor":19.0},{"not_picked":["Redo","Hyperbeam","Compile Driver"],"picked":"SKIP","floor":24.0},{"not_picked":["Hyperbeam","Compile Driver"],"picked":"Redo","floor":24.0},{"not_picked":["Sweeping Beam","Redo","Lockon+1"],"picked":"SKIP","floor":28.0},{"not_picked":["Redo","Double Energy"],"picked":"Reprogram","floor":30.0},{"not_picked":["Conserve Battery+1","Barrage"],"picked":"Steam+1","floor":34.0},{"not_picked":["Barrage+1","Leap"],"picked":"Blizzard","floor":35.0},{"not_picked":["Redo+1","Stack","Sweeping Beam"],"picked":"SKIP","floor":39.0},{"not_picked":["Fission","Defragment+1"],"picked":"All For One","floor":40.0},{"not_picked":["Tempest+1","Recycle"],"picked":"Gash+1","floor":45.0},{"not_picked":["Recycle+1","Force Field"],"picked":"Gash","floor":47.0},{"not_picked":["Beam Cell","Stack+1"],"picked":"FTL","floor":54.0}],"player_experience":280433,"relics_obtained":[{"floor":6.0,"key":"Oddly Smooth Stone"},{"floor":8.0,"key":"Cables"},{"floor":26.0,"key":"Vajra"},{"floor":28.0,"key":"Bag of Preparation"},{"floor":30.0,"key":"Pen Nib"},{"floor":40.0,"key":"Bronze Scales"},{"floor":43.0,"key":"Gremlin Horn"},{"floor":54.0,"key":"Sundial"}],"event_choices":[{"damage_healed":0.0,"max_hp_gain":0.0,"max_hp_loss":0.0,"gold_gain":0.0,"event_name":"Liars Game","player_choice":"Ignored","floor":5.0,"gold_loss":0.0,"damage_taken":0.0},{"cards_removed":["Strike_B"],"damage_healed":0.0,"max_hp_gain":0.0,"max_hp_loss":0.0,"gold_gain":0.0,"event_name":"Living Wall","player_choice":"Forget","floor":12.0,"gold_loss":0.0,"damage_taken":0.0},{"damage_healed":0.0,"max_hp_gain":0.0,"max_hp_loss":0.0,"gold_gain":0.0,"event_name":"Cursed Tome","player_choice":"Ignored","floor":20.0,"gold_loss":0.0,"damage_taken":0.0},{"damage_healed":0.0,"max_hp_gain":5.0,"max_hp_loss":0.0,"gold_gain":0.0,"event_name":"Forgotten Altar","player_choice":"Shed Blood","floor":21.0,"gold_loss":0.0,"damage_taken":21.0},{"damage_healed":0.0,"max_hp_gain":0.0,"max_hp_loss":0.0,"gold_gain":0.0,"event_name":"Colosseum","player_choice":"Fight","floor":27.0,"gold_loss":0.0,"damage_taken":0.0},{"damage_healed":0.0,"max_hp_gain":0.0,"max_hp_loss":0.0,"gold_gain":0.0,"event_name":"Colosseum","player_choice":"Fled From Nobs","floor":27.0,"gold_loss":0.0,"damage_taken":0.0},{"damage_healed":0.0,"max_hp_gain":0.0,"max_hp_loss":0.0,"gold_gain":0.0,"event_name":"FaceTrader","player_choice":"Trade","floor":31.0,"gold_loss":0.0,"damage_taken":0.0,"relics_obtained":["SsserpentHead"]},{"damage_healed":0.0,"max_hp_gain":0.0,"max_hp_loss":0.0,"gold_gain":0.0,"event_name":"Tomb of Lord Red Mask","player_choice":"Paid","floor":38.0,"gold_loss":121.0,"damage_taken":0.0,"relics_obtained":["Red Mask"]},{"damage_healed":0.0,"max_hp_gain":0.0,"max_hp_loss":0.0,"gold_gain":0.0,"event_name":"MindBloom","player_choice":"Upgrade","floor":48.0,"gold_loss":0.0,"damage_taken":0.0,"cards_upgraded":["Strike_B","Strike_B","Strike_B","Defend_B","Defend_B","Defend_B","Defend_B","Zap","Dualcast","Cold Snap","Scrape","FTL","Cold Snap","Cold Snap","FTL","Auto Shields","Self Repair","Beam Cell","Bandage Up","Ball Lightning","Chill","Steam","Steam","Go for the Eyes","Blizzard","Blizzard","Beam Cell","Capacitor","All For One","Gash"],"relics_obtained":["Mark of the Bloom"]}],"is_beta":false,"boss_relics":[{"not_picked":["White Beast Statue","Sozu"],"picked":"Orrery"},{"not_picked":["Velvet Choker","Fusion Hammer"],"picked":"Tiny House"}],"items_purged_floors":[36,53],"is_endless":false,"potions_floor_spawned":[1,7,8,10,16,27,28,33,35,40,47,54],"killed_by":"The Heart","ascension_level":2}