{"gold_per_floor":[116,116,128,146,96,130,130,160,160,160],"floor_reached":10,"playtime":809,"items_purged":[],"score":84,"play_id":"7ab257ed-d94f-418b-be2c-6ddb2d522e17","local_time":"20190107120416","is_ascension_mode":true,"campfire_choices":[{"data":"Seeing Red","floor":7,"key":"SMITH"}],"neow_cost":"CURSE","seed_source_timestamp":1453008554490568,"circlet_count":0,"master_deck":["Strike_R","Strike_R","Strike_R","Strike_R","Defend_R","Defend_R","Defend_R","Defend_R","Bash","Demon Form","Seeing Red+1","Heavy Blade"],"relics":["Burning Blood","Peace Pipe","Mercury Hourglass"],"potions_floor_usage":[],"damage_taken":[{"damage":7,"enemies":"2 Louse","floor":1,"turns":4},{"damage":7,"enemies":"Jaw Worm","floor":3,"turns":3},{"damage":0,"enemies":"Small Slimes","floor":4,"turns":3},{"damage":52,"enemies":"3 Sentries","floor":6,"turns":10},{"damage":26,"enemies":"Lagavulin","floor":8,"turns":8},{"damage":12,"enemies":"3 Sentries","floor":10,"turns":2}],"seed_played":"919725094144800435","potions_obtained":[{"floor":6,"key":"SmokeBomb"},{"floor":8,"key":"Poison Potion"}],"is_trial":false,"path_per_floor":["M","?","M","M","?","E","R","E","T","E"],"character_chosen":"IRONCLAD","items_purchased":[],"campfire_rested":0,"item_purchase_floors":[],"current_hp_per_floor":[79,72,71,77,77,31,31,11,11,0],"gold":160,"neow_bonus":"THREE_RARE_CARDS","is_prod":false,"is_daily":false,"chose_seed":false,"campfire_upgraded":1,"win_rate":0,"timestamp":1546884256,"path_taken":["M","?","M","M","?","E","R","E","T","E"],"build_version":"2019-01-03v4","purchased_purges":0,"victory":false,"max_hp_per_floor":[80,80,80,80,80,80,80,80,80,80],"card_choices":[{"not_picked":["Exhume","Berserk"],"picked":"Demon Form","floor":0},{"not_picked":["Perfected Strike","Wild Strike","True Grit"],"picked":"SKIP","floor":1},{"not_picked":["Carnage","Body Slam","Corruption"],"picked":"SKIP","floor":3},{"not_picked":["Anger","Combust"],"picked":"Seeing Red","floor":4},{"not_picked":["Spot Weakness","Body Slam","Havoc"],"picked":"SKIP","floor":6},{"not_picked":["Headbutt","Pummel"],"picked":"Heavy Blade","floor":8}],"player_experience":215343,"relics_obtained":[{"floor":6,"key":"Peace Pipe"},{"floor":8,"key":"Mercury Hourglass"}],"event_choices":[{"cards_removed":["Injury"],"damage_healed":0,"gold_gain":0,"player_choice":"Card Removal","damage_taken":7,"max_hp_gain":0,"max_hp_loss":0,"event_name":"Golden Wing","floor":2,"gold_loss":0},{"cards_removed":["Strike_R"],"damage_healed":0,"gold_gain":0,"player_choice":"Card Removal","damage_taken":0,"max_hp_gain":0,"max_hp_loss":0,"event_name":"The Cleric","floor":5,"gold_loss":50}],"is_beta":false,"boss_relics":[],"items_purged_floors":[],"is_endless":false,"potions_floor_spawned":[6,8],"killed_by":"3 Sentries","ascension_level":2}