{"gold_per_floor":[144,144,47,62,62,97,109,109,160,173,73,73,83,8,8,110,110,124,39,55,55,74,74,105,105,131,131,131,150,150,165,165,261,261,271,271,181,201,221,248,248,262,287,83,102,102,53,53,53,53],"floor_reached":50,"playtime":7464,"items_purged":["Strike_B","Defend_B","Multi-Cast"],"score":638,"play_id":"9424721b-ce79-412a-aa3b-dc41d0714313","local_time":"20190210124315","is_ascension_mode":true,"campfire_choices":[{"data":"Dualcast","floor":8.0,"key":"SMITH"},{"floor":12.0,"key":"REST"},{"data":"Coolheaded","floor":15.0,"key":"SMITH"},{"floor":23.0,"key":"REST"},{"floor":25.0,"key":"RECALL"},{"data":"Defragment","floor":27.0,"key":"SMITH"},{"floor":32.0,"key":"REST"},{"floor":41,"key":"REST"},{"floor":49,"key":"REST"}],"neow_cost":"NONE","seed_source_timestamp":566493501952526,"circlet_count":0,"master_deck":["Defend_B+1","Zap+1","Dualcast+1","Ball Lightning","Coolheaded+1","BootSequence","Leap","Ball Lightning+1","Gash","Electrodynamics","Biased Cognition+1","All For One+1","Electrodynamics+1","Defragment+1","Flash of Steel","Auto Shields","Hologram+1","Gash+1","Machine Learning"],"special_seed":0,"relics":["Cracked Core","Tiny Chest","Vajra","Blood Vial","Astrolabe","Singing Bowl","Nuclear Battery","Shuriken","Strawberry"],"potions_floor_usage":[40,42,50,50,50],"damage_taken":[{"damage":1.0,"enemies":"2 Louse","floor":1.0,"turns":3.0},{"damage":4.0,"enemies":"Cultist","floor":4.0,"turns":3.0},{"damage":36.0,"enemies":"3 Sentries","floor":6.0,"turns":9.0},{"damage":0.0,"enemies":"Small Slimes","floor":7.0,"turns":3.0},{"damage":18.0,"enemies":"Gremlin Gang","floor":10.0,"turns":4.0},{"damage":0.0,"enemies":"Looter","floor":13.0,"turns":3.0},{"damage":16.0,"enemies":"Hexaghost","floor":16.0,"turns":10.0},{"damage":3.0,"enemies":"2 Thieves","floor":18.0,"turns":2.0},{"damage":0.0,"enemies":"Spheric Guardian","floor":20.0,"turns":4.0},{"damage":27.0,"enemies":"Centurion and Healer","floor":22.0,"turns":3.0},{"damage":10.0,"enemies":"Slavers","floor":24.0,"turns":2.0},{"damage":13.0,"enemies":"Snake Plant","floor":29.0,"turns":3.0},{"damage":0.0,"enemies":"3 Cultists","floor":31.0,"turns":2.0},{"damage":57.0,"enemies":"Champ","floor":33.0,"turns":10.0},{"damage":0.0,"enemies":"3 Darklings","floor":35.0,"turns":3.0},{"damage":7.0,"enemies":"Orb Walker","floor":38.0,"turns":3.0},{"damage":30.0,"enemies":"Maw","floor":39.0,"turns":7.0},{"damage":26,"enemies":"Giant Head","floor":40,"turns":7},{"damage":0,"enemies":"Sphere and 2 Shapes","floor":42,"turns":2},{"damage":2,"enemies":"Jaw Worm Horde","floor":45,"turns":2},{"damage":103,"enemies":"Awakened One","floor":50,"turns":10}],"seed_played":"-5567726672512162226","potions_obtained":[{"floor":4.0,"key":"Fire Potion"},{"floor":13.0,"key":"Dexterity Potion"},{"floor":16.0,"key":"EssenceOfSteel"},{"floor":18.0,"key":"Ancient Potion"},{"floor":22.0,"key":"Explosive Potion"},{"floor":31.0,"key":"Strength Potion"},{"floor":33.0,"key":"Swift Potion"},{"floor":39.0,"key":"SkillPotion"},{"floor":40,"key":"AttackPotion"},{"floor":45,"key":"LiquidBronze"}],"is_trial":false,"path_per_floor":["M","?","$","M","?","E","M","R","T","M","$","R","M","$","R","B",null,"M","$","M","$","M","R","E","R","T","R","?","M","?","M","R","B",null,"M","?","?","M","M","E","R","M","T","$","M","?","$","?","R","B"],"character_chosen":"DEFECT","items_purchased":["Coolheaded","Gash","Coolheaded","Flash of Steel","Machine Learning","Explosive Potion"],"campfire_rested":5,"item_purchase_floors":[3,14,14,19,44,47],"current_hp_per_floor":[74,74,74,70,70,34,34,34,34,18,18,40,42,42,42,28,63,62,62,64,64,39,61,55,55,55,55,55,46,46,48,71,16,63,67,67,67,62,34,12,35,39,46,46,48,50,50,50,77,0],"gold":53,"neow_bonus":"RANDOM_COMMON_RELIC","is_prod":false,"is_daily":false,"chose_seed":false,"campfire_upgraded":3,"win_rate":0,"timestamp":1549798995,"path_taken":["M","?","?","M","?","E","?","R","T","M","$","R","M","$","R","BOSS","M","$","M","$","M","R","E","R","T","R","?","?","?","M","R","BOSS","M","?","?","M","?","E","R","M","T","$","M","?","$","?","R","BOSS"],"build_version":"2019-01-23","purchased_purges":3,"victory":false,"max_hp_per_floor":[75,75,75,75,75,75,75,75,75,75,75,75,75,75,75,75,75,75,75,75,75,75,75,77,77,77,77,77,79,79,79,79,79,79,81,77,77,77,77,79,79,81,88,88,90,92,92,92,92,92],"card_choices":[{"not_picked":["Conserve Battery","Go for the Eyes"],"picked":"Ball Lightning","floor":1.0},{"not_picked":["Streamline","Steam Power","Storm"],"picked":"SKIP","floor":4.0},{"not_picked":["Compile Driver","Amplify"],"picked":"BootSequence","floor":6.0},{"not_picked":["Sweeping Beam","Hello World","Compile Driver"],"picked":"SKIP","floor":7.0},{"not_picked":["Go for the Eyes","Steam Power"],"picked":"Leap","floor":10.0},{"not_picked":["Turbo","Compile Driver"],"picked":"Ball Lightning","floor":13.0},{"not_picked":["Creative AI","Amplify"],"picked":"Electrodynamics","floor":16.0},{"not_picked":["Ball Lightning","Chaos"],"picked":"Defragment","floor":18.0},{"not_picked":["Blizzard+1","Coolheaded+1","BootSequence+1"],"picked":"SKIP","floor":20.0},{"not_picked":["Compile Driver+1","Rip and Tear","Go for the Eyes"],"picked":"SKIP","floor":22.0},{"not_picked":["Lockon","Capacitor+1","Stack"],"picked":"Singing Bowl","floor":24.0},{"not_picked":["Reinforced Body","Ball Lightning","Melter"],"picked":"Singing Bowl","floor":29.0},{"not_picked":["Chaos","Heatsinks"],"picked":"Auto Shields","floor":31.0},{"not_picked":["Amplify","Thunder Strike"],"picked":"Multi-Cast","floor":33.0},{"not_picked":["Barrage","Ball Lightning","Compile Driver"],"picked":"Singing Bowl","floor":35.0},{"not_picked":["Glacier+1","Streamline"],"picked":"Hologram+1","floor":38.0},{"not_picked":["Stack+1","Recycle+1"],"picked":"Gash+1","floor":39.0},{"not_picked":["Sweeping Beam","Barrage+1","Beam Cell"],"picked":"Singing Bowl","floor":40},{"not_picked":["Blizzard","Beam Cell+1","Storm+1"],"picked":"Singing Bowl","floor":42},{"not_picked":["Hologram","Sunder+1","Genetic Algorithm+1"],"picked":"Singing Bowl","floor":45},{"not_picked":["Jack Of All Trades","Deep Breath","The Bomb"],"picked":"Singing Bowl","floor":46}],"player_experience":345739,"relics_obtained":[{"floor":6.0,"key":"Vajra"},{"floor":9.0,"key":"Blood Vial"},{"floor":24.0,"key":"Singing Bowl"},{"floor":40,"key":"Shuriken"},{"floor":43,"key":"Strawberry"}],"event_choices":[{"damage_healed":0.0,"max_hp_gain":0.0,"max_hp_loss":0.0,"gold_gain":0.0,"event_name":"Upgrade Shrine","player_choice":"Upgraded","floor":2.0,"gold_loss":0.0,"damage_taken":0.0,"cards_upgraded":["Zap"]},{"cards_removed":["Strike_B"],"damage_healed":0.0,"max_hp_gain":0.0,"max_hp_loss":0.0,"gold_gain":0.0,"event_name":"Purifier","player_choice":"Purged","floor":5.0,"gold_loss":0.0,"damage_taken":0.0},{"damage_healed":0.0,"max_hp_gain":0.0,"max_hp_loss":0.0,"gold_gain":0.0,"event_name":"Upgrade Shrine","player_choice":"Upgraded","floor":28.0,"gold_loss":0.0,"damage_taken":0.0,"cards_upgraded":["Ball Lightning"]},{"damage_healed":0.0,"max_hp_gain":0.0,"max_hp_loss":0.0,"gold_gain":0.0,"event_name":"Cursed Tome","player_choice":"Ignored","floor":30.0,"gold_loss":0.0,"damage_taken":0.0},{"damage_healed":0.0,"max_hp_gain":0.0,"max_hp_loss":4.0,"gold_gain":0.0,"event_name":"Winding Halls","player_choice":"Max HP","floor":36.0,"gold_loss":0.0,"damage_taken":0.0},{"cards_removed":["Defend_B"],"damage_healed":0.0,"max_hp_gain":0.0,"max_hp_loss":0.0,"gold_gain":0.0,"event_name":"Designer","player_choice":"Upgrade and Remove","floor":37.0,"gold_loss":90.0,"damage_taken":0.0,"cards_upgraded":["Defend_B"]},{"damage_healed":0,"gold_gain":0,"player_choice":"Memory 1","damage_taken":0,"max_hp_gain":0,"max_hp_loss":0,"event_name":"SensoryStone","floor":46,"gold_loss":0},{"cards_removed":["Coolheaded"],"damage_healed":0,"gold_gain":0,"player_choice":"Removed Skill","damage_taken":0,"max_hp_gain":0,"max_hp_loss":0,"event_name":"Falling","floor":48,"gold_loss":0}],"is_beta":false,"boss_relics":[{"not_picked":["Runic Pyramid","Pandora\u0027s Box"],"picked":"Astrolabe"},{"not_picked":["Calling Bell","Coffee Dripper"],"picked":"Nuclear Battery"}],"items_purged_floors":[3,11,44],"is_endless":false,"potions_floor_spawned":[4,13,16,18,22,31,33,39,40,45],"killed_by":"Awakened One","ascension_level":5}