{"gold_per_floor":[112,130,55,75,75,103,103,137,137,137,137,137,155,169,169,169],"floor_reached":16,"playtime":452,"items_purged":["Strike_R"],"score":138,"play_id":"ab1c47dd-1d07-46e8-ab58-a80dde691e0e","local_time":"20181208013920","is_ascension_mode":true,"campfire_choices":[{"data":"Spot Weakness","floor":7,"key":"SMITH"},{"floor":11,"key":"RECALL"},{"data":"Iron Wave","floor":15,"key":"SMITH"}],"neow_cost":"NONE","seed_source_timestamp":1672910769759700,"circlet_count":0,"master_deck":["Strike_R","Strike_R","Strike_R","Strike_R","Defend_R","Defend_R","Defend_R","Defend_R","Bash","Iron Wave+1","Iron Wave","Spot Weakness+1"],"relics":["Burning Blood","NeowsBlessing","Blood Vial","Ice Cream","Pear","Art of War"],"potions_floor_usage":[6,16,16],"damage_taken":[{"damage":0,"enemies":"Cultist","floor":1,"turns":1},{"damage":0,"enemies":"Jaw Worm","floor":2,"turns":1},{"damage":0,"enemies":"Small Slimes","floor":4,"turns":1},{"damage":28,"enemies":"Gremlin Nob","floor":6,"turns":5},{"damage":20,"enemies":"3 Sentries","floor":8,"turns":8},{"damage":7,"enemies":"3 Louse","floor":13,"turns":5},{"damage":4,"enemies":"Red Slaver","floor":14,"turns":3},{"damage":61,"enemies":"Slime Boss","floor":16,"turns":13}],"seed_played":"-7172055033514056509","potions_obtained":[{"floor":4,"key":"Poison Potion"},{"floor":8,"key":"GamblersBrew"},{"floor":13,"key":"AttackPotion"}],"is_trial":false,"path_per_floor":["M","M","$","M","$","E","R","E","T","?","R","?","M","M","R","B"],"character_chosen":"IRONCLAD","items_purchased":[],"campfire_rested":0,"item_purchase_floors":[],"current_hp_per_floor":[80,80,80,80,80,58,58,46,56,49,49,49,50,54,54,0],"gold":169,"neow_bonus":"THREE_ENEMY_KILL","is_prod":false,"is_daily":false,"chose_seed":false,"campfire_upgraded":2,"win_rate":0,"timestamp":1544229560,"path_taken":["M","?","$","M","?","E","R","E","T","?","R","?","M","M","R","BOSS"],"build_version":"2018-12-06","purchased_purges":1,"victory":false,"max_hp_per_floor":[80,80,80,80,80,80,80,80,90,90,90,90,90,90,90,90],"card_choices":[{"not_picked":["Dual Wield","Wild Strike"],"picked":"Iron Wave","floor":1},{"not_picked":["Combust","Pummel"],"picked":"Iron Wave","floor":2},{"not_picked":["Havoc","Anger","Rupture"],"picked":"SKIP","floor":4},{"not_picked":["Dropkick","Rupture"],"picked":"Spot Weakness","floor":6},{"not_picked":["Bloodletting","Burning Pact","Dark Embrace"],"picked":"SKIP","floor":8},{"not_picked":["Headbutt","Second Wind","Cleave"],"picked":"SKIP","floor":13},{"not_picked":["Flex","Pommel Strike","Sword Boomerang"],"picked":"SKIP","floor":14}],"player_experience":787400,"relics_obtained":[{"floor":6,"key":"Blood Vial"},{"floor":8,"key":"Ice Cream"},{"floor":9,"key":"Pear"}],"event_choices":[{"damage_healed":0,"gold_gain":0,"player_choice":"Success","damage_taken":7,"relics_obtained":["Art of War"],"max_hp_gain":0,"max_hp_loss":0,"event_name":"Scrap Ooze","floor":10,"gold_loss":0},{"damage_healed":0,"gold_gain":0,"player_choice":"Ignored","damage_taken":0,"max_hp_gain":0,"max_hp_loss":0,"event_name":"Liars Game","floor":12,"gold_loss":0}],"is_beta":false,"boss_relics":[],"items_purged_floors":[3],"is_endless":false,"potions_floor_spawned":[4,8,13],"killed_by":"Slime Boss","ascension_level":5}