{"gold_per_floor":[119,135,38,48,13,45,45,60,87,87,87,97,125,85,85,85],"floor_reached":16,"playtime":1088,"items_purged":["Strike_B"],"score":165,"play_id":"adea4d90-6c75-4e5b-beb8-31add3ba7bf3","local_time":"20190102203008","is_ascension_mode":true,"campfire_choices":[{"floor":7,"key":"REST"},{"floor":10,"key":"REST"},{"floor":15,"key":"REST"}],"neow_cost":"NONE","seed_source_timestamp":1202376893383478,"circlet_count":0,"master_deck":["AscendersBane","Strike_B","Defend_B","Defend_B","Defend_B","Defend_B","Zap","Dualcast","Consume+1","Gash","Gash","Doom and Gloom","Doom and Gloom","Cold Snap","Streamline","Creative AI","Self Repair"],"relics":["Empty Cage","Happy Flower","Oddly Smooth Stone","Art of War"],"potions_floor_usage":[6,12],"damage_taken":[{"damage":15,"enemies":"Cultist","floor":1,"turns":5},{"damage":3,"enemies":"2 Louse","floor":2,"turns":4},{"damage":4,"enemies":"Jaw Worm","floor":4,"turns":4},{"damage":55,"enemies":"Lagavulin","floor":6,"turns":6},{"damage":5,"enemies":"2 Fungi Beasts","floor":8,"turns":4},{"damage":11,"enemies":"Lots of Slimes","floor":12,"turns":3},{"damage":19,"enemies":"3 Sentries","floor":13,"turns":7},{"damage":41,"enemies":"The Guardian","floor":16,"turns":10}],"seed_played":"-1241662811576283292","potions_obtained":[{"floor":1,"key":"SmokeBomb"},{"floor":4,"key":"GamblersBrew"},{"floor":6,"key":"SpeedPotion"}],"is_trial":false,"path_per_floor":["M","M","$","M","?","E","R","M","T","R","?","M","E","$","R","B"],"character_chosen":"DEFECT","items_purchased":["Gash","Self Repair"],"campfire_rested":3,"item_purchase_floors":[3,14],"current_hp_per_floor":[53,50,50,46,64,9,31,26,26,48,48,37,18,18,40,0],"gold":85,"neow_bonus":"BOSS_RELIC","is_prod":false,"is_daily":false,"chose_seed":false,"campfire_upgraded":0,"win_rate":0,"timestamp":1546461008,"path_taken":["M","?","$","?","?","E","R","M","T","R","?","M","E","$","R","BOSS"],"build_version":"2018-12-20","purchased_purges":1,"victory":false,"max_hp_per_floor":[75,75,75,75,75,75,75,75,75,75,75,75,75,75,75,75],"card_choices":[{"not_picked":["Storm","Lockon"],"picked":"Consume","floor":1},{"not_picked":["Leap","Steam"],"picked":"Gash","floor":2},{"not_picked":["Coolheaded","Leap"],"picked":"Doom and Gloom","floor":4},{"not_picked":["Reinforced Body","Blizzard"],"picked":"Doom and Gloom","floor":6},{"not_picked":["Turbo","Streamline"],"picked":"Cold Snap","floor":8},{"not_picked":["Redo","Steam"],"picked":"Streamline","floor":12},{"not_picked":["Ball Lightning","Streamline"],"picked":"Creative AI","floor":13}],"player_experience":1121540,"relics_obtained":[{"floor":6,"key":"Happy Flower"},{"floor":9,"key":"Oddly Smooth Stone"},{"floor":13,"key":"Art of War"}],"event_choices":[{"damage_healed":18,"gold_gain":0,"player_choice":"Healed","damage_taken":0,"max_hp_gain":0,"max_hp_loss":0,"event_name":"The Cleric","floor":5,"gold_loss":35},{"damage_healed":0,"gold_gain":0,"player_choice":"Forge","damage_taken":0,"max_hp_gain":0,"max_hp_loss":0,"event_name":"Accursed Blacksmith","floor":11,"gold_loss":0,"cards_upgraded":["Consume"]}],"is_beta":false,"boss_relics":[],"items_purged_floors":[3],"is_endless":false,"potions_floor_spawned":[1,4,6],"killed_by":"The Guardian","ascension_level":10}