{"gold_per_floor":[99,49,49,49,49,49,34,34,34,34,34,34,34,34,34,34,34,0,0,0,0,0,0,0,0,0,0,0,0,0],"floor_reached":30,"playtime":1708,"items_purged":[],"score":399,"play_id":"60c597bf-fda2-4ddf-ac13-ebd7624a403a","local_time":"20181205192709","is_ascension_mode":true,"campfire_choices":[{"floor":8,"key":"REST"},{"floor":11,"key":"RECALL"},{"floor":15,"key":"REST"},{"data":"Zap","floor":23,"key":"SMITH"},{"floor":27,"key":"REST"},{"floor":29,"key":"REST"}],"neow_cost":"NONE","seed_source_timestamp":418001253557599,"circlet_count":0,"master_deck":["Defend_B","Defend_B","Defend_B","Zap+1","Dualcast","Doom and Gloom","Ball Lightning","Gash","Beam Cell","Ball Lightning","Sweeping Beam","Cold Snap","Hologram","All For One","Bite","Bite","Bite","Bite","Bite","J.A.X.","Sunder","Turbo","Steam+1"],"relics":["Ectoplasm","Pen Nib","Art of War","Singing Bowl","White Beast Statue","Mango","Strawberry"],"potions_floor_usage":[7,12,16,30,30,30],"damage_taken":[{"damage":2,"enemies":"2 Louse","floor":1,"turns":3},{"damage":3,"enemies":"Small Slimes","floor":3,"turns":2},{"damage":1,"enemies":"Cultist","floor":4,"turns":4},{"damage":7,"enemies":"2 Fungi Beasts","floor":5,"turns":3},{"damage":6,"enemies":"Looter","floor":7,"turns":2},{"damage":16,"enemies":"Gremlin Nob","floor":10,"turns":3},{"damage":13,"enemies":"Large Slime","floor":12,"turns":3},{"damage":4,"enemies":"2 Fungi Beasts","floor":13,"turns":2},{"damage":22,"enemies":"3 Sentries","floor":14,"turns":5},{"damage":33,"enemies":"The Guardian","floor":16,"turns":10},{"damage":28,"enemies":"2 Thieves","floor":18,"turns":3},{"damage":53,"enemies":"Slavers","floor":24,"turns":4},{"damage":30,"enemies":"Shell Parasite","floor":28,"turns":5},{"damage":69,"enemies":"Shelled Parasite and Fungi","floor":30,"turns":4}],"seed_played":"-8950849837785383044","potions_obtained":[{"floor":3,"key":"LiquidBronze"},{"floor":4,"key":"Swift Potion"},{"floor":5,"key":"Strength Potion"},{"floor":6,"key":"Regen Potion"},{"floor":18,"key":"Swift Potion"},{"floor":24,"key":"GamblersBrew"},{"floor":28,"key":"Regen Potion"}],"is_trial":false,"path_per_floor":["M","?","M","M","M","?","M","R","T","E","R","M","M","E","R","B",null,"M","?","?","?","$","R","E","?","T","R","M","R","M"],"character_chosen":"DEFECT","items_purchased":[],"campfire_rested":4,"item_purchase_floors":[],"current_hp_per_floor":[66,66,63,62,55,55,49,71,71,55,55,51,47,27,50,17,62,36,50,50,50,50,50,10,10,10,31,11,32,0],"gold":0,"neow_bonus":"BOSS_RELIC","is_prod":false,"is_daily":false,"chose_seed":false,"campfire_upgraded":1,"win_rate":0,"timestamp":1544038029,"path_taken":["M","?","M","M","M","?","M","R","T","E","R","M","?","E","R","BOSS","M","?","?","?","?","R","E","?","T","R","M","R","?"],"build_version":"2018-11-15","purchased_purges":0,"victory":false,"max_hp_per_floor":[75,75,75,75,75,75,75,75,75,75,75,75,75,77,77,77,77,79,93,65,65,65,65,72,72,72,72,72,72,72],"card_choices":[{"not_picked":["Beam Cell","Compile Driver"],"picked":"Doom and Gloom","floor":1},{"not_picked":["Reinforced Body","Coolheaded"],"picked":"Ball Lightning","floor":3},{"not_picked":["Redo","Go for the Eyes"],"picked":"Gash","floor":4},{"not_picked":["Cold Snap","Capacitor"],"picked":"Beam Cell","floor":5},{"not_picked":["Leap","Chill"],"picked":"Ball Lightning","floor":7},{"not_picked":["Seek","Cold Snap"],"picked":"Sweeping Beam","floor":10},{"not_picked":["Turbo","Conserve Battery"],"picked":"Cold Snap","floor":12},{"not_picked":["Leap","Rebound"],"picked":"Hologram","floor":13},{"not_picked":["Fusion","Storm","Reinforced Body"],"picked":"Singing Bowl","floor":14},{"not_picked":["Electrodynamics","Seek"],"picked":"All For One","floor":16},{"not_picked":["Scrape","Capacitor+1","Turbo"],"picked":"Singing Bowl","floor":18},{"not_picked":["Capacitor","Chaos"],"picked":"Sunder","floor":24},{"not_picked":["Heatsinks","Redo"],"picked":"Steam+1","floor":28}],"player_experience":960689,"relics_obtained":[{"floor":9,"key":"Pen Nib"},{"floor":10,"key":"Art of War"},{"floor":14,"key":"Singing Bowl"},{"floor":24,"key":"Strawberry"}],"event_choices":[{"cards_removed":["Strike_B"],"damage_healed":0,"gold_gain":0,"player_choice":"Card Removal","damage_taken":0,"max_hp_gain":0,"max_hp_loss":0,"event_name":"The Cleric","floor":2,"gold_loss":50},{"damage_healed":0,"gold_gain":0,"player_choice":"Got Potions","damage_taken":0,"max_hp_gain":0,"max_hp_loss":0,"event_name":"Lab","floor":6,"gold_loss":0},{"damage_healed":0,"gold_gain":0,"player_choice":"Opened","damage_taken":0,"relics_obtained":["Mango"],"max_hp_gain":0,"max_hp_loss":0,"event_name":"The Mausoleum","floor":19,"gold_loss":0},{"damage_healed":0,"gold_gain":0,"player_choice":"Became a vampire","damage_taken":0,"max_hp_gain":0,"max_hp_loss":28,"event_name":"Vampires","floor":20,"gold_loss":0,"cards_obtained":["Bite","Bite","Bite","Bite","Bite"]},{"damage_healed":0,"gold_gain":0,"player_choice":"Obtain J.A.X.","damage_taken":0,"max_hp_gain":0,"max_hp_loss":0,"event_name":"Drug Dealer","floor":21,"gold_loss":0,"cards_obtained":["J.A.X."]},{"damage_healed":0,"gold_gain":0,"cards_transformed":["Defend_B"],"player_choice":"Transformed","damage_taken":0,"max_hp_gain":0,"max_hp_loss":0,"event_name":"Transmorgrifier","floor":25,"gold_loss":0,"cards_obtained":["Turbo"]}],"is_beta":false,"boss_relics":[{"not_picked":["Runic Pyramid","Runic Dome"],"picked":"White Beast Statue"}],"items_purged_floors":[],"is_endless":false,"potions_floor_spawned":[3,4,5,18,24,28],"killed_by":"Shelled Parasite and Fungi","ascension_level":9}