{"gold_per_floor":[111,111,125,143,143,169,181,181,207,227,243,243,318,338,338,338],"floor_reached":16,"playtime":1029,"items_purged":[],"score":145,"play_id":"efc2c49c-3594-41b3-bc2a-0f939eae1ee5","local_time":"20181114160503","is_ascension_mode":true,"campfire_choices":[{"data":"Armaments","floor":8,"key":"SMITH"},{"data":"Uppercut","floor":12,"key":"SMITH"},{"data":"Armaments","floor":15,"key":"SMITH"}],"neow_cost":"PERCENT_DAMAGE","seed_source_timestamp":1215447157735602,"circlet_count":0,"master_deck":["Strike_R","Strike_R","Strike_R","Strike_R","Strike_R","Defend_R","Defend_R","Defend_R","Defend_R","Bash","Armaments+1","Thunderclap","Searing Blow","Iron Wave","Whirlwind","Ghostly Armor","Uppercut+1","Armaments+1"],"relics":["Burning Blood","Unceasing Top","Gremlin Horn","Matryoshka","Lantern","Orichalcum"],"potions_floor_usage":[11,16],"damage_taken":[{"damage":6,"enemies":"Cultist","floor":1,"turns":4},{"damage":4,"enemies":"Jaw Worm","floor":3,"turns":5},{"damage":2,"enemies":"2 Louse","floor":4,"turns":3},{"damage":27,"enemies":"3 Sentries","floor":6,"turns":9},{"damage":21,"enemies":"Exordium Thugs","floor":7,"turns":5},{"damage":1,"enemies":"Exordium Wildlife","floor":10,"turns":3},{"damage":1,"enemies":"Looter","floor":11,"turns":4},{"damage":5,"enemies":"3 Louse","floor":14,"turns":3},{"damage":47,"enemies":"The Guardian","floor":16,"turns":12}],"seed_played":"6790308116164083957","potions_obtained":[{"floor":1,"key":"Ancient Potion"},{"floor":4,"key":"BloodPotion"},{"floor":7,"key":"Poison Potion"}],"is_trial":false,"path_per_floor":["M","?","M","M","T","E","M","R","T","M","M","R","?","M","R","B"],"character_chosen":"IRONCLAD","items_purchased":[],"campfire_rested":0,"item_purchase_floors":[],"current_hp_per_floor":[72,65,67,71,71,50,35,35,35,40,45,45,36,37,37,0],"gold":338,"neow_bonus":"TWENTY_PERCENT_HP_BONUS","is_prod":false,"is_daily":false,"chose_seed":false,"campfire_upgraded":3,"win_rate":0,"timestamp":1542229503,"path_taken":["M","?","M","M","?","E","M","R","T","M","M","R","?","M","R","BOSS"],"build_version":"2018-11-08","purchased_purges":0,"victory":false,"max_hp_per_floor":[96,96,96,96,96,96,96,96,96,96,96,96,96,96,96,96],"card_choices":[{"not_picked":["Sentinel","Warcry"],"picked":"Armaments","floor":1},{"not_picked":["Warcry","Pommel Strike"],"picked":"Thunderclap","floor":3},{"not_picked":["Warcry","Wild Strike"],"picked":"Searing Blow","floor":4},{"not_picked":["Twin Strike","Brutality"],"picked":"Iron Wave","floor":6},{"not_picked":["Fire Breathing","Sword Boomerang"],"picked":"Whirlwind","floor":7},{"not_picked":["True Grit","Havoc"],"picked":"Ghostly Armor","floor":10},{"not_picked":["Entrench","Dual Wield"],"picked":"Uppercut","floor":11},{"not_picked":["Uppercut","Warcry"],"picked":"Armaments","floor":14}],"player_experience":263215,"relics_obtained":[{"floor":5,"key":"Gremlin Horn"},{"floor":6,"key":"Matryoshka"},{"floor":9,"key":"Lantern"},{"floor":9,"key":"Orichalcum"}],"event_choices":[{"damage_healed":0,"gold_gain":0,"player_choice":"Success","damage_taken":7,"relics_obtained":["Unceasing Top"],"max_hp_gain":0,"max_hp_loss":0,"event_name":"Scrap Ooze","floor":2,"gold_loss":0},{"damage_healed":0,"gold_gain":75,"player_choice":"Touch","damage_taken":9,"max_hp_gain":0,"max_hp_loss":0,"event_name":"FaceTrader","floor":13,"gold_loss":0}],"is_beta":false,"boss_relics":[],"items_purged_floors":[],"is_endless":false,"potions_floor_spawned":[1,4,7],"killed_by":"The Guardian","ascension_level":3}