{"gold_per_floor":[109,59,59,70,89,89,89,104,104,131,142,159,159,170,170,270,270,284,269,269],"floor_reached":20,"playtime":1108,"items_purged":[],"score":178,"play_id":"33adf49b-6324-48a0-8e52-dc4e31c0f5b4","local_time":"20190121190747","is_ascension_mode":false,"campfire_choices":[{"floor":6,"key":"RECALL"},{"floor":13,"key":"REST"},{"floor":15,"key":"REST"}],"neow_cost":"NONE","seed_source_timestamp":220540897086922,"circlet_count":0,"master_deck":["Strike_B","Strike_B","Strike_B","Defend_B","Defend_B","Defend_B","Zap","Dualcast","FTL","Conserve Battery","Lockon","Core Surge","Conserve Battery","Capacitor","Streamline","Creative AI","Turbo","Lockon","Hello World","Buffer","Force Field","Rebound+1"],"relics":["Cracked Core","NeowsBlessing","Matryoshka","Orrery"],"potions_floor_usage":[10,10,19,19],"damage_taken":[{"damage":0,"enemies":"Cultist","floor":1,"turns":1},{"damage":0,"enemies":"Jaw Worm","floor":4,"turns":1},{"damage":0,"enemies":"Small Slimes","floor":5,"turns":1},{"damage":9,"enemies":"3 Louse","floor":8,"turns":3},{"damage":26,"enemies":"3 Sentries","floor":10,"turns":7},{"damage":21,"enemies":"Lots of Slimes","floor":11,"turns":3},{"damage":2,"enemies":"Blue Slaver","floor":12,"turns":3},{"damage":0,"enemies":"Looter","floor":14,"turns":3},{"damage":33,"enemies":"Hexaghost","floor":16,"turns":9},{"damage":26,"enemies":"Spheric Guardian","floor":18,"turns":7},{"damage":24,"enemies":"2 Thieves","floor":19,"turns":4},{"damage":50,"enemies":"Colosseum Slavers","floor":20,"turns":4}],"seed_played":"2463053252981484532","potions_obtained":[{"floor":4,"key":"SkillPotion"},{"floor":8,"key":"SkillPotion"},{"floor":12,"key":"Ancient Potion"},{"floor":16,"key":"Regen Potion"},{"floor":18,"key":"Weak Potion"}],"is_trial":false,"path_per_floor":["M","?","?","M","M","R","?","M","T","E","M","M","R","M","R","B",null,"M","M","?"],"character_chosen":"DEFECT","items_purchased":[],"campfire_rested":2,"item_purchase_floors":[],"current_hp_per_floor":[75,75,68,68,68,68,73,64,64,38,17,15,39,39,63,30,80,54,44,0],"gold":269,"neow_bonus":"THREE_ENEMY_KILL","is_prod":false,"is_daily":false,"chose_seed":false,"campfire_upgraded":0,"win_rate":0,"timestamp":1548104867,"path_taken":["M","?","?","M","M","R","?","M","T","E","M","M","R","M","R","BOSS","M","M","?"],"build_version":"2019-01-17v2","purchased_purges":0,"victory":false,"max_hp_per_floor":[75,75,75,75,75,75,80,80,80,80,80,80,80,80,80,80,80,80,80,80],"card_choices":[{"not_picked":["Beam Cell","Go for the Eyes","Steam"],"picked":"SKIP","floor":1},{"not_picked":["Gash","Hologram"],"picked":"FTL","floor":4},{"not_picked":["Blizzard","Fusion"],"picked":"Conserve Battery","floor":5},{"not_picked":["Barrage","Recycle"],"picked":"Lockon","floor":8},{"not_picked":["Steam","Stack"],"picked":"Core Surge","floor":10},{"not_picked":["Stack","Fusion"],"picked":"Conserve Battery","floor":11},{"not_picked":["Double Energy","Ball Lightning"],"picked":"Capacitor","floor":12},{"not_picked":["Barrage","Force Field"],"picked":"Streamline","floor":14},{"not_picked":["Echo Form","Rainbow"],"picked":"Creative AI","floor":16},{"not_picked":["Beam Cell","Coolheaded"],"picked":"Turbo","floor":17},{"not_picked":["Turbo","Rebound"],"picked":"Lockon","floor":17},{"not_picked":["Hologram","Beam Cell"],"picked":"Hello World","floor":17},{"not_picked":["Streamline","Ball Lightning"],"picked":"Buffer","floor":17},{"not_picked":["Turbo","Hello World"],"picked":"Force Field","floor":17},{"not_picked":["Stack","Steam Power","Streamline"],"picked":"SKIP","floor":18},{"not_picked":["Lockon","Streamline"],"picked":"Rebound+1","floor":19}],"player_experience":311121,"relics_obtained":[{"floor":10,"key":"Matryoshka"}],"event_choices":[{"cards_removed":["Defend_B"],"damage_healed":0,"gold_gain":0,"player_choice":"Card Removal","damage_taken":0,"max_hp_gain":0,"max_hp_loss":0,"event_name":"The Cleric","floor":2,"gold_loss":50},{"cards_removed":["Strike_B"],"damage_healed":0,"gold_gain":0,"player_choice":"Card Removal","damage_taken":7,"max_hp_gain":0,"max_hp_loss":0,"event_name":"Golden Wing","floor":3,"gold_loss":0},{"damage_healed":0,"gold_gain":0,"player_choice":"Donut","damage_taken":0,"max_hp_gain":5,"max_hp_loss":0,"event_name":"Big Fish","floor":7,"gold_loss":0},{"damage_healed":0,"gold_gain":0,"player_choice":"Fight","damage_taken":0,"max_hp_gain":0,"max_hp_loss":0,"event_name":"Colosseum","floor":20,"gold_loss":0}],"is_beta":false,"boss_relics":[{"not_picked":["Busted Crown","Eternal Feather"],"picked":"Orrery"}],"items_purged_floors":[],"is_endless":false,"potions_floor_spawned":[4,8,12,16,18],"killed_by":"Colosseum Slavers","ascension_level":0}