{"gold_per_floor":[117,20,30,48,48,48,59,59,134,134,34,48,48,65,65,160,160,171,46,46,66,81,113,113,123,149,183,98,98,112,112,112,215,215,234,50,50,63,76,110,110,142,142,174,188,188,0,11,11,11],"floor_reached":51,"playtime":3087,"items_purged":["Doubt","Strike_G","Skewer","Storm of Steel+1"],"score":955,"play_id":"fa2b9876-d8aa-4470-9319-559eaff21a2b","local_time":"20190211010828","is_ascension_mode":true,"campfire_choices":[{"data":"Storm of Steel","floor":6,"key":"SMITH"},{"data":"Envenom","floor":8,"key":"SMITH"},{"data":"Blur","floor":10,"key":"SMITH"},{"data":"Bane","floor":15,"key":"SMITH"},{"data":"Accuracy","floor":24,"key":"SMITH"},{"data":"Noxious Fumes","floor":32,"key":"SMITH"},{"floor":49,"key":"REST"}],"neow_cost":"CURSE","seed_source_timestamp":1285204565124304,"circlet_count":0,"master_deck":["Survivor+1","Deadly Poison+1","Bane+1","Poisoned Stab","Blur+1","Neutralize","Crippling Poison+1","Blur+1","Venomology+1","Flying Knee","Blur+1","PiercingWail+1","Escape Plan+1","Noxious Fumes+1","Footwork","Poisoned Stab+1","Deadly Poison+1","Burst+1","Deadly Poison+1","Outmaneuver+1","Terror+1","Ghostly+1","Ghostly+1","Ghostly+1","Ghostly+1","Ghostly+1","Outmaneuver+1","Crippling Poison+1","Quick Slash","Crippling Poison+1","Blur+1","Deadly Poison+1","Bane+1","Wraith Form v2","Escape Plan+1","Outmaneuver+1"],"relics":["Ring of the Snake","Toxic Egg 2","Pandora\u0027s Box","Omamori","Art of War","Shuriken","Anchor","Eternal Feather","War Paint","Darkstone Periapt","Tough Bandages","Centennial Puzzle","The Courier","Red Mask"],"potions_floor_usage":[4,16,21,21,21,22,22,23,27,27,33,33,40,40,42,42,44,45,48,48,50,50],"damage_taken":[{"damage":0,"enemies":"Cultist","floor":1,"turns":3},{"damage":5,"enemies":"Small Slimes","floor":3,"turns":4},{"damage":3,"enemies":"Jaw Worm","floor":4,"turns":2},{"damage":5,"enemies":"Looter","floor":7,"turns":4},{"damage":19,"enemies":"Lots of Slimes","floor":12,"turns":5},{"damage":6,"enemies":"Blue Slaver","floor":14,"turns":3},{"damage":11,"enemies":"The Guardian","floor":16,"turns":11},{"damage":3,"enemies":"3 Byrds","floor":18,"turns":4},{"damage":14,"enemies":"2 Thieves","floor":21,"turns":4},{"damage":2,"enemies":"Snecko","floor":22,"turns":5},{"damage":15,"enemies":"Gremlin Leader","floor":23,"turns":7},{"damage":7,"enemies":"Snake Plant","floor":25,"turns":5},{"damage":6,"enemies":"Book of Stabbing","floor":27,"turns":5},{"damage":0,"enemies":"Shelled Parasite and Fungi","floor":30,"turns":5},{"damage":13,"enemies":"Automaton","floor":33,"turns":9},{"damage":0,"enemies":"3 Shapes","floor":35,"turns":4},{"damage":0,"enemies":"Orb Walker","floor":38,"turns":4},{"damage":9,"enemies":"4 Shapes","floor":39,"turns":4},{"damage":0,"enemies":"Giant Head","floor":40,"turns":9},{"damage":2,"enemies":"Nemesis","floor":42,"turns":9},{"damage":0,"enemies":"Giant Head","floor":44,"turns":11},{"damage":0,"enemies":"Sphere and 2 Shapes","floor":45,"turns":4},{"damage":15,"enemies":"Writhing Mass","floor":48,"turns":5},{"damage":28,"enemies":"Donu and Deca","floor":50,"turns":11}],"seed_played":"-524439674814727367","potions_obtained":[{"floor":3,"key":"Regen Potion"},{"floor":4,"key":"Strength Potion"},{"floor":18,"key":"Poison Potion"},{"floor":21,"key":"Explosive Potion"},{"floor":30,"key":"SpeedPotion"},{"floor":39,"key":"Fire Potion"},{"floor":44,"key":"Weak Potion"},{"floor":48,"key":"PowerPotion"}],"is_trial":false,"path_per_floor":["M","$","M","M","?","R","M","R","T","R","$","M","?","M","R","B",null,"M","$","?","M","M","E","R","M","T","E","?","?","M","?","R","B",null,"M","$","?","M","M","E","$","E","T","E","M","T","?","M","R","B",null],"character_chosen":"THE_SILENT","items_purchased":["Bane","Crippling Poison+1"],"campfire_rested":1,"item_purchase_floors":[2,36],"current_hp_per_floor":[70,70,65,70,70,70,65,65,65,65,65,46,39,33,33,22,70,67,67,80,66,64,49,49,42,42,36,36,36,36,36,36,23,40,40,40,40,40,31,31,31,29,29,29,29,29,29,26,40,12],"gold":11,"neow_bonus":"THREE_RARE_CARDS","is_prod":false,"is_daily":false,"chose_seed":false,"campfire_upgraded":6,"win_rate":0,"timestamp":1549865308,"path_taken":["M","?","?","M","?","R","?","R","T","R","?","M","?","M","R","BOSS","M","$","?","?","M","E","R","M","T","E","?","?","?","?","R","BOSS","M","$","?","M","?","E","?","E","T","E","M","?","?","M","R","BOSS"],"build_version":"2019-01-23","purchased_purges":4,"victory":true,"max_hp_per_floor":[70,70,70,70,70,70,70,70,70,70,70,70,70,70,70,70,70,70,70,80,80,80,80,80,80,80,80,80,80,80,40,40,40,40,40,40,40,40,40,40,40,40,40,40,40,40,40,40,40,40],"card_choices":[{"not_picked":["A Thousand Cuts","Adrenaline"],"picked":"Storm of Steel","floor":0},{"not_picked":["Underhanded Strike","Dagger Spray"],"picked":"Deadly Poison","floor":1},{"not_picked":["Bane","Dodge and Roll"],"picked":"Poisoned Stab","floor":3},{"not_picked":["Underhanded Strike","Flying Knee"],"picked":"Blur","floor":4},{"not_picked":["Quick Slash","Sucker Punch","Blade Dance"],"picked":"SKIP","floor":7},{"not_picked":["Flechettes","Escape Plan+1"],"picked":"Crippling Poison+1","floor":12},{"not_picked":["Outmaneuver+1","Prepared+1"],"picked":"Blur+1","floor":14},{"not_picked":["Unload","Doppelganger+1"],"picked":"Venomology+1","floor":16},{"not_picked":["Blade Dance+1","Underhanded Strike"],"picked":"Poisoned Stab+1","floor":18},{"not_picked":["Flying Knee","Predator"],"picked":"Deadly Poison+1","floor":21},{"not_picked":["Setup+1","Deadly Poison+1"],"picked":"Burst+1","floor":22},{"not_picked":["Flechettes","Poisoned Stab"],"picked":"Deadly Poison+1","floor":23},{"not_picked":["Dagger Spray","Slice"],"picked":"Outmaneuver+1","floor":25},{"not_picked":["Caltrops","Bane","Riddle With Holes"],"picked":"SKIP","floor":27},{"not_picked":["Riddle With Holes","Prepared+1"],"picked":"Terror+1","floor":30},{"not_picked":["Reflex+1","Prepared+1"],"picked":"Outmaneuver+1","floor":35},{"not_picked":["Predator","Slice"],"picked":"Crippling Poison+1","floor":38},{"not_picked":["Bane+1","Slice+1"],"picked":"Blur+1","floor":39},{"not_picked":["Flying Knee+1","Underhanded Strike"],"picked":"Deadly Poison+1","floor":40},{"not_picked":["Quick Slash","Dagger Throw+1"],"picked":"Bane+1","floor":42},{"not_picked":["Choke+1","Sucker Punch+1"],"picked":"Wraith Form v2","floor":44},{"not_picked":["Bane","Dodge and Roll+1"],"picked":"Escape Plan+1","floor":45},{"not_picked":["Backflip+1","Dodge and Roll+1"],"picked":"Outmaneuver+1","floor":48}],"player_experience":106127,"relics_obtained":[{"floor":9,"key":"Toxic Egg 2"},{"floor":23,"key":"Omamori"},{"floor":26,"key":"Art of War"},{"floor":27,"key":"Shuriken"},{"floor":40,"key":"War Paint"},{"floor":42,"key":"Darkstone Periapt"},{"floor":43,"key":"Tough Bandages"},{"floor":44,"key":"Centennial Puzzle"},{"floor":46,"key":"The Courier"}],"event_choices":[{"damage_healed":0,"gold_gain":0,"player_choice":"2 cards matched","damage_taken":0,"max_hp_gain":0,"max_hp_loss":0,"event_name":"Match and Keep!","floor":5,"gold_loss":0,"cards_obtained":["Envenom","Neutralize"]},{"cards_removed":["Strike_G"],"damage_healed":0,"gold_gain":0,"player_choice":"Card Removal","damage_taken":7,"max_hp_gain":0,"max_hp_loss":0,"event_name":"Golden Wing","floor":13,"gold_loss":0},{"cards_removed":["Envenom"],"damage_healed":3,"gold_gain":0,"player_choice":"Offered Rare","damage_taken":0,"max_hp_gain":10,"max_hp_loss":0,"event_name":"Bonfire Elementals","floor":20,"gold_loss":0},{"damage_healed":0,"gold_gain":0,"player_choice":"Obtained Relic","damage_taken":0,"relics_obtained":["Anchor"],"max_hp_gain":0,"max_hp_loss":0,"event_name":"Addict","floor":28,"gold_loss":85},{"cards_removed":["Accuracy"],"damage_healed":0,"gold_gain":0,"player_choice":"Purged","damage_taken":0,"max_hp_gain":0,"max_hp_loss":0,"event_name":"Purifier","floor":29,"gold_loss":0},{"damage_healed":0,"gold_gain":0,"player_choice":"Became a Ghost","damage_taken":0,"max_hp_gain":0,"max_hp_loss":40,"event_name":"Ghosts","floor":31,"gold_loss":0,"cards_obtained":["Ghostly","Ghostly","Ghostly","Ghostly","Ghostly"]},{"damage_healed":0,"gold_gain":0,"cards_transformed":["Neutralize"],"player_choice":"Transformed","damage_taken":0,"max_hp_gain":0,"max_hp_loss":0,"event_name":"Transmorgrifier","floor":37,"gold_loss":0,"cards_obtained":["Quick Slash"]},{"damage_healed":0,"gold_gain":0,"player_choice":"Paid","damage_taken":0,"relics_obtained":["Red Mask"],"max_hp_gain":0,"max_hp_loss":0,"event_name":"Tomb of Lord Red Mask","floor":47,"gold_loss":188}],"is_beta":false,"boss_relics":[{"not_picked":["Sozu","Fusion Hammer"],"picked":"Pandora\u0027s Box"},{"not_picked":["Busted Crown","Orrery"],"picked":"Eternal Feather"}],"items_purged_floors":[2,11,19,36],"is_endless":false,"potions_floor_spawned":[3,4,18,21,30,39,44,48],"ascension_level":1}