{"gold_per_floor":[119,131,131,147,147,147,162,162,162,162,182,71,83,83,83,188,188,208,208,208,6,24,24,24,24,24,24,24,40,140,153,153,249,249,267,267,42,52,67,67,67,67,118,0,14,14,14,31,31,31],"floor_reached":51,"playtime":1264,"items_purged":["Strike_B"],"score":835,"play_id":"900ae71a-dd44-47cc-ba64-8e5d5cf7bd94","local_time":"20190205155802","is_ascension_mode":false,"campfire_choices":[{"data":"Zap","floor":6,"key":"SMITH"},{"data":"Dualcast","floor":8,"key":"SMITH"},{"data":"Glacier","floor":10,"key":"SMITH"},{"data":"Buffer","floor":15,"key":"SMITH"},{"data":"Writhe","floor":23,"key":"PURGE"},{"data":"Storm","floor":25,"key":"SMITH"},{"data":"Storm","floor":28,"key":"SMITH"},{"data":"Thunder Strike","floor":32,"key":"SMITH"},{"data":"Machine Learning","floor":40,"key":"SMITH"},{"data":"Heatsinks","floor":42,"key":"SMITH"},{"data":"Strike_B","floor":47,"key":"PURGE"},{"data":"Conserve Battery","floor":49,"key":"SMITH"}],"neow_cost":"NONE","seed_source_timestamp":3605989567938,"circlet_count":0,"master_deck":["Defend_B","Defend_B","Defend_B","Zap+1","Dualcast+1","Ball Lightning","Ball Lightning","Glacier+1","Discovery+1","Cold Snap","Conserve Battery+1","Defragment+1","Buffer+1","Thunder Strike+1","Conserve Battery","Storm+1","Consume+1","Storm+1","Doubt","Clumsy","Leap+1","Chaos+1","Conserve Battery","Machine Learning+1","Heatsinks+1","Writhe","Defragment+1","Conserve Battery","Ball Lightning","Ball Lightning+1","Doubt","Pain","Chaos+1"],"relics":["Cracked Core","NeowsBlessing","Thread and Needle","Ginger","Cursed Key","Peace Pipe","Medical Kit","StoneCalendar","Pantograph","Mango","Dodecahedron","Sozu","DollysMirror","Potion Belt","Red Mask"],"potions_floor_usage":[30,30,33,50,50],"damage_taken":[{"damage":0,"enemies":"Jaw Worm","floor":1,"turns":1},{"damage":0,"enemies":"2 Louse","floor":2,"turns":1},{"damage":0,"enemies":"Cultist","floor":4,"turns":1},{"damage":2,"enemies":"Large Slime","floor":7,"turns":4},{"damage":0,"enemies":"Blue Slaver","floor":11,"turns":3},{"damage":0,"enemies":"3 Louse","floor":13,"turns":3},{"damage":0,"enemies":"The Guardian","floor":16,"turns":10},{"damage":0,"enemies":"Shell Parasite","floor":18,"turns":4},{"damage":1,"enemies":"Spheric Guardian","floor":22,"turns":3},{"damage":0,"enemies":"Cultist and Chosen","floor":29,"turns":5},{"damage":9,"enemies":"Colosseum Slavers","floor":30,"turns":3},{"damage":0,"enemies":"Colosseum Nobs","floor":30,"turns":3},{"damage":0,"enemies":"3 Cultists","floor":31,"turns":5},{"damage":16,"enemies":"Collector","floor":33,"turns":7},{"damage":5,"enemies":"3 Shapes","floor":35,"turns":3},{"damage":3,"enemies":"3 Darklings","floor":38,"turns":5},{"damage":3,"enemies":"Transient","floor":39,"turns":5},{"damage":0,"enemies":"4 Shapes","floor":45,"turns":6},{"damage":0,"enemies":"Maw","floor":48,"turns":5},{"damage":8,"enemies":"Donu and Deca","floor":50,"turns":7}],"seed_played":"1696445496521851094","potions_obtained":[{"floor":1,"key":"FearPotion"},{"floor":11,"key":"GamblersBrew"},{"floor":22,"key":"Block Potion"},{"floor":30,"key":"Poison Potion"},{"floor":31,"key":"EssenceOfSteel"}],"is_trial":false,"path_per_floor":["M","M","?","M","?","R","M","R","T","R","M","$","M","?","R","B",null,"M","?","?","$","M","R","?","R","T","T","R","M","?","M","R","B",null,"M","?","$","M","M","R","?","R","T","?","M","?","R","M","R","B",null],"character_chosen":"DEFECT","items_purchased":["Defragment","Medical Kit","DollysMirror","Conserve Battery"],"campfire_rested":0,"item_purchase_floors":[12,21,37,37],"current_hp_per_floor":[75,75,72,72,72,72,70,70,70,70,70,70,70,70,70,70,75,75,75,75,75,74,74,74,74,74,74,74,74,79,79,79,73,89,84,89,89,86,83,83,89,89,89,89,89,89,89,89,89,81],"gold":31,"neow_bonus":"THREE_ENEMY_KILL","is_prod":false,"is_daily":false,"chose_seed":false,"campfire_upgraded":10,"win_rate":0,"timestamp":1549403882,"path_taken":["M","M","?","M","?","R","M","R","T","R","?","$","M","?","R","BOSS","M","?","?","$","M","R","?","R","T","?","R","M","?","?","R","BOSS","M","?","$","M","M","R","?","R","T","?","M","?","R","M","R","BOSS"],"build_version":"2019-01-23","purchased_purges":1,"victory":true,"max_hp_per_floor":[75,75,75,75,75,75,75,75,75,75,75,75,75,75,75,75,75,75,75,75,75,75,75,75,75,75,75,75,75,89,89,89,89,89,89,89,89,89,89,89,89,89,89,89,89,89,89,89,89,89],"card_choices":[{"not_picked":["Double Energy","Steam Power"],"picked":"Ball Lightning","floor":1},{"not_picked":["Sweeping Beam","Barrage"],"picked":"Ball Lightning","floor":2},{"not_picked":["Go for the Eyes","Static Discharge"],"picked":"Glacier","floor":4},{"not_picked":["Undo","Compile Driver"],"picked":"Cold Snap","floor":7},{"not_picked":["Stack","Undo"],"picked":"Conserve Battery","floor":11},{"not_picked":["Go for the Eyes","Stack"],"picked":"Buffer","floor":13},{"not_picked":["All For One","Machine Learning"],"picked":"Thunder Strike","floor":16},{"not_picked":["Go for the Eyes","Hologram"],"picked":"Conserve Battery","floor":18},{"not_picked":["Turbo","Rip and Tear"],"picked":"Storm","floor":22},{"not_picked":["Redo","Beam Cell"],"picked":"Leap+1","floor":29},{"not_picked":["Sweeping Beam","Reinforced Body+1"],"picked":"Chaos+1","floor":30},{"not_picked":["Stack","Darkness"],"picked":"Conserve Battery","floor":31},{"not_picked":["Fission","Amplify"],"picked":"Machine Learning","floor":33},{"not_picked":["Gash+1","Coolheaded+1"],"picked":"Heatsinks","floor":35},{"not_picked":["BootSequence","Turbo"],"picked":"Ball Lightning","floor":38},{"not_picked":["Compile Driver+1","Turbo+1"],"picked":"Ball Lightning+1","floor":39},{"not_picked":["Double Energy+1","Barrage","Sunder"],"picked":"SKIP","floor":45},{"not_picked":["Go for the Eyes","Aggregate+1"],"picked":"Chaos+1","floor":48}],"player_experience":757678,"relics_obtained":[{"floor":9,"key":"Ginger"},{"floor":26,"key":"StoneCalendar"},{"floor":27,"key":"Pantograph"},{"floor":30,"key":"Mango"},{"floor":30,"key":"Dodecahedron"},{"floor":43,"key":"Potion Belt"}],"event_choices":[{"damage_healed":0,"gold_gain":0,"player_choice":"Success","damage_taken":3,"relics_obtained":["Thread and Needle"],"max_hp_gain":0,"max_hp_loss":0,"event_name":"Scrap Ooze","floor":3,"gold_loss":0},{"cards_removed":["Strike_B"],"damage_healed":0,"gold_gain":0,"player_choice":"Took Card","damage_taken":0,"max_hp_gain":0,"max_hp_loss":0,"event_name":"NoteForYourself","floor":5,"gold_loss":0,"cards_obtained":["Discovery"]},{"damage_healed":0,"gold_gain":0,"player_choice":"Grow","damage_taken":0,"max_hp_gain":0,"max_hp_loss":0,"event_name":"Living Wall","floor":14,"gold_loss":0,"cards_upgraded":["Defragment"]},{"damage_healed":0,"gold_gain":0,"cards_transformed":["Strike_B","Defend_B"],"player_choice":"Became Test Subject","damage_taken":0,"max_hp_gain":0,"max_hp_loss":0,"event_name":"Drug Dealer","floor":19,"gold_loss":0,"cards_obtained":["Storm","Consume"]},{"damage_healed":0,"gold_gain":0,"player_choice":"Opened","damage_taken":0,"relics_obtained":["Peace Pipe"],"max_hp_gain":0,"max_hp_loss":0,"event_name":"The Mausoleum","floor":20,"gold_loss":0,"cards_obtained":["Writhe"]},{"damage_healed":0,"gold_gain":0,"player_choice":"Ignored","damage_taken":0,"max_hp_gain":0,"max_hp_loss":0,"event_name":"Vampires","floor":24,"gold_loss":0},{"damage_healed":0,"gold_gain":0,"player_choice":"Fight","damage_taken":0,"max_hp_gain":0,"max_hp_loss":0,"event_name":"Colosseum","floor":30,"gold_loss":0},{"damage_healed":0,"gold_gain":0,"player_choice":"Fought Nobs","damage_taken":0,"max_hp_gain":0,"max_hp_loss":0,"event_name":"Colosseum","floor":30,"gold_loss":0},{"damage_healed":22,"gold_gain":0,"player_choice":"Writhe","damage_taken":0,"max_hp_gain":0,"max_hp_loss":0,"event_name":"Winding Halls","floor":36,"gold_loss":0,"cards_obtained":["Writhe"]},{"damage_healed":6,"gold_gain":0,"player_choice":"Heal","damage_taken":0,"max_hp_gain":0,"max_hp_loss":0,"event_name":"MindBloom","floor":41,"gold_loss":0,"cards_obtained":["Doubt"]},{"damage_healed":0,"gold_gain":0,"player_choice":"Paid","damage_taken":0,"relics_obtained":["Red Mask"],"max_hp_gain":0,"max_hp_loss":0,"event_name":"Tomb of Lord Red Mask","floor":44,"gold_loss":118},{"damage_healed":0,"gold_gain":0,"player_choice":"Upgraded","damage_taken":0,"max_hp_gain":0,"max_hp_loss":0,"event_name":"Upgrade Shrine","floor":46,"gold_loss":0,"cards_upgraded":["Consume"]}],"is_beta":false,"boss_relics":[{"not_picked":["Nuclear Battery","White Beast Statue"],"picked":"Cursed Key"},{"not_picked":["Velvet Choker","Pandora\u0027s Box"],"picked":"Sozu"}],"items_purged_floors":[12],"is_endless":false,"potions_floor_spawned":[1,11,22,30,31,35,39],"ascension_level":0}