{"gold_per_floor":[117,192,208,5,5,5,5,36,87,97,97,108,128,141,141,141],"floor_reached":16,"playtime":603,"items_purged":[],"score":107,"play_id":"4f79e8c7-0116-400b-b079-ed842c544d90","local_time":"20190129211846","is_ascension_mode":true,"campfire_choices":[{"data":"White Noise","floor":6,"key":"SMITH"},{"data":"Self Repair","floor":11,"key":"SMITH"},{"data":"Zap","floor":15,"key":"SMITH"}],"neow_cost":"NONE","seed_source_timestamp":12693727518300,"circlet_count":0,"master_deck":["Strike_B","Strike_B","Strike_B","Defend_B","Defend_B","Defend_B","Zap+1","Dualcast","Coolheaded","White Noise+1","Skim","Master of Strategy","Conserve Battery","Self Repair+1","Conserve Battery","Self Repair","BootSequence"],"relics":["Cracked Core","Dream Catcher","Blood Vial"],"potions_floor_usage":[16,16],"damage_taken":[{"damage":0,"enemies":"Cultist","floor":1,"turns":3},{"damage":1,"enemies":"Small Slimes","floor":3,"turns":3},{"damage":14,"enemies":"Lagavulin","floor":8,"turns":6},{"damage":6,"enemies":"2 Louse","floor":10,"turns":2},{"damage":1,"enemies":"Red Slaver","floor":12,"turns":3},{"damage":10,"enemies":"Looter","floor":13,"turns":4},{"damage":11,"enemies":"3 Louse","floor":14,"turns":3},{"damage":77,"enemies":"Hexaghost","floor":16,"turns":16}],"seed_played":"-5899136851765441900","potions_obtained":[{"floor":1,"key":"Explosive Potion"},{"floor":8,"key":"EssenceOfSteel"},{"floor":14,"key":"Block Potion"}],"is_trial":false,"path_per_floor":["M","?","M","$","?","R","?","E","T","M","R","M","M","M","R","B"],"character_chosen":"DEFECT","items_purchased":["Master of Strategy","Conserve Battery"],"campfire_rested":0,"item_purchase_floors":[4,4],"current_hp_per_floor":[75,64,63,63,63,63,63,49,49,52,52,63,65,73,73,0],"gold":141,"neow_bonus":"THREE_CARDS","is_prod":false,"is_daily":false,"chose_seed":false,"campfire_upgraded":3,"win_rate":1,"timestamp":1548821926,"path_taken":["M","?","M","$","?","R","?","E","T","M","R","M","M","?","R","BOSS"],"build_version":"2019-01-23","purchased_purges":0,"victory":false,"max_hp_per_floor":[75,75,75,75,75,75,75,75,75,75,75,75,75,75,75,75],"card_choices":[{"not_picked":["Steam","Redo"],"picked":"Coolheaded","floor":0},{"not_picked":["Rip and Tear","Fusion"],"picked":"White Noise","floor":1},{"not_picked":["Fusion","Compile Driver"],"picked":"Skim","floor":3},{"not_picked":["Sweeping Beam","Blizzard"],"picked":"Self Repair","floor":8},{"not_picked":["Barrage","Consume","Sweeping Beam"],"picked":"SKIP","floor":10},{"not_picked":["Undo","Cold Snap"],"picked":"Conserve Battery","floor":12},{"not_picked":["Redo","Streamline"],"picked":"Self Repair","floor":13},{"not_picked":["Turbo","Conserve Battery"],"picked":"BootSequence","floor":14}],"player_experience":277835,"relics_obtained":[{"floor":8,"key":"Dream Catcher"},{"floor":9,"key":"Blood Vial"}],"event_choices":[{"damage_healed":0,"gold_gain":75,"player_choice":"Gather Gold","damage_taken":11,"max_hp_gain":0,"max_hp_loss":0,"event_name":"World of Goop","floor":2,"gold_loss":0},{"cards_removed":["Defend_B"],"damage_healed":0,"gold_gain":0,"player_choice":"Forget","damage_taken":0,"max_hp_gain":0,"max_hp_loss":0,"event_name":"Living Wall","floor":5,"gold_loss":0},{"cards_removed":["Strike_B"],"damage_healed":0,"gold_gain":0,"player_choice":"Purged","damage_taken":0,"max_hp_gain":0,"max_hp_loss":0,"event_name":"Purifier","floor":7,"gold_loss":0}],"is_beta":false,"boss_relics":[],"items_purged_floors":[],"is_endless":false,"potions_floor_spawned":[1,8,14],"killed_by":"Hexaghost","ascension_level":1}