{"gold_per_floor":[110,110,124,141,14,14,14,48,48,63,63,63,63,76,76,174,174,185,196,196,215,215,240,256,256,307,307,34,34,34,53,53,53],"floor_reached":33,"playtime":1241,"items_purged":[],"score":318,"play_id":"0d082c3d-b2af-46f8-890a-a2ddd6bb8c6c","local_time":"20181216142739","is_ascension_mode":true,"campfire_choices":[{"data":"Footwork","floor":6,"key":"SMITH"},{"data":"Poisoned Stab","floor":13,"key":"SMITH"},{"floor":15,"key":"REST"},{"floor":25,"key":"RECALL"},{"floor":27,"key":"REST"},{"data":"Noxious Fumes","floor":29,"key":"SMITH"},{"floor":30,"key":"REST"},{"data":"Bane","floor":32,"key":"SMITH"}],"neow_cost":"NONE","seed_source_timestamp":2409433780760500,"circlet_count":0,"master_deck":["Defend_G","Defend_G","Defend_G","Defend_G","Defend_G","Strike_G","Strike_G","Strike_G","Strike_G+1","Survivor","Neutralize+1","Poisoned Stab+1","Footwork+1","Madness+1","Phantasmal Killer+1","Blur+1","Bane+1","Deadly Poison","Infinite Blades","Poisoned Stab+1","Noxious Fumes+1"],"relics":["Ring of the Snake","Torii","War Paint","StoneCalendar","WristBlade","Bag of Preparation","WingedGreaves","HandDrill"],"potions_floor_usage":[14,16,18,21,21,23,33],"damage_taken":[{"damage":0,"enemies":"Jaw Worm","floor":1,"turns":5},{"damage":0,"enemies":"Cultist","floor":3,"turns":5},{"damage":0,"enemies":"2 Louse","floor":4,"turns":3},{"damage":19,"enemies":"Lagavulin","floor":8,"turns":14},{"damage":0,"enemies":"Looter","floor":10,"turns":4},{"damage":0,"enemies":"2 Fungi Beasts","floor":14,"turns":3},{"damage":12,"enemies":"Hexaghost","floor":16,"turns":11},{"damage":6,"enemies":"Shell Parasite","floor":18,"turns":6},{"damage":3,"enemies":"3 Byrds","floor":19,"turns":7},{"damage":0,"enemies":"Snake Plant","floor":21,"turns":4},{"damage":10,"enemies":"Book of Stabbing","floor":23,"turns":7},{"damage":25,"enemies":"Cultist and Chosen","floor":24,"turns":7},{"damage":16,"enemies":"Sentry and Sphere","floor":31,"turns":6},{"damage":55,"enemies":"Champ","floor":33,"turns":11}],"seed_played":"5779689995437116522","potions_obtained":[{"floor":3,"key":"GhostInAJar"},{"floor":8,"key":"GhostInAJar"},{"floor":10,"key":"Explosive Potion"},{"floor":16,"key":"SteroidPotion"},{"floor":18,"key":"GhostInAJar"},{"floor":21,"key":"GamblersBrew"},{"floor":24,"key":"SteroidPotion"},{"floor":31,"key":"Fire Potion"}],"is_trial":false,"path_per_floor":["M","?","M","M","$","R","?","E","T","M","?","$","R","M","R","B",null,"M","M","?","M","?","E","M","R","T","R","$","R","R","M","R","B"],"character_chosen":"THE_SILENT","items_purchased":["Footwork","Madness","Noxious Fumes","HandDrill"],"campfire_rested":3,"item_purchase_floors":[5,5,28,28],"current_hp_per_floor":[70,70,70,70,70,70,58,39,39,39,25,25,25,25,46,34,70,64,61,61,61,61,51,26,26,26,47,47,47,68,52,52,0],"gold":53,"neow_bonus":"UPGRADE_CARD","is_prod":false,"is_daily":false,"chose_seed":false,"campfire_upgraded":4,"win_rate":0,"timestamp":1544966859,"path_taken":["M","?","M","M","?","R","?","E","T","M","?","$","R","M","R","BOSS","M","M","?","M","?","E","M","R","T","R","$","R","R","M","R","BOSS"],"build_version":"2018-12-13","purchased_purges":0,"victory":false,"max_hp_per_floor":[70,70,70,70,70,70,70,70,70,70,70,70,70,70,70,70,70,70,70,70,70,70,70,70,70,70,70,70,70,70,70,70,70],"card_choices":[{"not_picked":["Deflect","Acrobatics","Slice"],"picked":"SKIP","floor":1},{"not_picked":["Slice","PiercingWail"],"picked":"Poisoned Stab","floor":3},{"not_picked":["Quick Slash","Flechettes","Dagger Spray"],"picked":"SKIP","floor":4},{"not_picked":["Acrobatics","Poisoned Stab"],"picked":"Phantasmal Killer","floor":8},{"not_picked":["Infinite Blades","Heel Hook"],"picked":"Blur","floor":10},{"not_picked":["Blur","Slice"],"picked":"Bane","floor":14},{"not_picked":["PiercingWail","Masterful Stab+1","Endless Agony"],"picked":"SKIP","floor":18},{"not_picked":["Outmaneuver","Concentrate+1"],"picked":"Deadly Poison","floor":19},{"not_picked":["PiercingWail","Backflip"],"picked":"Infinite Blades","floor":21},{"not_picked":["Calculated Gamble","Bane"],"picked":"Poisoned Stab+1","floor":23},{"not_picked":["Blade Dance","Backstab","Dodge and Roll+1"],"picked":"SKIP","floor":24},{"not_picked":["PiercingWail","Leg Sweep","Underhanded Strike"],"picked":"SKIP","floor":31}],"player_experience":798594,"relics_obtained":[{"floor":8,"key":"War Paint"},{"floor":9,"key":"StoneCalendar"},{"floor":23,"key":"WingedGreaves"}],"event_choices":[{"cards_removed":["Strike_G"],"damage_healed":0,"gold_gain":0,"player_choice":"Offered Basic","damage_taken":0,"max_hp_gain":0,"max_hp_loss":0,"event_name":"Bonfire Elementals","floor":2,"gold_loss":0},{"damage_healed":0,"gold_gain":0,"player_choice":"Success","damage_taken":12,"relics_obtained":["Torii"],"max_hp_gain":0,"max_hp_loss":0,"event_name":"Scrap Ooze","floor":7,"gold_loss":0},{"damage_healed":0,"gold_gain":0,"player_choice":"Entered Light","damage_taken":14,"max_hp_gain":0,"max_hp_loss":0,"event_name":"Shining Light","floor":11,"gold_loss":0,"cards_upgraded":["Blur","Strike_G"]},{"damage_healed":0,"gold_gain":0,"player_choice":"Opened","damage_taken":0,"relics_obtained":["Bag of Preparation"],"max_hp_gain":0,"max_hp_loss":0,"event_name":"The Mausoleum","floor":20,"gold_loss":0},{"damage_healed":0,"gold_gain":0,"player_choice":"Ignored","damage_taken":0,"max_hp_gain":0,"max_hp_loss":0,"event_name":"Ghosts","floor":22,"gold_loss":0}],"is_beta":false,"boss_relics":[{"not_picked":["Astrolabe","Coffee Dripper"],"picked":"WristBlade"}],"items_purged_floors":[],"is_endless":false,"potions_floor_spawned":[3,8,10,16,18,21,24,31],"killed_by":"Champ","ascension_level":4}