{"gold_per_floor":[110,185,185,185,204,204,234,253,253,266,296,352,352,371,371,474,474,485,410,410,9,9,9,37,37,37,47,47,60,70,101,101,199,199,211,311,64,64,76,76,90,90,90,105,125,125,125],"floor_reached":47,"playtime":3003,"items_purged":["Strike_R"],"score":545,"play_id":"f44b3c13-a786-4d9b-a52a-cc4c087c7215","local_time":"20190111140441","is_ascension_mode":true,"campfire_choices":[{"data":"Seeing Red","floor":6.0,"key":"SMITH"},{"floor":15.0,"key":"REST"},{"data":"Battle Trance","floor":23,"key":"SMITH"},{"floor":25,"key":"RECALL"},{"floor":32,"key":"REST"},{"data":"Heavy Blade","floor":40,"key":"SMITH"},{"floor":42,"key":"REST"},{"floor":46,"key":"REST"}],"neow_cost":"TEN_PERCENT_HP_LOSS","seed_source_timestamp":0,"circlet_count":0,"master_deck":["Defend_R+1","Defend_R+1","Defend_R","Defend_R","Bash","Demon Form+1","Seeing Red+1","Battle Trance+1","Twin Strike","Heavy Blade+1","Cleave+1","Bite","Bite","Bite","Bite","Bite","Rampage+1","Limit Break","Rage+1","Armaments+1"],"special_seed":0,"relics":["Black Blood","Vajra","Boot","Sundial","Lantern","War Paint","Sozu","Shuriken","Happy Flower","Mercury Hourglass","Dodecahedron","NlothsMask","Strawberry","Calipers","Bottled Lightning"],"potions_floor_usage":[24],"damage_taken":[{"damage":10.0,"enemies":"Small Slimes","floor":1.0,"turns":4.0},{"damage":7.0,"enemies":"2 Louse","floor":5.0,"turns":3.0},{"damage":25.0,"enemies":"3 Sentries","floor":7.0,"turns":8.0},{"damage":0.0,"enemies":"Cultist","floor":8.0,"turns":3.0},{"damage":0.0,"enemies":"Gremlin Gang","floor":10.0,"turns":2.0},{"damage":20.0,"enemies":"Lagavulin","floor":11.0,"turns":6.0},{"damage":14.0,"enemies":"Gremlin Nob","floor":12.0,"turns":3.0},{"damage":8.0,"enemies":"Blue Slaver","floor":14.0,"turns":2.0},{"damage":22.0,"enemies":"Hexaghost","floor":16.0,"turns":6.0},{"damage":13,"enemies":"Spheric Guardian","floor":18,"turns":4},{"damage":25,"enemies":"Book of Stabbing","floor":24,"turns":4},{"damage":0,"enemies":"Chosen","floor":27,"turns":3},{"damage":13,"enemies":"Snecko","floor":29,"turns":3},{"damage":23,"enemies":"Centurion and Healer","floor":30,"turns":4},{"damage":43,"enemies":"Slavers","floor":31,"turns":4},{"damage":41,"enemies":"Champ","floor":33,"turns":7},{"damage":28,"enemies":"3 Shapes","floor":35,"turns":4},{"damage":18,"enemies":"Mind Bloom Boss Battle","floor":36,"turns":6},{"damage":19,"enemies":"Orb Walker","floor":39,"turns":3},{"damage":43,"enemies":"3 Darklings","floor":41,"turns":4},{"damage":17,"enemies":"4 Shapes","floor":44,"turns":5},{"damage":52,"enemies":"Spire Growth","floor":45,"turns":4},{"damage":68,"enemies":"Giant Head","floor":47,"turns":6}],"seed_played":"4555861912785237775","potions_obtained":[{"floor":1.0,"key":"Explosive Potion"},{"floor":8.0,"key":"Swift Potion"},{"floor":12.0,"key":"Weak Potion"},{"floor":16.0,"key":"LiquidBronze"}],"is_trial":false,"path_per_floor":["M","?","?","?","M","R","E","M","T","M","E","?","?","M","R","B",null,"M","$","?","$","?","R","E","R","T","M","?","M","M","E","R","B",null,"M","?","$","?","M","R","M","R","T","M","M","R","E"],"character_chosen":"IRONCLAD","items_purchased":["Shuriken","Happy Flower","Bottled Lightning"],"campfire_rested":4,"item_purchase_floors":[21,21,37],"current_hp_per_floor":[68,57,57,50,49,49,30,36,36,42,28,20,20,18,39,23,72,65,65,50,50,50,50,37,37,37,50,50,45,40,22,39,20,57,43,45,45,45,46,46,23,40,40,45,18,35,0],"gold":125,"neow_bonus":"THREE_RARE_CARDS","is_prod":false,"is_daily":false,"chose_seed":false,"campfire_upgraded":3,"win_rate":0,"timestamp":1547237081,"path_taken":["M","?","?","?","M","R","E","M","T","M","E","?","?","M","R","BOSS","M","$","?","$","?","R","E","R","T","M","?","?","?","E","R","BOSS","M","?","$","?","?","R","M","R","T","M","M","R","E"],"build_version":"2019-01-10","purchased_purges":1,"victory":false,"max_hp_per_floor":[72,72,72,72,72,72,72,72,72,72,72,72,72,72,72,72,72,72,72,50,50,50,50,50,50,50,50,50,50,50,57,57,57,57,57,57,57,57,57,57,57,57,57,57,57,57,57],"card_choices":[{"not_picked":["Berserk","Bludgeon"],"picked":"Demon Form","floor":0.0},{"not_picked":["Feel No Pain","Body Slam"],"picked":"Seeing Red","floor":1.0},{"not_picked":["Thunderclap","Havoc"],"picked":"Battle Trance","floor":5.0},{"not_picked":["Body Slam","Sentinel","Searing Blow"],"picked":"SKIP","floor":7.0},{"not_picked":["Wild Strike","Armaments","Burning Pact"],"picked":"SKIP","floor":8.0},{"not_picked":["Flame Barrier","Brutality"],"picked":"Twin Strike","floor":10.0},{"not_picked":["Perfected Strike","Headbutt","Wild Strike"],"picked":"SKIP","floor":11.0},{"not_picked":["Rage","True Grit"],"picked":"Heavy Blade","floor":12.0},{"not_picked":["Pommel Strike","Clothesline","Brutality"],"picked":"SKIP","floor":14.0},{"not_picked":["Twin Strike","Havoc"],"picked":"Cleave+1","floor":18},{"not_picked":["Sword Boomerang","Sentinel"],"picked":"Rampage+1","floor":24},{"not_picked":["Hemokinesis","Cleave","Shrug It Off"],"picked":"SKIP","floor":27},{"not_picked":["Shrug It Off","Offering","Flex"],"picked":"SKIP","floor":29},{"not_picked":["Iron Wave","Cleave","Infernal Blade+1"],"picked":"SKIP","floor":30},{"not_picked":["Rage","Twin Strike","Seeing Red"],"picked":"SKIP","floor":31},{"not_picked":["Bludgeon","Double Tap"],"picked":"Limit Break","floor":33},{"not_picked":["Clothesline+1","Clash+1","Body Slam+1"],"picked":"SKIP","floor":35},{"not_picked":["Dropkick","Anger","Blood for Blood+1"],"picked":"SKIP","floor":39},{"not_picked":["Perfected Strike+1","Clash"],"picked":"Rage+1","floor":41},{"not_picked":["Wild Strike","Infernal Blade"],"picked":"Armaments+1","floor":44},{"not_picked":["Sever Soul+1","Spot Weakness+1","Combust+1"],"picked":"SKIP","floor":45}],"player_experience":219959,"relics_obtained":[{"floor":7.0,"key":"Boot"},{"floor":9.0,"key":"Sundial"},{"floor":11.0,"key":"Lantern"},{"floor":12.0,"key":"War Paint"},{"floor":24,"key":"Dodecahedron"},{"floor":31,"key":"Strawberry"},{"floor":36,"key":"Calipers"}],"event_choices":[{"damage_healed":0.0,"max_hp_gain":0.0,"max_hp_loss":0.0,"gold_gain":75.0,"event_name":"World of Goop","player_choice":"Gather Gold","floor":2.0,"gold_loss":0.0,"damage_taken":11.0},{"damage_healed":0.0,"max_hp_gain":0.0,"max_hp_loss":0.0,"gold_gain":0.0,"event_name":"Big Fish","player_choice":"Box","floor":3.0,"gold_loss":0.0,"damage_taken":0.0,"relics_obtained":["Vajra"],"cards_obtained":["Regret"]},{"cards_removed":["Regret"],"damage_healed":0.0,"max_hp_gain":0.0,"max_hp_loss":0.0,"gold_gain":0.0,"event_name":"Golden Wing","player_choice":"Card Removal","floor":4.0,"gold_loss":0.0,"damage_taken":7.0},{"damage_healed":0.0,"max_hp_gain":0.0,"max_hp_loss":0.0,"gold_gain":0.0,"event_name":"Dead Adventurer","player_choice":"Searched \u00271\u0027 times","floor":12.0,"gold_loss":0.0,"damage_taken":0.0},{"damage_healed":0.0,"max_hp_gain":0.0,"max_hp_loss":0.0,"gold_gain":0.0,"event_name":"Living Wall","player_choice":"Grow","floor":13.0,"gold_loss":0.0,"damage_taken":0.0,"cards_upgraded":["Demon Form"]},{"damage_healed":0,"gold_gain":0,"player_choice":"Became a vampire","damage_taken":0,"max_hp_gain":0,"max_hp_loss":22,"event_name":"Vampires","floor":20,"gold_loss":0,"cards_obtained":["Bite","Bite","Bite","Bite","Bite"]},{"damage_healed":0,"gold_gain":0,"player_choice":"Opened","damage_taken":0,"relics_obtained":["Mercury Hourglass"],"max_hp_gain":0,"max_hp_loss":0,"event_name":"The Mausoleum","floor":22,"gold_loss":0},{"damage_healed":0,"gold_gain":0,"player_choice":"Trade","damage_taken":0,"relics_obtained":["NlothsMask"],"max_hp_gain":0,"max_hp_loss":0,"event_name":"FaceTrader","floor":28,"gold_loss":0},{"damage_healed":0,"gold_gain":0,"player_choice":"Fight","damage_taken":0,"max_hp_gain":0,"max_hp_loss":0,"event_name":"MindBloom","floor":36,"gold_loss":0},{"damage_healed":0,"gold_gain":0,"player_choice":"Got Potions","damage_taken":0,"max_hp_gain":0,"max_hp_loss":0,"event_name":"Lab","floor":38,"gold_loss":0}],"is_beta":false,"boss_relics":[{"not_picked":["Fusion Hammer","Tiny House"],"picked":"Sozu"},{"not_picked":["Eternal Feather","Runic Cube"],"picked":"Black Blood"}],"items_purged_floors":[19],"is_endless":false,"potions_floor_spawned":[1,8,12,16,18,27,30,33,36,41,45],"killed_by":"Giant Head","ascension_level":2}