{"gold_per_floor":[114,64,64,79,89,89,102,102,102,102,119,134,165,165,165,264,264,281,281,301,301,41,373,373,50,50,66,96,96],"floor_reached":29,"playtime":1466,"items_purged":[],"score":352,"play_id":"e36bcac7-2ed7-4fad-883d-e24b2a184e24","local_time":"20181031022542","is_ascension_mode":true,"campfire_choices":[{"data":"Body Slam","floor":6,"key":"SMITH"},{"data":"Pommel Strike","floor":8,"key":"SMITH"},{"data":"Burning Pact","floor":10,"key":"SMITH"},{"data":"Perfected Strike","floor":15,"key":"SMITH"}],"neow_cost":"NONE","seed_source_timestamp":128747153277841,"circlet_count":0,"master_deck":["Strike_R","Strike_R","Strike_R","Strike_R","Strike_R","Defend_R","Defend_R","Defend_R","Defend_R","Cleave","Pommel Strike+1","Body Slam+1","Burning Pact+1","Carnage","Thunderclap","Perfected Strike+1","Feed","Spot Weakness","Second Wind","Metallicize","Swift Strike","Double Tap"],"relics":["Burning Blood","Bottled Lightning","Kunai","Busted Crown","Lee\u0027s Waffle","Old Coin","PrismaticShard","Darkstone Periapt","Mercury Hourglass"],"potions_floor_usage":[7,16,16,16,16,17,20,23,23,28,28],"damage_taken":[{"damage":6,"enemies":"Cultist","floor":1,"turns":4},{"damage":8,"enemies":"2 Louse","floor":4,"turns":2},{"damage":4,"enemies":"Jaw Worm","floor":5,"turns":4},{"damage":2,"enemies":"Exordium Wildlife","floor":7,"turns":3},{"damage":17,"enemies":"Lots of Slimes","floor":11,"turns":3},{"damage":8,"enemies":"Red Slaver","floor":12,"turns":5},{"damage":56,"enemies":"Lagavulin","floor":13,"turns":9},{"damage":54,"enemies":"Hexaghost","floor":16,"turns":10},{"damage":17,"enemies":"2 Thieves","floor":18,"turns":4},{"damage":12,"enemies":"3 Byrds","floor":20,"turns":5},{"damage":38,"enemies":"Gremlin Leader","floor":23,"turns":4},{"damage":27,"enemies":"Sentry and Sphere","floor":27,"turns":5},{"damage":39,"enemies":"Book of Stabbing","floor":28,"turns":4},{"damage":25,"enemies":"Snake Plant","floor":29,"turns":2}],"seed_played":"-6541156302322425011","potions_obtained":[{"floor":1,"key":"Ancient Potion"},{"floor":3,"key":"Fire Potion"},{"floor":3,"key":"Fire Potion"},{"floor":4,"key":"EntropicBrew"},{"floor":11,"key":"Energy Potion"},{"floor":16,"key":"Fruit Juice"},{"floor":18,"key":"FearPotion"},{"floor":23,"key":"SpeedPotion"},{"floor":28,"key":"Fire Potion"}],"is_trial":false,"path_per_floor":["M","?","?","M","M","R","M","R","T","R","M","M","E","?","R","B",null,"M","?","M","?","$","E","?","$","T","M","E"],"character_chosen":"IRONCLAD","items_purchased":["Lee\u0027s Waffle","AttackPotion","Metallicize","PrismaticShard","AttackPotion"],"campfire_rested":0,"item_purchase_floors":[22,22,25,25,25],"current_hp_per_floor":[88,88,88,86,88,88,88,88,88,88,77,75,25,54,54,14,93,85,85,82,62,111,79,79,79,79,58,25,0],"gold":96,"neow_bonus":"TEN_PERCENT_HP_BONUS","is_prod":false,"is_daily":false,"chose_seed":false,"campfire_upgraded":4,"win_rate":0,"timestamp":1540967142,"path_taken":["M","?","?","M","M","R","M","R","T","R","?","M","E","?","R","BOSS","M","?","M","?","$","E","?","?","T","M","E","M"],"build_version":"2018-10-25v2","purchased_purges":0,"victory":false,"max_hp_per_floor":[88,88,88,88,88,88,88,88,88,88,88,88,88,88,88,88,93,96,96,99,104,111,111,111,111,111,111,111,111],"card_choices":[{"not_picked":["Uppercut","Havoc"],"picked":"Cleave","floor":1},{"not_picked":["Searing Blow","Cleave"],"picked":"Pommel Strike","floor":4},{"not_picked":["Flex","Sword Boomerang"],"picked":"Body Slam","floor":5},{"not_picked":["Cleave","Combust"],"picked":"Burning Pact","floor":7},{"not_picked":["Disarm","Impervious"],"picked":"Carnage","floor":11},{"not_picked":["Cleave","Armaments"],"picked":"Thunderclap","floor":12},{"not_picked":["Headbutt","Blood for Blood"],"picked":"Perfected Strike","floor":13},{"not_picked":["Dark Embrace","Berserk"],"picked":"Feed","floor":16},{"not_picked":[],"picked":"Spot Weakness","floor":18},{"not_picked":["Evolve"],"picked":"SKIP","floor":20},{"not_picked":[],"picked":"Second Wind","floor":23},{"not_picked":[],"picked":"Swift Strike","floor":27},{"not_picked":[],"picked":"Double Tap","floor":28}],"player_experience":204757,"relics_obtained":[{"floor":9,"key":"Bottled Lightning"},{"floor":13,"key":"Kunai"},{"floor":23,"key":"Old Coin"},{"floor":26,"key":"Darkstone Periapt"},{"floor":28,"key":"Mercury Hourglass"}],"event_choices":[{"cards_removed":["Bash"],"damage_healed":0,"gold_gain":0,"player_choice":"Card Removal","damage_taken":0,"max_hp_gain":0,"max_hp_loss":0,"event_name":"The Cleric","floor":2,"gold_loss":50},{"damage_healed":0,"gold_gain":0,"player_choice":"Got Potions","damage_taken":0,"max_hp_gain":0,"max_hp_loss":0,"event_name":"The Lab","floor":3,"gold_loss":0},{"damage_healed":29,"gold_gain":0,"player_choice":"Banana","damage_taken":0,"max_hp_gain":0,"max_hp_loss":0,"event_name":"Big Fish","floor":14,"gold_loss":0},{"damage_healed":0,"gold_gain":0,"player_choice":"Ignored","damage_taken":0,"max_hp_gain":0,"max_hp_loss":0,"event_name":"Vampires","floor":19,"gold_loss":0},{"damage_healed":0,"gold_gain":0,"player_choice":"Shed Blood","damage_taken":25,"max_hp_gain":5,"max_hp_loss":0,"event_name":"Forgotten Altar","floor":21,"gold_loss":0},{"damage_healed":0,"gold_gain":0,"player_choice":"Ignored","damage_taken":0,"max_hp_gain":0,"max_hp_loss":0,"event_name":"Ghosts","floor":24,"gold_loss":0}],"is_beta":false,"boss_relics":[{"not_picked":["Fusion Hammer","Snecko Eye"],"picked":"Busted Crown"}],"items_purged_floors":[],"is_endless":false,"potions_floor_spawned":[1,4,11,16,18,23,28],"killed_by":"Snake Plant","ascension_level":3}