{"gold_per_floor":[111,111,126,137,99,130,130,156,179,197,211,211,211,211,211,309,309,321,246,246,265,284,312,312,325,325,325,359,359,18,87,87,191,191,209,7,17,14,34,63,240,266,266,329,70,70,70,70],"floor_reached":48,"playtime":13746,"items_purged":[],"score":690,"play_id":"443ac97b-4978-4c10-b73c-8ed8bece02ed","local_time":"20190202235102","is_ascension_mode":true,"campfire_choices":[{"floor":7.0,"key":"RECALL"},{"floor":13.0,"key":"REST"},{"floor":15.0,"key":"REST"},{"floor":24.0,"key":"REST"},{"floor":27.0,"key":"REST"},{"floor":29.0,"key":"REST"},{"floor":32.0,"key":"DIG"},{"floor":41.0,"key":"REST"},{"floor":46.0,"key":"REST"}],"neow_cost":"NONE","seed_source_timestamp":1303669089636644,"circlet_count":0,"master_deck":["Defend_G","Defend_G","Defend_G","Defend_G+1","Defend_G","Strike_G","Strike_G+1","Strike_G","Strike_G","Survivor","Neutralize","Hidden Blade","Envenom","Terror+1","Terror","Blade Dance","Backstab+1","Blade Dance","Underhanded Strike+1","Regret","Phantasmal Killer","Cloak And Dagger","Blade Dance+1","Accuracy+2","Underhanded Strike+1","ReplayTheSpireMod:Shiv Toss+1","A Thousand Cuts+1","Fluid Movement+1","Reflex+3","Blade Dance+1","Cloak And Dagger+1","A Thousand Cuts+1","Underhanded Strike+1","Cloak And Dagger+1","Backstab+1","Cloak And Dagger","PiercingWail+1","Tactician+1","Infinite Blades","Deflect+1","Eviscerate+1"],"special_seed":0,"relics":["Ring of the Snake","conspire:InfiniteJournal","Centennial Puzzle","Molten Egg 2","Replay:Rubber Ducky","Gremlin Food","Snecko Scales","SsserpentHead","Golden Egg","Ornamental Fan","conspire:TreasureMap","Orichalcum","ReplayTheSpireMod:DimensionalGlitch","Snake Skull","Dream Catcher","conspire:TopHat","Replay:Accelerometer","Strawberry","Gambling Chip"],"potions_floor_usage":[48],"damage_taken":[{"damage":0.0,"enemies":"2 Louse","floor":1.0,"turns":4.0},{"damage":0.0,"enemies":"Small Slimes","floor":3.0,"turns":3.0},{"damage":3.0,"enemies":"Jaw Worm","floor":4.0,"turns":5.0},{"damage":9.0,"enemies":"Lagavulin","floor":6.0,"turns":8.0},{"damage":17.0,"enemies":"3 Sentries","floor":8.0,"turns":15.0},{"damage":1.0,"enemies":"Lots of Slimes","floor":10.0,"turns":6.0},{"damage":7.0,"enemies":"Large Slime","floor":11.0,"turns":6.0},{"damage":68.0,"enemies":"Fading Forest","floor":16.0,"turns":11.0},{"damage":0.0,"enemies":"Chosen","floor":18.0,"turns":3.0},{"damage":9.0,"enemies":"2 Thieves","floor":21.0,"turns":4.0},{"damage":16.0,"enemies":"Sentry and Sphere","floor":22.0,"turns":5.0},{"damage":42.0,"enemies":"Nightmare","floor":23.0,"turns":8.0},{"damage":4.0,"enemies":"Snecko","floor":25.0,"turns":4.0},{"damage":11.0,"enemies":"conspire:SneckoGhost","floor":28.0,"turns":3.0},{"damage":0.0,"enemies":"Cultist and Chosen","floor":31.0,"turns":5.0},{"damage":14.0,"enemies":"conspire:MysteriousRune","floor":33.0,"turns":6.0},{"damage":8.0,"enemies":"Orb Walker","floor":35.0,"turns":3.0},{"damage":9.0,"enemies":"3 Darklings","floor":37.0,"turns":3.0},{"damage":14.0,"enemies":"Sphere and 2 Shapes","floor":39.0,"turns":4.0},{"damage":31.0,"enemies":"beaked:SuperParasite","floor":40.0,"turns":8.0},{"damage":38.0,"enemies":"Nemesis","floor":42.0,"turns":5.0},{"damage":1.0,"enemies":"Jaw Worm Horde","floor":44.0,"turns":4.0},{"damage":48,"enemies":"Nightmare","floor":48,"turns":4}],"seed_played":"2023312185043425471","potions_obtained":[{"floor":3.0,"key":"Adrenaline Potion"},{"floor":4.0,"key":"AttackPotion"},{"floor":8.0,"key":"SkillPotion"},{"floor":22.0,"key":"Fire Potion"},{"floor":23.0,"key":"infinitespire:BlackPotion"},{"floor":23.0,"key":"SkillPotion"},{"floor":28.0,"key":"Regen Potion"},{"floor":33.0,"key":"FearPotion"},{"floor":37.0,"key":"GhostInAJar"},{"floor":40.0,"key":"Explosive Potion"}],"is_trial":false,"path_per_floor":["M","?","M","M","$","E","R","E","T","M","M","?","R","?","R","B",null,"M","?","?","M","M","NM","R","M","T","R","E","R","$","M","R","B",null,"M","$","M","?","M","E","R","E","T","M","$","R","$","NM"],"character_chosen":"THE_SILENT","items_purchased":["Terror","Fluid Movement+1","conspire:TreasureMap","Reflex","Blade Dance","Snake Skull","Cloak And Dagger","Gambling Chip"],"campfire_rested":7,"item_purchase_floors":[5,30,30,30,30,36,36,45],"current_hp_per_floor":[77,77,77,74,74,65,65,48,48,47,40,22,45,45,68,10,77,77,77,77,68,52,10,33,29,29,52,41,64,64,64,64,53,80,72,72,63,63,49,27,51,13,20,19,19,45,45,0],"gold":70,"neow_bonus":"TEN_PERCENT_HP_BONUS","is_prod":false,"is_daily":false,"chose_seed":false,"campfire_upgraded":0,"win_rate":0,"timestamp":1549147862,"path_taken":["M","?","M","M","$","E","R","E","T","M","M","?","R","?","R","BOSS","M","?","?","M","M","NM","R","M","T","R","E","R","$","?","R","BOSS","M","$","M","?","M","E","R","E","T","?","?","R","$","NM"],"build_version":"2019-01-23","purchased_purges":0,"victory":false,"max_hp_per_floor":[77,77,77,77,77,77,77,77,77,77,77,77,77,77,77,77,77,77,77,77,77,77,77,77,77,77,77,77,77,77,77,77,80,80,80,80,80,80,80,80,80,80,87,87,87,87,87,87],"card_choices":[{"not_picked":["Outmaneuver","Deflect"],"picked":"Hidden Blade","floor":1.0},{"not_picked":["Poisoned Stab","Bane"],"picked":"Envenom","floor":3.0},{"not_picked":["Bane","Acrobatics"],"picked":"Terror","floor":4.0},{"not_picked":["Hidden Blade","Fluid Movement"],"picked":"Blade Dance","floor":6.0},{"not_picked":["Dodge and Roll","Eviscerate"],"picked":"Backstab","floor":8.0},{"not_picked":["Backstab+1","Flechettes+1"],"picked":"Blade Dance","floor":10.0},{"not_picked":["Backflip","Fluid Movement"],"picked":"Underhanded Strike+1","floor":11.0},{"not_picked":["ReplayTheSpireMod:Necrosis","Venomology"],"picked":"Phantasmal Killer","floor":16.0},{"not_picked":["PiercingWail","Bane+1"],"picked":"Cloak And Dagger","floor":18.0},{"not_picked":["Endless Agony+1","Outmaneuver"],"picked":"Blade Dance+1","floor":21.0},{"not_picked":["Flying Knee+1","Distraction+1"],"picked":"Accuracy+1","floor":22.0},{"not_picked":["Blade Dance","Dagger Throw+1"],"picked":"Underhanded Strike+1","floor":23.0},{"not_picked":["Acrobatics","Dagger Throw+1"],"picked":"ReplayTheSpireMod:Shiv Toss+1","floor":25.0},{"not_picked":["Eviscerate+1","Outmaneuver"],"picked":"A Thousand Cuts","floor":28.0},{"not_picked":["Hidden Blade","Fluid Movement"],"picked":"Cloak And Dagger+1","floor":31.0},{"not_picked":["Corpse Explosion","After Image"],"picked":"A Thousand Cuts","floor":33.0},{"not_picked":["Bane+1","Dagger Throw+1"],"picked":"Underhanded Strike+1","floor":35.0},{"not_picked":["Underhanded Strike+1","Deflect+1"],"picked":"Backstab+1","floor":37.0},{"not_picked":["Terror+1","Slice+1"],"picked":"Cloak And Dagger","floor":39.0},{"not_picked":["Tools of the Trade","Quick Slash+1"],"picked":"PiercingWail+1","floor":40.0},{"not_picked":["Prepared+1","Bane+1"],"picked":"Tactician+1","floor":41.0},{"not_picked":["Prepared","Riddle With Holes+1"],"picked":"Infinite Blades","floor":42.0},{"not_picked":["Backflip","Outmaneuver"],"picked":"Deflect+1","floor":44.0},{"not_picked":["Terror","Poisoned Stab+1"],"picked":"Eviscerate+1","floor":46.0}],"player_experience":94854,"relics_obtained":[{"floor":2.0,"key":"conspire:InfiniteJournal"},{"floor":6.0,"key":"Centennial Puzzle"},{"floor":8.0,"key":"Molten Egg 2"},{"floor":23.0,"key":"Golden Egg"},{"floor":28.0,"key":"Ornamental Fan"},{"floor":32.0,"key":"Orichalcum"},{"floor":40.0,"key":"conspire:TopHat"},{"floor":42.0,"key":"Replay:Accelerometer"},{"floor":43.0,"key":"Strawberry"}],"event_choices":[{"damage_healed":0.0,"max_hp_gain":0.0,"max_hp_loss":0.0,"gold_gain":0.0,"event_name":"Scrap Ooze","player_choice":"Success","floor":12.0,"gold_loss":0.0,"damage_taken":18.0,"relics_obtained":["Replay:Rubber Ducky"]},{"damage_healed":0.0,"max_hp_gain":0.0,"max_hp_loss":0.0,"gold_gain":0.0,"event_name":"Big Fish","player_choice":"Box","floor":14.0,"gold_loss":0.0,"damage_taken":0.0,"relics_obtained":["Gremlin Food"],"cards_obtained":["Regret"]},{"cards_removed":["Strike_G"],"damage_healed":0.0,"max_hp_gain":0.0,"max_hp_loss":0.0,"gold_gain":0.0,"event_name":"Beggar","player_choice":"Gave Gold","floor":19.0,"gold_loss":75.0,"damage_taken":0.0},{"damage_healed":0.0,"max_hp_gain":0.0,"max_hp_loss":0.0,"gold_gain":0.0,"event_name":"FaceTrader","player_choice":"Trade","floor":20.0,"gold_loss":0.0,"damage_taken":0.0,"relics_obtained":["SsserpentHead"]},{"damage_healed":0.0,"max_hp_gain":0.0,"max_hp_loss":0.0,"gold_gain":0.0,"event_name":"WeMeetAgain","player_choice":"Paid Gold","floor":38.0,"gold_loss":53.0,"damage_taken":0.0,"relics_obtained":["Dream Catcher"]}],"is_beta":false,"boss_relics":[{"not_picked":["HoveringKite","conspire:SeveredTorchhead"],"picked":"Snecko Scales"},{"not_picked":["Philosopher\u0027s Stone","Replay:Wanted Poster"],"picked":"ReplayTheSpireMod:DimensionalGlitch"}],"items_purged_floors":[],"is_endless":true,"potions_floor_spawned":[3,4,8,22,23,25,28,33,37,40],"killed_by":"Nightmare","ascension_level":1}