{"gold_per_floor":[116,66,81,81,6,33,33,59,86,86,104,132,132,156,156,156],"floor_reached":16,"playtime":1573,"items_purged":["Defend_G"],"score":118,"play_id":"cd39d321-2bbd-4489-8e5c-59e088a97d35","local_time":"20190207184329","is_ascension_mode":false,"campfire_choices":[{"data":"Skewer","floor":7,"key":"SMITH"},{"floor":10,"key":"REST"},{"floor":15,"key":"REST"}],"neow_cost":"NONE","seed_source_timestamp":19699490373610,"circlet_count":0,"master_deck":["Defend_G","Defend_G","Defend_G","Defend_G","Strike_G","Strike_G","Strike_G","Strike_G","Survivor","Neutralize","Underhanded Strike","Skewer+1","Dagger Spray","Terror","Acrobatics","Noxious Fumes","Noxious Fumes","Terror","Tools of the Trade"],"relics":["Ring of the Snake","Dream Catcher","Bag of Preparation","Strawberry","PreservedInsect","Golden Idol"],"potions_floor_usage":[],"damage_taken":[{"damage":0,"enemies":"2 Louse","floor":1,"turns":4},{"damage":0,"enemies":"Jaw Worm","floor":3,"turns":5},{"damage":36,"enemies":"3 Sentries","floor":6,"turns":12},{"damage":20,"enemies":"Gremlin Nob","floor":8,"turns":4},{"damage":0,"enemies":"Cultist","floor":11,"turns":3},{"damage":26,"enemies":"Lagavulin","floor":12,"turns":6},{"damage":0,"enemies":"2 Fungi Beasts","floor":14,"turns":3},{"damage":39,"enemies":"Slime Boss","floor":16,"turns":5}],"seed_played":"-319082827917768896","potions_obtained":[{"floor":8,"key":"Swift Potion"},{"floor":11,"key":"Energy Potion"},{"floor":12,"key":"EssenceOfSteel"}],"is_trial":false,"path_per_floor":["M","?","M","?","$","E","R","E","T","R","M","E","?","M","R","B"],"character_chosen":"THE_SILENT","items_purchased":[],"campfire_rested":2,"item_purchase_floors":[],"current_hp_per_floor":[77,77,77,77,77,41,41,21,28,53,53,27,6,6,31,0],"gold":156,"neow_bonus":"TEN_PERCENT_HP_BONUS","is_prod":false,"is_daily":false,"chose_seed":false,"campfire_upgraded":1,"win_rate":0.0,"timestamp":1549561409,"path_taken":["M","?","M","?","$","E","R","E","T","R","M","E","?","M","R","BOSS"],"build_version":"2019-01-23","purchased_purges":1,"victory":false,"max_hp_per_floor":[77,77,77,77,77,77,77,77,84,84,84,84,84,84,84,84],"card_choices":[{"not_picked":["Quick Slash","Slice"],"picked":"Underhanded Strike","floor":1},{"not_picked":["PiercingWail","Tactician"],"picked":"Skewer","floor":3},{"not_picked":["Riddle With Holes","Poisoned Stab"],"picked":"Dagger Spray","floor":6},{"not_picked":["Eviscerate","Deadly Poison"],"picked":"Terror","floor":8},{"not_picked":["Well Laid Plans","Deadly Poison"],"picked":"Acrobatics","floor":10},{"not_picked":["Dash","Dagger Spray"],"picked":"Noxious Fumes","floor":11},{"not_picked":["Poisoned Stab","Quick Slash"],"picked":"Noxious Fumes","floor":12},{"not_picked":["Deadly Poison","Blade Dance"],"picked":"Terror","floor":14},{"not_picked":["Acrobatics","Dagger Spray"],"picked":"Tools of the Trade","floor":15}],"player_experience":15776,"relics_obtained":[{"floor":6,"key":"Dream Catcher"},{"floor":8,"key":"Bag of Preparation"},{"floor":9,"key":"Strawberry"},{"floor":12,"key":"PreservedInsect"}],"event_choices":[{"cards_removed":["Strike_G"],"damage_healed":0,"gold_gain":0,"player_choice":"Card Removal","damage_taken":0,"max_hp_gain":0,"max_hp_loss":0,"event_name":"The Cleric","floor":2,"gold_loss":50},{"damage_healed":0,"gold_gain":0,"player_choice":"Ignored","damage_taken":0,"max_hp_gain":0,"max_hp_loss":0,"event_name":"Liars Game","floor":4,"gold_loss":0},{"damage_healed":0,"gold_gain":0,"player_choice":"Take Damage","damage_taken":21,"relics_obtained":["Golden Idol"],"max_hp_gain":0,"max_hp_loss":0,"event_name":"Golden Idol","floor":13,"gold_loss":0}],"is_beta":false,"boss_relics":[],"items_purged_floors":[5],"is_endless":false,"potions_floor_spawned":[8,11,12,14],"killed_by":"Slime Boss","ascension_level":0}