{"path_per_floor":["M","M","M","M","M","E","R","E","T","M","R","M","T","M","R","B",null,"M","M","$","?","?","R","E","M","T","R","M","$","M","M","R","B",null,"M","M","$","M","?","E","T","M","T","E","M","?","R","?","R","B"],"character_chosen":"IRONCLAD","items_purchased":["Bronze Scales","Heavy Blade","Seeing Red","Secret Technique","Orichalcum","War Paint"],"gold_per_floor":[118,128,146,162,177,210,210,242,542,553,553,571,571,588,588,691,691,709,723,381,381,381,381,407,422,446,446,464,19,34,53,53,152,152,165,175,18,33,33,64,138,157,184,214,233,233,233,283,283,283],"floor_reached":51,"campfire_rested":1,"playtime":3897,"current_hp_per_floor":[75,80,74,61,67,56,56,46,46,41,41,34,34,37,37,14,80,80,65,65,65,65,65,35,32,32,32,36,36,40,34,73,59,80,67,62,62,72,64,69,69,58,58,52,61,61,61,63,63,39],"items_purged":["Strike_R","Battle Trance"],"gold":283,"play_id":"3d91c93a-e2ea-457c-a0e0-5caf6558550f","is_prod":false,"is_daily":false,"is_ascension_mode":false,"campfire_upgraded":4,"path_taken":["M","?","M","M","M","E","R","E","T","M","R","M","?","?","R","BOSS","M","M","$","?","?","R","E","M","T","R","?","?","M","M","R","BOSS","M","M","$","M","?","E","?","?","T","E","M","?","R","?","R","BOSS"],"build_version":"2018-01-25-PROD3","purchased_purges":2,"victory":true,"master_deck":["Strike_R+1","Strike_R","Strike_R+1","Defend_R","Defend_R","Defend_R+1","Defend_R","Bash","Inflame","Warcry","Seeing Red+1","Heavy Blade+1","Pommel Strike","Metallicize","Battle Trance+1","Double Tap+1","Flex","Heavy Blade+1","Seeing Red+1","Seeing Red+1","Battle Trance+1","Secret Technique","Inflame+1","Limit Break","Metallicize","Flex+1","Sword Boomerang+1"],"max_hp_per_floor":[80,80,80,80,80,80,80,80,80,80,80,80,80,80,80,80,80,80,80,80,80,80,80,80,80,80,80,80,80,80,80,80,80,80,80,80,80,80,80,80,80,80,80,80,80,80,80,80,80,80],"relics":["Black Blood","Lantern","Girya","Old Coin","Molten Egg","Black Star","Bronze Scales","Vajra","Dream Catcher","Regal Pillow","Toxic Egg","Orichalcum","War Paint","Oddly Smooth Stone","Whetstone","Self Forming Clay","Blood Vial","Matryoshka","Paper Frog","Torii"],"card_choices":[{"not_picked":["Flex","Sever Soul"],"picked":"Inflame"},{"not_picked":["Perfected Strike","Anger"],"picked":"Warcry"},{"not_picked":["True Grit","Body Slam"],"picked":"Seeing Red"},{"not_picked":["Armaments","Pommel Strike"],"picked":"Heavy Blade"},{"not_picked":["Combust","Fiend Fire"],"picked":"Pommel Strike"},{"not_picked":["Second Wind","Thunderclap"],"picked":"Metallicize"},{"not_picked":["Metallicize","Rupture"],"picked":"Battle Trance"},{"not_picked":["Cleave","Anger"],"picked":"Battle Trance"},{"not_picked":["Brutality","Offering"],"picked":"Double Tap"},{"not_picked":["Shrug It Off","Hemokinesis"],"picked":"Flex"},{"not_picked":["Warcry","Rage"],"picked":"Seeing Red"},{"not_picked":["Searing Blow","Power Through"],"picked":"Battle Trance"},{"not_picked":["Thunderclap","Shrug It Off"],"picked":"Inflame"},{"not_picked":["Impervious","Dark Embrace"],"picked":"Limit Break"},{"not_picked":["Flex","Headbutt"],"picked":"Metallicize"},{"not_picked":["True Grit","Searing Blow"],"picked":"Flex"},{"not_picked":["Shrug It Off","Dark Embrace"],"picked":"Sword Boomerang"}],"player_experience":37728,"potions_floor_usage":[8,16,16,19,25,28,36,44,48,48,50],"damage_taken":[{"damage":11,"enemies":"Blue Slaver","floor":1,"turns":4},{"damage":0,"enemies":"Small Slimes","floor":2,"turns":4},{"damage":12,"enemies":"Jaw Worm","floor":3,"turns":4},{"damage":19,"enemies":"3 Louse","floor":4,"turns":4},{"damage":0,"enemies":"Large Slime","floor":5,"turns":4},{"damage":17,"enemies":"Gremlin Nob","floor":6,"turns":4},{"damage":16,"enemies":"3 Sentries","floor":8,"turns":8},{"damage":11,"enemies":"Exordium Wildlife","floor":10,"turns":5},{"damage":13,"enemies":"Red Slaver","floor":12,"turns":2},{"damage":3,"enemies":"3 Louse","floor":14,"turns":3},{"damage":29,"enemies":"Hexaghost","floor":16,"turns":7},{"damage":2,"enemies":"Shell Parasite","floor":18,"turns":3},{"damage":21,"enemies":"3 Byrds","floor":19,"turns":5},{"damage":36,"enemies":"Slavers","floor":24,"turns":5},{"damage":15,"enemies":"Snake Plant","floor":25,"turns":3},{"damage":2,"enemies":"Sentry and Sphere","floor":28,"turns":3},{"damage":2,"enemies":"Centurion and Healer","floor":30,"turns":3},{"damage":12,"enemies":"Slaver and Parasite","floor":31,"turns":5},{"damage":20,"enemies":"Champ","floor":33,"turns":5},{"damage":23,"enemies":"3 Darklings","floor":35,"turns":3},{"damage":15,"enemies":"3 Shapes","floor":36,"turns":3},{"damage":0,"enemies":"Maw","floor":38,"turns":4},{"damage":5,"enemies":"Giant Head","floor":40,"turns":5},{"damage":21,"enemies":"3 Darklings","floor":42,"turns":6},{"damage":18,"enemies":"Nemesis","floor":44,"turns":4},{"damage":3,"enemies":"4 Shapes","floor":45,"turns":3},{"damage":10,"enemies":"Mysterious Sphere","floor":48,"turns":5},{"damage":36,"enemies":"Time Eater","floor":50,"turns":5}],"event_choices":[{"event_name":"Back to Basics","player_choice":"Elegance","floor":21,"damage_taken":0},{"event_name":"The Mausoleum","player_choice":"Yes","floor":22,"damage_taken":0},{"event_name":"Wheel of Change","player_choice":"Damage","floor":39,"damage_taken":0},{"event_name":"Upgrade Shrine","player_choice":"Upgraded","floor":46,"damage_taken":0},{"event_name":"Mysterious Sphere","player_choice":"Fight","floor":48,"damage_taken":0}],"boss_relics":[{"not_picked":["Snecko Eye","Sozu"],"picked":"Black Star"},{"not_picked":["Philosopher\u0027s Stone","Runic Pyramid"],"picked":"Black Blood"}],"potions_floor_spawned":[3,4,6,8,16,18,24,25,38,42,44,45,48],"seed_played":"-9120519645837819685","ascension_level":0,"is_trial":false}