{"gold_per_floor":[109,34,54,71,83,113,125,125,179,199,209,209,225,253,253,253],"floor_reached":16,"playtime":1276,"items_purged":["Defend_R"],"score":116,"play_id":"71407d99-d666-40a5-ac70-0c75db7e19f2","local_time":"20180627083454","is_ascension_mode":false,"campfire_choices":[{"floor":8,"key":"REST"},{"floor":12,"key":"REST"},{"floor":15,"key":"REST"}],"neow_cost":"NONE","seed_source_timestamp":3107137011453,"circlet_count":0,"master_deck":["Strike_R","Strike_R","Strike_R+1","Strike_R+1","Defend_R","Defend_R","Defend_R","Bash","Heavy Blade","Bloodletting","Warcry","Burning Pact","Infernal Blade","Cleave","Thunderclap","Fiend Fire","Inflame","Impervious"],"relics":["Burning Blood","Bag of Preparation","Whetstone","Question Card"],"potions_floor_usage":[16],"damage_taken":[{"damage":1,"enemies":"Cultist","floor":1,"turns":3},{"damage":3,"enemies":"Jaw Worm","floor":3,"turns":4},{"damage":3,"enemies":"Small Slimes","floor":4,"turns":2},{"damage":3,"enemies":"2 Fungi Beasts","floor":5,"turns":4},{"damage":53,"enemies":"3 Sentries","floor":6,"turns":11},{"damage":13,"enemies":"Lots of Slimes","floor":7,"turns":3},{"damage":23,"enemies":"3 Louse","floor":10,"turns":2},{"damage":13,"enemies":"Looter","floor":11,"turns":2},{"damage":12,"enemies":"2 Fungi Beasts","floor":13,"turns":3},{"damage":8,"enemies":"Gremlin Nob","floor":14,"turns":3},{"damage":73,"enemies":"Slime Boss","floor":16,"turns":6}],"seed_played":"-5064363522960681574","potions_obtained":[{"floor":3,"key":"LiquidBronze"},{"floor":6,"key":"SkillPotion"},{"floor":7,"key":"SkillPotion"},{"floor":10,"key":"LiquidBronze"}],"is_trial":false,"path_per_floor":["M","$","M","M","M","E","M","R","T","M","M","R","M","E","R"],"character_chosen":"IRONCLAD","items_purchased":[],"campfire_rested":3,"item_purchase_floors":[],"current_hp_per_floor":[80,80,80,80,80,33,26,50,50,33,26,50,44,42,66,0],"gold":253,"neow_bonus":"REMOVE_CARD","is_prod":false,"is_daily":false,"chose_seed":false,"campfire_upgraded":0,"win_rate":0.0,"timestamp":1530056094,"path_taken":["M","$","M","M","M","E","M","R","T","M","M","R","M","E","R","BOSS"],"build_version":"2018-06-21v2","purchased_purges":1,"victory":false,"max_hp_per_floor":[80,80,80,80,80,80,80,80,80,80,80,80,80,80,80,80],"card_choices":[{"not_picked":["Anger","Armaments"],"picked":"Heavy Blade","floor":1},{"not_picked":["Anger","Sword Boomerang"],"picked":"Bloodletting","floor":3},{"not_picked":["Perfected Strike","Body Slam"],"picked":"Warcry","floor":4},{"not_picked":["Perfected Strike","Headbutt"],"picked":"Burning Pact","floor":5},{"not_picked":["Flex","Shockwave"],"picked":"Infernal Blade","floor":6},{"not_picked":["Shrug It Off","Body Slam"],"picked":"Cleave","floor":7},{"not_picked":["Shrug It Off","Iron Wave"],"picked":"Thunderclap","floor":10},{"not_picked":["Fire Breathing","Metallicize"],"picked":"Fiend Fire","floor":11},{"not_picked":["True Grit","Warcry"],"picked":"Inflame","floor":13},{"not_picked":["Second Wind","Entrench"],"picked":"Impervious","floor":14}],"player_experience":7711,"relics_obtained":[{"floor":6,"key":"Bag of Preparation"},{"floor":9,"key":"Whetstone"},{"floor":14,"key":"Question Card"}],"event_choices":[],"boss_relics":[],"items_purged_floors":[2],"is_endless":false,"potions_floor_spawned":[3,6,7,10],"killed_by":"Slime Boss","ascension_level":0}