{"gold_per_floor":[117,2,20,20,20,20,49,49,49,78,92,117,117,127,127,229,229,242,341,360,360,375,375,400,400,425,11,11,23,23,23,23,127,127,140,140,157,157,82,112,124,136,202,43,62,81,116,132,132,132],"floor_reached":50,"playtime":2068,"items_purged":["Venomology","Strike_G"],"score":658,"play_id":"4e50ee45-6f78-47bb-9b69-be92c98ea4bc","local_time":"20180919194443","is_ascension_mode":true,"campfire_choices":[{"data":"Choke","floor":6.0,"key":"SMITH"},{"floor":8.0,"key":"REST"},{"data":"Distraction","floor":13.0,"key":"SMITH"},{"data":"Endless Agony","floor":15.0,"key":"SMITH"},{"floor":23.0,"key":"REST"},{"floor":25.0,"key":"REST"},{"floor":30.0,"key":"REST"},{"floor":32.0,"key":"REST"},{"floor":41,"key":"REST"},{"floor":49,"key":"REST"}],"neow_cost":"PERCENT_DAMAGE","seed_source_timestamp":0,"circlet_count":0,"master_deck":["Defend_G+1","Defend_G","Defend_G","Defend_G","Defend_G","Strike_G","Strike_G","Strike_G","Strike_G","Survivor","Neutralize","Sucker Punch+1","Choke+1","Endless Agony+1","Blade Dance+1","Well Laid Plans","Distraction+1","Calculated Gamble+1","Prepared","Slice","Flying Knee","Deflect","A Thousand Cuts","Deflect","Slice+1","Blade Dance","Flying Knee","Acrobatics+1","Cloak And Dagger+1"],"special_seed":0,"relics":["Ring of the Snake","Orichalcum","Mummified Hand","Odd Mushroom","Tough Bandages","Sozu","WingedGreaves","Lantern","Bag of Preparation","Shuriken","Busted Crown","MawBank","Dream Catcher","Smiling Mask"],"potions_floor_usage":[47],"damage_taken":[{"damage":0.0,"enemies":"2 Louse","floor":1.0,"turns":3.0},{"damage":0.0,"enemies":"Cultist","floor":3.0,"turns":2.0},{"damage":20.0,"enemies":"3 Sentries","floor":7.0,"turns":9.0},{"damage":0.0,"enemies":"The Mushroom Lair","floor":10.0,"turns":3.0},{"damage":0.0,"enemies":"Jaw Worm","floor":11.0,"turns":3.0},{"damage":10.0,"enemies":"Gremlin Nob","floor":12.0,"turns":3.0},{"damage":0.0,"enemies":"Large Slime","floor":14.0,"turns":3.0},{"damage":13.0,"enemies":"Hexaghost","floor":16.0,"turns":9.0},{"damage":1.0,"enemies":"Chosen","floor":18.0,"turns":5.0},{"damage":0.0,"enemies":"2 Thieves","floor":20.0,"turns":4.0},{"damage":26.0,"enemies":"Snecko","floor":22.0,"turns":7.0},{"damage":54.0,"enemies":"Slavers","floor":24.0,"turns":9.0},{"damage":11.0,"enemies":"Snake Plant","floor":29.0,"turns":3.0},{"damage":55.0,"enemies":"Automaton","floor":33.0,"turns":10.0},{"damage":0,"enemies":"Orb Walker","floor":35,"turns":1},{"damage":21,"enemies":"3 Shapes","floor":37,"turns":4},{"damage":33,"enemies":"Nemesis","floor":40,"turns":10},{"damage":0,"enemies":"3 Darklings","floor":45,"turns":5},{"damage":14,"enemies":"Maw","floor":46,"turns":7},{"damage":17,"enemies":"2 Orb Walkers","floor":47,"turns":3},{"damage":39,"enemies":"Transient","floor":48,"turns":5},{"damage":29,"enemies":"Awakened One","floor":50,"turns":5}],"seed_played":"-5953327166027725087","potions_obtained":[{"floor":7.0,"key":"Energy Potion"},{"floor":12.0,"key":"Strength Potion"},{"floor":16.0,"key":"Strength Potion"}],"is_trial":false,"path_per_floor":["M","$","M","?","?","R","E","R","T","?","M","E","R","M","R","B",null,"M","?","M","?","M","R","E","R","T","$","?","M","R","$","R","B",null,"M","?","M","?","$","E","R","?","T","$","M","M","E","M","R"],"character_chosen":"THE_SILENT","items_purchased":["Choke","Endless Agony","Bag of Preparation","Shuriken","Blade Dance","Flying Knee"],"campfire_rested":7,"item_purchase_floors":[2,2,27,27,44,44],"current_hp_per_floor":[60,60,60,43,43,43,23,48,48,48,48,38,38,38,38,25,69,68,68,68,68,42,67,13,38,38,38,38,27,52,52,77,22,69,69,69,48,48,48,15,40,73,73,73,73,59,42,3,24,0],"gold":132,"neow_bonus":"TWENTY_PERCENT_HP_BONUS","is_prod":false,"is_daily":false,"chose_seed":false,"campfire_upgraded":3,"win_rate":0,"timestamp":1537400683,"path_taken":["M","$","M","?","?","R","E","R","T","?","M","E","R","M","R","BOSS","M","?","M","?","M","R","E","R","T","$","?","?","R","$","R","BOSS","M","?","?","?","$","E","R","?","T","$","M","M","E","?","R","BOSS"],"build_version":"2018-09-18v3","purchased_purges":2,"victory":false,"max_hp_per_floor":[84,84,84,84,84,84,84,84,84,84,84,84,84,84,84,84,84,84,84,84,84,84,84,84,84,84,84,84,84,84,84,84,84,84,84,84,84,84,84,84,84,73,73,73,73,73,73,73,73,73],"card_choices":[{"not_picked":["PiercingWail","Crippling Poison"],"picked":"Sucker Punch","floor":1.0},{"not_picked":["Poisoned Stab","Riddle With Holes"],"picked":"Blade Dance","floor":3.0},{"not_picked":["Dodge and Roll","Riddle With Holes","Wraith Form v2"],"picked":"SKIP","floor":7.0},{"not_picked":["Distraction","Flying Knee"],"picked":"Well Laid Plans","floor":11.0},{"not_picked":["Poisoned Stab","Flechettes"],"picked":"Distraction","floor":12.0},{"not_picked":["Deadly Poison","Outmaneuver","Dagger Throw"],"picked":"SKIP","floor":14.0},{"not_picked":["Doppelganger","Phantasmal Killer"],"picked":"Venomology","floor":16.0},{"not_picked":["Dagger Throw","Finisher"],"picked":"Calculated Gamble","floor":18.0},{"not_picked":["Quick Slash","Dodge and Roll"],"picked":"Prepared","floor":20.0},{"not_picked":["Distraction","Bane"],"picked":"Slice","floor":22.0},{"not_picked":["Well Laid Plans+1","Outmaneuver"],"picked":"Flying Knee","floor":24.0},{"not_picked":["Venomology","Noxious Fumes+1"],"picked":"Deflect","floor":29.0},{"not_picked":["Corpse Explosion","Phantasmal Killer"],"picked":"A Thousand Cuts","floor":33.0},{"not_picked":["Underhanded Strike"],"picked":"SKIP","floor":35},{"not_picked":[],"picked":"Deflect","floor":37},{"not_picked":[],"picked":"Slice+1","floor":40},{"not_picked":["Well Laid Plans+1"],"picked":"SKIP","floor":45},{"not_picked":[],"picked":"Acrobatics+1","floor":46},{"not_picked":["Acrobatics"],"picked":"SKIP","floor":47},{"not_picked":["Catalyst"],"picked":"SKIP","floor":48},{"not_picked":[],"picked":"Cloak And Dagger+1","floor":49}],"player_experience":392252,"relics_obtained":[{"floor":7.0,"key":"Orichalcum"},{"floor":9.0,"key":"Mummified Hand"},{"floor":10.0,"key":"Odd Mushroom"},{"floor":12.0,"key":"Tough Bandages"},{"floor":24.0,"key":"WingedGreaves"},{"floor":26.0,"key":"Lantern"},{"floor":40,"key":"MawBank"},{"floor":43,"key":"Dream Catcher"},{"floor":47,"key":"Smiling Mask"}],"event_choices":[{"event_name":"Shining Light","player_choice":"Entered Light","floor":4.0,"damage_taken":0.0},{"event_name":"Living Wall","player_choice":"Grow","floor":5.0,"damage_taken":0.0},{"event_name":"Mushrooms","player_choice":"Fought Mushrooms","floor":10.0,"damage_taken":0.0},{"event_name":"Nest","player_choice":"Stole From Cult","floor":19.0,"damage_taken":0.0},{"event_name":"Ghosts","player_choice":"Ignored","floor":21.0,"damage_taken":0.0},{"event_name":"Accursed Blacksmith","player_choice":"Forge","floor":28.0,"damage_taken":0.0},{"event_name":"SensoryStone","player_choice":"Memory 1","floor":36,"damage_taken":0},{"event_name":"Tomb of Lord Red Mask","player_choice":"Ignored","floor":38,"damage_taken":0},{"event_name":"The Moai Head","player_choice":"Heal","floor":42,"damage_taken":0}],"is_beta":true,"boss_relics":[{"not_picked":["Coffee Dripper","Empty Cage"],"picked":"Sozu"},{"not_picked":["White Beast Statue","Black Star"],"picked":"Busted Crown"}],"items_purged_floors":[39,44],"is_endless":false,"potions_floor_spawned":[7,12,16,18,20,22,37,45,48],"killed_by":"Awakened One","ascension_level":5}