{"gold_per_floor":[111,127,140,140,156,182,182,182,182,200,216,19,194,227,227,329,329,347,27,40,53,53,53],"floor_reached":23,"playtime":1427,"items_purged":["Doubt"],"score":253,"play_id":"6ae75abe-7625-4733-b5a1-118b24f98674","local_time":"20181023021350","is_ascension_mode":false,"campfire_choices":[{"data":"Cloak And Dagger","floor":7,"key":"SMITH"},{"floor":15,"key":"REST"}],"neow_cost":"NONE","seed_source_timestamp":288154832380766,"circlet_count":0,"master_deck":["Defend_G","Defend_G","Defend_G","Defend_G","Defend_G","Strike_G","Strike_G","Survivor","Neutralize","Masterful Stab+1","Leg Sweep+1","Finisher+1","Slice","Cloak And Dagger+1","Endless Agony","Quick Slash","Cloak And Dagger+1","Predator","Distraction+1","Panache","Venomology+1","Corpse Explosion+1","Distraction+1","Transmutation+1","Accuracy","Dagger Throw","Outmaneuver+1","Decay"],"relics":["Astrolabe","Art of War","Dodecahedron","Toxic Egg 2","PreservedInsect","WristBlade"],"potions_floor_usage":[16,16,16,20,21],"damage_taken":[{"damage":0,"enemies":"Jaw Worm","floor":1,"turns":5},{"damage":0,"enemies":"Cultist","floor":2,"turns":4},{"damage":0,"enemies":"Small Slimes","floor":3,"turns":3},{"damage":0,"enemies":"Exordium Thugs","floor":5,"turns":4},{"damage":2,"enemies":"Lagavulin","floor":6,"turns":6},{"damage":0,"enemies":"Exordium Wildlife","floor":10,"turns":3},{"damage":0,"enemies":"2 Fungi Beasts","floor":11,"turns":2},{"damage":6,"enemies":"Gremlin Nob","floor":14,"turns":3},{"damage":0,"enemies":"Slime Boss","floor":16,"turns":4},{"damage":5,"enemies":"3 Byrds","floor":18,"turns":2},{"damage":4,"enemies":"2 Thieves","floor":20,"turns":3},{"damage":30,"enemies":"Sentry and Sphere","floor":21,"turns":4},{"damage":36,"enemies":"Gremlin Leader","floor":23,"turns":2}],"seed_played":"-4949648336735229086","potions_obtained":[{"floor":6,"key":"SteroidPotion"},{"floor":10,"key":"PowerPotion"},{"floor":14,"key":"Poison Potion"},{"floor":16,"key":"Weak Potion"}],"is_trial":false,"path_per_floor":["M","M","M","?","M","E","R","?","T","M","M","$","?","E","R","B",null,"M","$","M","M","?"],"character_chosen":"THE_SILENT","items_purchased":["Panache","Transmutation+1","Accuracy"],"campfire_rested":1,"item_purchase_floors":[12,19,19],"current_hp_per_floor":[70,70,70,70,70,68,68,68,68,68,68,68,68,62,70,70,70,65,65,61,31,31,0],"gold":53,"neow_bonus":"BOSS_RELIC","is_prod":false,"is_daily":false,"chose_seed":false,"campfire_upgraded":1,"win_rate":0,"timestamp":1540275230,"path_taken":["M","M","M","?","M","E","R","?","T","M","M","$","?","E","R","BOSS","M","$","M","M","?","E"],"build_version":"2018-10-18","purchased_purges":1,"victory":false,"max_hp_per_floor":[70,70,70,70,70,70,70,70,70,70,70,70,70,70,70,70,70,70,70,70,70,70,70],"card_choices":[{"not_picked":["Backflip","Acrobatics"],"picked":"Slice","floor":1},{"not_picked":["Flying Knee","Dagger Spray"],"picked":"Cloak And Dagger","floor":2},{"not_picked":["Bouncing Flask","Well Laid Plans"],"picked":"Endless Agony","floor":3},{"not_picked":["Predator","Backstab"],"picked":"Quick Slash","floor":5},{"not_picked":["Backstab","Flying Knee"],"picked":"Cloak And Dagger","floor":6},{"not_picked":["Riddle With Holes","Caltrops"],"picked":"Predator","floor":10},{"not_picked":["Riddle With Holes","Catalyst+1"],"picked":"Distraction+1","floor":11},{"not_picked":["Escape Plan+1","Slice"],"picked":"Venomology+1","floor":14},{"not_picked":["Bullet Time+1","Adrenaline+1"],"picked":"Corpse Explosion+1","floor":16},{"not_picked":["Underhanded Strike+1","Quick Slash"],"picked":"Distraction+1","floor":18},{"not_picked":["Outmaneuver+1","Well Laid Plans"],"picked":"Dagger Throw","floor":20},{"not_picked":["Dagger Spray","Endless Agony"],"picked":"Outmaneuver+1","floor":21}],"player_experience":163042,"relics_obtained":[{"floor":6,"key":"Art of War"},{"floor":9,"key":"Toxic Egg 2"},{"floor":14,"key":"PreservedInsect"}],"event_choices":[{"damage_healed":0,"gold_gain":0,"player_choice":"Upgraded","damage_taken":0,"max_hp_gain":0,"max_hp_loss":0,"event_name":"Upgrade Shrine","floor":4,"gold_loss":0,"cards_upgraded":["Cloak And Dagger"]},{"damage_healed":0,"gold_gain":0,"player_choice":"Gave Potion","damage_taken":0,"relics_obtained":["Dodecahedron"],"max_hp_gain":0,"max_hp_loss":0,"event_name":"WeMeetAgain","floor":8,"gold_loss":0},{"damage_healed":0,"gold_gain":175,"player_choice":"AGREE","damage_taken":0,"max_hp_gain":0,"max_hp_loss":0,"event_name":"Liars Game","floor":13,"gold_loss":0,"cards_obtained":["Doubt"]},{"damage_healed":0,"gold_gain":0,"player_choice":"Cursed","damage_taken":0,"max_hp_gain":0,"max_hp_loss":0,"event_name":"Wheel of Change","floor":22,"gold_loss":0,"cards_obtained":["Decay"]}],"is_beta":false,"boss_relics":[{"not_picked":["Calling Bell","Pandora\u0027s Box"],"picked":"WristBlade"}],"items_purged_floors":[19],"is_endless":false,"potions_floor_spawned":[6,10,14,16],"killed_by":"Gremlin Leader","ascension_level":0}