{"gold_per_floor":[119,136,411,431,207,241,33,33,105,105,128,146,170,211,211,339,339,359,379,404,78,99,143,143,12,12,12,31,67,4,27,27,27],"floor_reached":33,"playtime":2913,"items_purged":["Regret","Defend_R","Defend_R"],"score":279,"play_id":"bb791916-3655-47a8-871b-9170920544d4","local_time":"20190208165944","is_ascension_mode":false,"campfire_choices":[{"data":"Whirlwind","floor":15,"key":"SMITH"},{"floor":24,"key":"REST"},{"data":"Berserk","floor":32,"key":"SMITH"}],"neow_cost":"TEN_PERCENT_HP_LOSS","seed_source_timestamp":82254923098931,"circlet_count":0,"master_deck":["Strike_R","Strike_R","Strike_R","Strike_R","Strike_R","Defend_R","Bash","Heavy Blade","Perfected Strike","Dropkick","Clothesline","Whirlwind+1","Thunderclap","Fiend Fire","Reaper","Rampage","Metallicize","Flex","Spot Weakness","Berserk+1","Headbutt","Exhume+1","Perfected Strike"],"relics":["Burning Blood","Unceasing Top","Orichalcum","Omamori","HandDrill","Golden Idol","Dodecahedron","Juzu Bracelet","Philosopher\u0027s Stone","Membership Card","Red Skull","Meat on the Bone","Toxic Egg 2","Boot","Red Mask"],"potions_floor_usage":[33],"damage_taken":[{"damage":3,"enemies":"Jaw Worm","floor":1,"turns":4},{"damage":1,"enemies":"Cultist","floor":2,"turns":3},{"damage":0,"enemies":"2 Louse","floor":4,"turns":2},{"damage":36,"enemies":"Lagavulin","floor":6,"turns":6},{"damage":6,"enemies":"2 Fungi Beasts","floor":11,"turns":3},{"damage":4,"enemies":"Exordium Wildlife","floor":12,"turns":5},{"damage":0,"enemies":"Large Slime","floor":13,"turns":4},{"damage":6,"enemies":"3 Sentries","floor":14,"turns":6},{"damage":16,"enemies":"Slime Boss","floor":16,"turns":9},{"damage":2,"enemies":"Chosen","floor":18,"turns":3},{"damage":17,"enemies":"2 Thieves","floor":19,"turns":4},{"damage":27,"enemies":"Centurion and Healer","floor":20,"turns":7},{"damage":23,"enemies":"3 Cultists","floor":22,"turns":4},{"damage":24,"enemies":"Gremlin Leader","floor":23,"turns":5},{"damage":10,"enemies":"Snecko","floor":28,"turns":3},{"damage":9,"enemies":"Masked Bandits","floor":29,"turns":3},{"damage":12,"enemies":"Snake Plant","floor":31,"turns":3},{"damage":82,"enemies":"Collector","floor":33,"turns":8}],"seed_played":"-8162836205156549446","potions_obtained":[{"floor":1,"key":"SteroidPotion"},{"floor":12,"key":"FairyPotion"},{"floor":14,"key":"Energy Potion"}],"is_trial":false,"path_per_floor":["M","M","?","M","$","E","$","?","T","?","M","M","M","E","R","B",null,"M","M","M","$","M","E","R","$","T","?","M","?","$","M","R","B"],"character_chosen":"IRONCLAD","items_purchased":["Orichalcum","HandDrill","Membership Card","Red Skull","Toxic Egg 2"],"campfire_rested":1,"item_purchase_floors":[5,7,21,21,25],"current_hp_per_floor":[72,72,72,72,72,42,42,42,42,42,42,44,50,50,50,40,72,72,61,44,44,39,33,54,54,54,54,50,47,47,48,48,0],"gold":27,"neow_bonus":"ONE_RARE_RELIC","is_prod":false,"is_daily":false,"chose_seed":false,"campfire_upgraded":2,"win_rate":0.0,"timestamp":1549641584,"path_taken":["M","M","?","?","$","E","$","?","T","?","M","M","M","E","R","BOSS","M","M","M","$","M","E","R","$","T","?","M","?","?","M","R","BOSS"],"build_version":"2019-01-23","purchased_purges":3,"victory":false,"max_hp_per_floor":[72,72,72,72,72,72,72,72,72,72,72,72,72,72,72,72,72,72,72,72,72,72,72,72,72,72,72,72,72,72,72,72,72],"card_choices":[{"not_picked":["Reckless Charge","Sword Boomerang","True Grit"],"picked":"SKIP","floor":1},{"not_picked":["Spot Weakness","Anger"],"picked":"Heavy Blade","floor":2},{"not_picked":["Thunderclap","Metallicize"],"picked":"Perfected Strike","floor":4},{"not_picked":["Wild Strike","Body Slam"],"picked":"Dropkick","floor":6},{"not_picked":["Entrench","Twin Strike"],"picked":"Clothesline","floor":11},{"not_picked":["Sword Boomerang","Cleave"],"picked":"Whirlwind","floor":12},{"not_picked":["Cleave","Heavy Blade"],"picked":"Thunderclap","floor":13},{"not_picked":["Heavy Blade","Clash"],"picked":"Fiend Fire","floor":14},{"not_picked":["Juggernaut","Brutality"],"picked":"Reaper","floor":16},{"not_picked":["Twin Strike","Sword Boomerang"],"picked":"Rampage","floor":18},{"not_picked":["Twin Strike","Searing Blow","Anger"],"picked":"SKIP","floor":19},{"not_picked":["Anger","Dropkick"],"picked":"Metallicize","floor":20},{"not_picked":["Thunderclap","Warcry"],"picked":"Flex","floor":22},{"not_picked":["Clash","Iron Wave"],"picked":"Spot Weakness","floor":23},{"not_picked":["Corruption","Uppercut"],"picked":"Headbutt","floor":28},{"not_picked":["Heavy Blade","Armaments+1"],"picked":"Exhume+1","floor":29},{"not_picked":["Headbutt","Clothesline"],"picked":"Perfected Strike","floor":31}],"player_experience":69829,"relics_obtained":[{"floor":6,"key":"Omamori"},{"floor":9,"key":"Dodecahedron"},{"floor":14,"key":"Juzu Bracelet"},{"floor":23,"key":"Meat on the Bone"},{"floor":26,"key":"Boot"},{"floor":29,"key":"Red Mask"}],"event_choices":[{"damage_healed":0,"gold_gain":275,"player_choice":"Desecrate","damage_taken":0,"max_hp_gain":0,"max_hp_loss":0,"event_name":"Golden Shrine","floor":3,"gold_loss":0,"cards_obtained":["Regret"]},{"damage_healed":0,"gold_gain":0,"player_choice":"Take Wound","damage_taken":0,"relics_obtained":["Golden Idol"],"max_hp_gain":0,"max_hp_loss":0,"event_name":"Golden Idol","floor":8,"gold_loss":0,"cards_obtained":["Injury"]},{"cards_removed":["Defend_R"],"damage_healed":0,"gold_gain":0,"player_choice":"Forget","damage_taken":0,"max_hp_gain":0,"max_hp_loss":0,"event_name":"Living Wall","floor":10,"gold_loss":0},{"damage_healed":0,"gold_gain":0,"player_choice":"Read","damage_taken":0,"max_hp_gain":0,"max_hp_loss":0,"event_name":"The Library","floor":27,"gold_loss":0,"cards_obtained":["Berserk"]},{"damage_healed":0,"gold_gain":0,"player_choice":"Fought Bandits","damage_taken":0,"max_hp_gain":0,"max_hp_loss":0,"event_name":"Masked Bandits","floor":29,"gold_loss":0}],"is_beta":false,"boss_relics":[{"not_picked":["Orrery","Snecko Eye"],"picked":"Philosopher\u0027s Stone"}],"items_purged_floors":[5,21,30],"is_endless":false,"potions_floor_spawned":[1,12,14,16,18,23,29],"killed_by":"Collector","ascension_level":0}