{"gold_per_floor":[111,111,111,123,136,136,156,156,179,179,104,104,115,65,65,168,168,182,182,197,208,64,64,74,74,74,103,29,39,49,49,49,147,147,158,258,270,8,8,8,37,54,54,154,188,88,121,121,121,121,121,121,121,155,155],"floor_reached":55,"playtime":2532,"items_purged":["Strike_R","Defend_R"],"score":849,"play_id":"13c5e0d4-bc0e-4e6a-b671-8b3916e694c4","local_time":"20190128011902","is_ascension_mode":true,"campfire_choices":[{"data":"Shrug It Off","floor":6,"key":"SMITH"},{"data":"Limit Break","floor":8,"key":"SMITH"},{"data":"Strike_R","floor":10,"key":"SMITH"},{"data":"Twin Strike","floor":15,"key":"SMITH"},{"floor":23,"key":"RECALL"},{"data":"Offering","floor":25,"key":"SMITH"},{"floor":32,"key":"REST"},{"data":"Spot Weakness","floor":40,"key":"SMITH"},{"data":"Whirlwind","floor":49,"key":"SMITH"},{"data":"Defend_R","floor":52,"key":"SMITH"}],"neow_cost":"NONE","seed_source_timestamp":42484858311259,"circlet_count":0,"master_deck":["Strike_R+1","Strike_R+1","Defend_R","Defend_R+1","Bash+1","Shrug It Off+1","Limit Break+1","Twin Strike+1","Offering+1","Evolve","Spot Weakness+1","Demon Form+1","Shrug It Off+1","Whirlwind+1","Flex+1","Clumsy","Impervious"],"relics":["Burning Blood","NeowsBlessing","PreservedInsect","Sozu","Red Skull","Dream Catcher","Cursed Key","Ginger","Blue Candle","Regal Pillow","Juzu Bracelet","Letter Opener","Pocketwatch","Sundial"],"potions_floor_usage":[16,30],"damage_taken":[{"damage":0,"enemies":"Jaw Worm","floor":1,"turns":1},{"damage":0,"enemies":"2 Louse","floor":4,"turns":1},{"damage":0,"enemies":"Cultist","floor":5,"turns":1},{"damage":4,"enemies":"Looter","floor":7,"turns":4},{"damage":0,"enemies":"Exordium Wildlife","floor":13,"turns":3},{"damage":35,"enemies":"The Guardian","floor":16,"turns":8},{"damage":7,"enemies":"Chosen","floor":18,"turns":3},{"damage":6,"enemies":"Spheric Guardian","floor":20,"turns":3},{"damage":15,"enemies":"Chosen and Byrds","floor":21,"turns":5},{"damage":44,"enemies":"Sentry and Sphere","floor":24,"turns":6},{"damage":15,"enemies":"Book of Stabbing","floor":27,"turns":3},{"damage":8,"enemies":"Snecko","floor":29,"turns":3},{"damage":8,"enemies":"Cultist and Chosen","floor":30,"turns":3},{"damage":18,"enemies":"Champ","floor":33,"turns":7},{"damage":14,"enemies":"3 Shapes","floor":35,"turns":3},{"damage":6,"enemies":"Mind Bloom Boss Battle","floor":36,"turns":5},{"damage":6,"enemies":"Orb Walker","floor":37,"turns":3},{"damage":10,"enemies":"Giant Head","floor":41,"turns":5},{"damage":6,"enemies":"3 Darklings","floor":42,"turns":1},{"damage":17,"enemies":"Nemesis","floor":45,"turns":3},{"damage":16,"enemies":"Giant Head","floor":47,"turns":3},{"damage":44,"enemies":"Time Eater","floor":50,"turns":6},{"damage":68,"enemies":"Shield and Spear","floor":54,"turns":4},{"damage":39,"enemies":"The Heart","floor":55,"turns":2}],"seed_played":"6509539572017971547","potions_obtained":[{"floor":4,"key":"SteroidPotion"},{"floor":5,"key":"AttackPotion"}],"is_trial":false,"path_per_floor":["M","?","?","M","M","R","M","R","T","R","$","?","M","?","R","B",null,"M","?","M","M","$","R","M","R","T","E","$","M","M","$","R","B",null,"M","?","M","$","?","R","E","M","T","?","E","$","E","$","R","B",null,"R","$","E","B"],"character_chosen":"IRONCLAD","items_purchased":["Red Skull","Spot Weakness","Blue Candle"],"campfire_rested":1,"item_purchase_floors":[22,28,38],"current_hp_per_floor":[80,64,69,75,81,81,83,83,83,83,83,83,85,85,85,56,85,84,84,84,75,75,75,37,37,37,28,28,26,24,24,49,37,85,77,77,77,77,77,77,73,73,73,73,62,62,52,52,52,14,85,85,85,23,0],"gold":155,"neow_bonus":"THREE_ENEMY_KILL","is_prod":false,"is_daily":false,"chose_seed":false,"campfire_upgraded":8,"win_rate":0,"timestamp":1548605942,"path_taken":["M","?","?","M","M","R","M","R","T","R","$","?","?","?","R","BOSS","M","?","M","M","$","R","M","R","T","E","$","M","?","?","R","BOSS","M","?","M","$","?","R","E","?","T","?","E","?","E","$","R","BOSS","R","$","E","BOSS"],"build_version":"2019-01-23","purchased_purges":2,"victory":false,"max_hp_per_floor":[80,80,85,85,85,85,85,85,85,85,85,85,85,85,85,85,85,85,85,85,85,85,85,85,85,85,85,85,85,85,85,85,85,85,85,85,85,85,85,85,85,85,85,85,85,85,85,85,85,85,85,85,85,85,85],"card_choices":[{"not_picked":["Anger","Sentinel","Iron Wave"],"picked":"SKIP","floor":1},{"not_picked":["Headbutt","Armaments","Warcry"],"picked":"SKIP","floor":4},{"not_picked":["Warcry","Clash"],"picked":"Shrug It Off","floor":5},{"not_picked":["Shockwave","Sword Boomerang"],"picked":"Limit Break","floor":7},{"not_picked":["Havoc","Sword Boomerang","Thunderclap"],"picked":"SKIP","floor":13},{"not_picked":["Juggernaut","Reaper"],"picked":"Offering","floor":16},{"not_picked":["Intimidate","Wild Strike","Blood for Blood"],"picked":"SKIP","floor":18},{"not_picked":["Dropkick","Heavy Blade","Perfected Strike"],"picked":"SKIP","floor":20},{"not_picked":["Entrench+1","True Grit","Hemokinesis"],"picked":"SKIP","floor":21},{"not_picked":["Sentinel+1","Power Through+1"],"picked":"Evolve","floor":24},{"not_picked":["Pommel Strike","Heavy Blade+1","Bloodletting"],"picked":"SKIP","floor":27},{"not_picked":["Hemokinesis","Shockwave","Heavy Blade"],"picked":"SKIP","floor":29},{"not_picked":["Thunderclap+1","Armaments","Entrench"],"picked":"SKIP","floor":30},{"not_picked":["Brutality","Impervious"],"picked":"Demon Form","floor":33},{"not_picked":["Sword Boomerang+1","Dropkick","Pummel+1"],"picked":"SKIP","floor":35},{"not_picked":["Heavy Blade","Reaper"],"picked":"Shrug It Off+1","floor":37},{"not_picked":["Body Slam","Spot Weakness"],"picked":"Whirlwind","floor":41},{"not_picked":["Shockwave+1","Headbutt+1"],"picked":"Flex+1","floor":42},{"not_picked":["True Grit","Twin Strike+1","Clash"],"picked":"SKIP","floor":45},{"not_picked":["Rampage+1","Evolve+1","Sentinel"],"picked":"SKIP","floor":47},{"not_picked":["Searing Blow+1","Perfected Strike+1"],"picked":"Impervious","floor":54}],"player_experience":106370,"relics_obtained":[{"floor":9,"key":"PreservedInsect"},{"floor":27,"key":"Dream Catcher"},{"floor":36,"key":"Ginger"},{"floor":41,"key":"Regal Pillow"},{"floor":43,"key":"Juzu Bracelet"},{"floor":45,"key":"Letter Opener"},{"floor":47,"key":"Pocketwatch"},{"floor":54,"key":"Sundial"}],"event_choices":[{"damage_healed":0,"gold_gain":0,"player_choice":"Entered Light","damage_taken":16,"max_hp_gain":0,"max_hp_loss":0,"event_name":"Shining Light","floor":2,"gold_loss":0,"cards_upgraded":["Bash","Strike_R"]},{"damage_healed":0,"gold_gain":0,"player_choice":"Donut","damage_taken":0,"max_hp_gain":5,"max_hp_loss":0,"event_name":"Big Fish","floor":3,"gold_loss":0},{"damage_healed":0,"gold_gain":0,"cards_transformed":["Strike_R"],"player_choice":"Transformed","damage_taken":0,"max_hp_gain":0,"max_hp_loss":0,"event_name":"Transmorgrifier","floor":12,"gold_loss":0,"cards_obtained":["Twin Strike"]},{"cards_removed":["Defend_R"],"damage_healed":0,"gold_gain":0,"player_choice":"Card Removal","damage_taken":0,"max_hp_gain":0,"max_hp_loss":0,"event_name":"The Cleric","floor":14,"gold_loss":50},{"cards_removed":["Strike_R"],"damage_healed":0,"gold_gain":0,"player_choice":"Purged","damage_taken":0,"max_hp_gain":0,"max_hp_loss":0,"event_name":"Purifier","floor":19,"gold_loss":0},{"damage_healed":0,"gold_gain":0,"player_choice":"Fight","damage_taken":0,"max_hp_gain":0,"max_hp_loss":0,"event_name":"MindBloom","floor":36,"gold_loss":0},{"damage_healed":0,"gold_gain":0,"player_choice":"Forge","damage_taken":0,"max_hp_gain":0,"max_hp_loss":0,"event_name":"Accursed Blacksmith","floor":39,"gold_loss":0,"cards_upgraded":["Demon Form"]},{"damage_healed":0,"gold_gain":100,"player_choice":"Pray","damage_taken":0,"max_hp_gain":0,"max_hp_loss":0,"event_name":"Golden Shrine","floor":44,"gold_loss":0}],"is_beta":false,"boss_relics":[{"not_picked":["Tiny House","Eternal Feather"],"picked":"Sozu"},{"not_picked":["Lizard Tail","Runic Pyramid"],"picked":"Cursed Key"}],"items_purged_floors":[11,46],"is_endless":false,"potions_floor_spawned":[4,5,21,29,30,33,35,36,41,47,54],"killed_by":"The Heart","ascension_level":3}