{"gold_per_floor":[117,0,0,0,14,14,27,27,27,45,45,120,136,148,148,148],"floor_reached":16,"playtime":485,"items_purged":[],"score":184,"play_id":"e5d4843a-4be1-434f-b29d-331a18361214","local_time":"20180918125927","is_ascension_mode":true,"campfire_choices":[{"data":"Shockwave","floor":6,"key":"SMITH"},{"data":"Havoc","floor":8,"key":"SMITH"},{"data":"Flex","floor":15,"key":"SMITH"}],"neow_cost":"","seed_source_timestamp":604108488043172,"circlet_count":0,"master_deck":["Strike_R","Strike_R","Strike_R","Strike_R","Strike_R","Defend_R","Defend_R","Defend_R","Defend_R","Bash","AscendersBane","Shockwave+1","Flex+1","Iron Wave","Battle Trance","Havoc+1","Disarm","True Grit","Impervious"],"relics":["Burning Blood","FaceOfCleric","Calipers"],"potions_floor_usage":[],"damage_taken":[{"damage":12,"enemies":"Jaw Worm","floor":1,"turns":3},{"damage":0,"enemies":"2 Louse","floor":5,"turns":3},{"damage":1,"enemies":"Cultist","floor":7,"turns":3},{"damage":15,"enemies":"Exordium Wildlife","floor":10,"turns":5},{"damage":12,"enemies":"3 Louse","floor":13,"turns":5},{"damage":5,"enemies":"Looter","floor":14,"turns":4},{"damage":53,"enemies":"Hexaghost","floor":16,"turns":11}],"seed_played":"-8527032059899034408","potions_obtained":[],"is_trial":false,"path_per_floor":["M","$","?","?","M","R","M","R","T","M","?","?","M","M","R"],"character_chosen":"IRONCLAD","items_purchased":["Flex","Iron Wave"],"campfire_rested":0,"item_purchase_floors":[2,2],"current_hp_per_floor":[62,62,62,62,69,69,75,75,75,67,67,56,51,53,53,0],"gold":148,"neow_bonus":"","is_prod":false,"is_daily":false,"chose_seed":false,"campfire_upgraded":3,"win_rate":0,"timestamp":1537289967,"path_taken":["M","$","?","?","M","R","M","R","T","M","?","?","M","M","R","BOSS"],"build_version":"2018-09-06","purchased_purges":0,"victory":false,"max_hp_per_floor":[75,75,75,75,76,76,77,77,77,78,78,78,79,80,80,80],"card_choices":[{"not_picked":["Clothesline","Perfected Strike"],"picked":"Shockwave","floor":1},{"not_picked":["Clothesline","Armaments"],"picked":"Battle Trance","floor":5},{"not_picked":["Sword Boomerang","Burning Pact"],"picked":"Havoc","floor":7},{"not_picked":["Body Slam","Fire Breathing"],"picked":"Disarm","floor":10},{"not_picked":["Anger","Body Slam"],"picked":"True Grit","floor":13},{"not_picked":["Clothesline","Body Slam"],"picked":"Impervious","floor":14}],"player_experience":2781874,"relics_obtained":[{"floor":9,"key":"Calipers"}],"event_choices":[{"event_name":"Golden Idol","player_choice":"Ignored","floor":3,"damage_taken":0},{"event_name":"FaceTrader","player_choice":"Trade","floor":4,"damage_taken":0},{"event_name":"Liars Game","player_choice":"disagreed","floor":11,"damage_taken":0},{"event_name":"World of Goop","player_choice":"Gather Gold","floor":12,"damage_taken":0}],"is_beta":false,"boss_relics":[],"items_purged_floors":[],"is_endless":false,"potions_floor_spawned":[],"killed_by":"Hexaghost","ascension_level":20}