{"gold_per_floor":[114,133,149,168,180,208,208,239,239,239,254,254,266,441,441,514,514,533,384,309,309],"floor_reached":21,"playtime":1258,"items_purged":[],"score":325,"play_id":"44e22ca2-bb4d-48b5-9e19-2962f8d853f3","local_time":"20181210184801","is_ascension_mode":true,"campfire_choices":[{"floor":7,"key":"REST"},{"floor":10,"key":"REST"},{"floor":12,"key":"REST"},{"floor":15,"key":"REST"}],"neow_cost":"NONE","seed_source_timestamp":848117252390898,"circlet_count":0,"master_deck":["AscendersBane","Strike_R","Strike_R","Strike_R","Defend_R","Defend_R","Defend_R","Defend_R","Bash","Spot Weakness","Shrug It Off","True Grit","Clothesline","Demon Form","Cleave","Heavy Blade","Flame Barrier","Doubt","Reaper","Shrug It Off"],"relics":["Burning Blood","NeowsBlessing","Smiling Mask","Paper Frog","Gremlin Horn","Empty Cage","Question Card"],"potions_floor_usage":[6,8,13,13],"damage_taken":[{"damage":0,"enemies":"Jaw Worm","floor":1,"turns":1},{"damage":0,"enemies":"Cultist","floor":2,"turns":1},{"damage":0,"enemies":"Small Slimes","floor":3,"turns":1},{"damage":16,"enemies":"Blue Slaver","floor":4,"turns":5},{"damage":12,"enemies":"2 Fungi Beasts","floor":5,"turns":4},{"damage":32,"enemies":"Lagavulin","floor":6,"turns":6},{"damage":42,"enemies":"3 Sentries","floor":8,"turns":8},{"damage":22,"enemies":"Large Slime","floor":11,"turns":6},{"damage":0,"enemies":"Red Slaver","floor":13,"turns":1},{"damage":56,"enemies":"Hexaghost","floor":16,"turns":11},{"damage":39,"enemies":"Spheric Guardian","floor":18,"turns":7},{"damage":34,"enemies":"2 Thieves","floor":20,"turns":5},{"damage":17,"enemies":"Centurion and Healer","floor":21,"turns":4}],"seed_played":"-1073196004100143228","potions_obtained":[{"floor":3,"key":"Dexterity Potion"},{"floor":5,"key":"Fire Potion"},{"floor":8,"key":"AttackPotion"},{"floor":11,"key":"Energy Potion"}],"is_trial":false,"path_per_floor":["M","M","M","M","M","E","R","E","T","R","M","R","M","?","R","B",null,"M","?","M","M"],"character_chosen":"IRONCLAD","items_purchased":[],"campfire_rested":4,"item_purchase_floors":[],"current_hp_per_floor":[74,75,75,65,59,33,55,19,19,41,25,47,53,53,75,25,63,30,30,13,0],"gold":309,"neow_bonus":"THREE_ENEMY_KILL","is_prod":false,"is_daily":false,"chose_seed":false,"campfire_upgraded":0,"win_rate":0,"timestamp":1544467681,"path_taken":["M","M","M","M","M","E","R","E","T","R","M","R","M","?","R","BOSS","M","?","?","M"],"build_version":"2018-12-06","purchased_purges":0,"victory":false,"max_hp_per_floor":[75,75,75,75,75,75,75,75,75,75,75,75,75,75,75,75,75,75,75,75,75],"card_choices":[{"not_picked":["Armaments","True Grit"],"picked":"Spot Weakness","floor":1},{"not_picked":["Carnage","Body Slam"],"picked":"Shrug It Off","floor":2},{"not_picked":["Havoc","Perfected Strike","Inflame"],"picked":"SKIP","floor":3},{"not_picked":["Headbutt","Havoc"],"picked":"True Grit","floor":4},{"not_picked":["Armaments","Dropkick"],"picked":"Clothesline","floor":5},{"not_picked":["Flex","Sword Boomerang"],"picked":"Demon Form","floor":6},{"not_picked":["Rage","Ghostly Armor"],"picked":"Cleave","floor":8},{"not_picked":["Uppercut","Dropkick"],"picked":"Heavy Blade","floor":11},{"not_picked":["Rampage","Heavy Blade"],"picked":"Flame Barrier","floor":13},{"not_picked":["Bludgeon","Brutality"],"picked":"Reaper","floor":16},{"not_picked":["Entrench","Twin Strike"],"picked":"Shrug It Off","floor":18},{"not_picked":["Shockwave","Combust","Warcry","Body Slam"],"picked":"SKIP","floor":20}],"player_experience":1011384,"relics_obtained":[{"floor":6,"key":"Smiling Mask"},{"floor":8,"key":"Paper Frog"},{"floor":9,"key":"Gremlin Horn"}],"event_choices":[{"damage_healed":0,"gold_gain":175,"player_choice":"AGREE","damage_taken":0,"max_hp_gain":0,"max_hp_loss":0,"event_name":"Liars Game","floor":14,"gold_loss":0,"cards_obtained":["Doubt"]},{"damage_healed":0,"gold_gain":0,"player_choice":"Paid Gold","damage_taken":0,"relics_obtained":["Question Card"],"max_hp_gain":0,"max_hp_loss":0,"event_name":"WeMeetAgain","floor":19,"gold_loss":149}],"is_beta":false,"boss_relics":[{"not_picked":["Runic Dome","Velvet Choker"],"picked":"Empty Cage"}],"items_purged_floors":[],"is_endless":false,"potions_floor_spawned":[3,5,8,11],"killed_by":"Centurion and Healer","ascension_level":14}