{"gold_per_floor":[117,66,66,241,261,292,292,311,311,311,345,356,381,381],"floor_reached":14,"playtime":525,"items_purged":[],"score":140,"play_id":"9a4203bc-63de-444c-8519-aa8b6354d10c","local_time":"20181023065039","is_ascension_mode":true,"campfire_choices":[{"data":"Gash","floor":7,"key":"SMITH"}],"neow_cost":"NONE","seed_source_timestamp":47349202168283,"circlet_count":0,"master_deck":["Strike_B","Strike_B","Strike_B","Strike_B","Defend_B","Defend_B","Defend_B","Defend_B","Zap","Dualcast","Gash+1","Doubt","Defragment"],"relics":["Cracked Core","NeowsBlessing","Blue Candle","Happy Flower","The Courier","Ornamental Fan","Gremlin Horn"],"potions_floor_usage":[13,14],"damage_taken":[{"damage":0,"enemies":"2 Louse","floor":1,"turns":1},{"damage":0,"enemies":"Small Slimes","floor":5,"turns":1},{"damage":0,"enemies":"Lagavulin","floor":6,"turns":1},{"damage":1,"enemies":"Cultist","floor":8,"turns":3},{"damage":43,"enemies":"3 Sentries","floor":11,"turns":8},{"damage":1,"enemies":"Lots of Slimes","floor":12,"turns":4},{"damage":17,"enemies":"Lagavulin","floor":13,"turns":7},{"damage":24,"enemies":"Exordium Thugs","floor":14,"turns":3}],"seed_played":"3685355548986768843","potions_obtained":[{"floor":1,"key":"FocusPotion"},{"floor":5,"key":"Ancient Potion"},{"floor":13,"key":"SteroidPotion"}],"is_trial":false,"path_per_floor":["M","$","?","?","M","E","R","M","T","T","E","M","E"],"character_chosen":"DEFECT","items_purchased":["Gash"],"campfire_rested":0,"item_purchase_floors":[2],"current_hp_per_floor":[75,75,80,80,80,80,80,79,79,79,36,35,18,0],"gold":381,"neow_bonus":"THREE_ENEMY_KILL","is_prod":false,"is_daily":false,"chose_seed":false,"campfire_upgraded":1,"win_rate":0,"timestamp":1540291839,"path_taken":["M","$","?","?","?","E","R","M","T","?","E","M","E","M"],"build_version":"2018-10-22","purchased_purges":0,"victory":false,"max_hp_per_floor":[75,75,80,80,80,80,80,80,80,80,80,80,80,80],"card_choices":[{"not_picked":["Loop","Steam Power","Static Discharge"],"picked":"SKIP","floor":1},{"not_picked":["Steam","White Noise","Ball Lightning"],"picked":"SKIP","floor":5},{"not_picked":["Lockon","Aggregate","Coolheaded"],"picked":"SKIP","floor":6},{"not_picked":["Sweeping Beam","Leap","Stack"],"picked":"SKIP","floor":8},{"not_picked":["Go for the Eyes","Rainbow","Barrage"],"picked":"SKIP","floor":11},{"not_picked":["Beam Cell","Turbo"],"picked":"Defragment","floor":12},{"not_picked":["Redo","Cold Snap","Go for the Eyes"],"picked":"SKIP","floor":13}],"player_experience":521884,"relics_obtained":[{"floor":6,"key":"Blue Candle"},{"floor":9,"key":"Happy Flower"},{"floor":10,"key":"The Courier"},{"floor":11,"key":"Ornamental Fan"},{"floor":13,"key":"Gremlin Horn"}],"event_choices":[{"damage_healed":0,"gold_gain":0,"player_choice":"Donut","damage_taken":0,"max_hp_gain":5,"max_hp_loss":0,"event_name":"Big Fish","floor":3,"gold_loss":0},{"damage_healed":0,"gold_gain":175,"player_choice":"AGREE","damage_taken":0,"max_hp_gain":0,"max_hp_loss":0,"event_name":"Liars Game","floor":4,"gold_loss":0,"cards_obtained":["Doubt"]}],"is_beta":true,"boss_relics":[],"items_purged_floors":[],"is_endless":false,"potions_floor_spawned":[1,5,13],"killed_by":"Exordium Thugs","ascension_level":1}