{"gold_per_floor":[117,117,136,150,6,33,33,65,65,80,95,115,142,142,142,239,239,251,251,100,117,129,161,161,194,194,213,232,36,50,67,67,67],"floor_reached":33,"playtime":2428,"items_purged":[],"score":336,"play_id":"91c7ed78-354c-4d96-8610-86fc9760d13a","local_time":"20181208223718","is_ascension_mode":false,"campfire_choices":[{"floor":7,"key":"REST"},{"floor":15,"key":"REST"},{"floor":24,"key":"REST"},{"floor":32,"key":"REST"}],"neow_cost":"NONE","seed_source_timestamp":209171675994233,"circlet_count":0,"master_deck":["Strike_R","Strike_R","Strike_R","Defend_R","Defend_R","Defend_R","Bash","Twin Strike","Anger","Wild Strike","Disarm","Thunderclap","Warcry","Headbutt","Offering","Armaments","Disarm","Demon Form+1","Hemokinesis","Double Tap","Sentinel+1","Immolate+1","Sever Soul+1","Pommel Strike","Rupture+1","Flex","Shrug It Off","Pommel Strike+1","Anger","Heavy Blade","Bloodletting","Armaments+1","Rampage+1","Inflame+1","True Grit+1"],"relics":["Burning Blood","NeowsBlessing","Letter Opener","Question Card","Frozen Egg 2","Happy Flower","Ornamental Fan","Astrolabe","Pear","Oddly Smooth Stone","Bottled Tornado"],"potions_floor_usage":[6,6,16,22,23,23,23,25,25,27,28,30,30,31,31],"damage_taken":[{"damage":0,"enemies":"Small Slimes","floor":1,"turns":2},{"damage":0,"enemies":"Cultist","floor":3,"turns":1},{"damage":0,"enemies":"2 Louse","floor":4,"turns":1},{"damage":20,"enemies":"Lagavulin","floor":6,"turns":6},{"damage":10,"enemies":"Gremlin Nob","floor":8,"turns":4},{"damage":6,"enemies":"Exordium Wildlife","floor":10,"turns":3},{"damage":25,"enemies":"Gremlin Gang","floor":11,"turns":4},{"damage":5,"enemies":"3 Louse","floor":12,"turns":4},{"damage":33,"enemies":"3 Sentries","floor":13,"turns":5},{"damage":38,"enemies":"Hexaghost","floor":16,"turns":9},{"damage":10,"enemies":"Spheric Guardian","floor":18,"turns":3},{"damage":22,"enemies":"Shell Parasite","floor":21,"turns":3},{"damage":17,"enemies":"Centurion and Healer","floor":22,"turns":3},{"damage":37,"enemies":"Slavers","floor":23,"turns":4},{"damage":53,"enemies":"Gremlin Leader","floor":25,"turns":8},{"damage":18,"enemies":"Cultist and Chosen","floor":27,"turns":3},{"damage":18,"enemies":"Snake Plant","floor":28,"turns":3},{"damage":0,"enemies":"Chosen and Byrds","floor":30,"turns":4},{"damage":12,"enemies":"Centurion and Healer","floor":31,"turns":5},{"damage":41,"enemies":"Automaton","floor":33,"turns":4}],"seed_played":"-4951724742172784180","potions_obtained":[{"floor":2,"key":"SkillPotion"},{"floor":2,"key":"Weak Potion"},{"floor":2,"key":"Fire Potion"},{"floor":8,"key":"Poison Potion"},{"floor":11,"key":"EssenceOfSteel"},{"floor":13,"key":"EntropicBrew"},{"floor":21,"key":"AttackPotion"},{"floor":23,"key":"Regen Potion"},{"floor":25,"key":"Regen Potion"},{"floor":30,"key":"Block Potion"}],"is_trial":false,"path_per_floor":["M","?","M","M","$","E","R","E","T","M","M","M","E","T","R","B",null,"M","$","$","M","M","E","R","E","T","M","M","$","M","M","R","B"],"character_chosen":"IRONCLAD","items_purchased":["Disarm","Thunderclap","Warcry","Rupture+1","Flex","Shrug It Off","EssenceOfSteel","Weak Potion","EssenceOfSteel"],"campfire_rested":4,"item_purchase_floors":[5,5,5,20,20,20,29,29,29],"current_hp_per_floor":[80,80,80,80,80,66,80,76,76,76,57,58,31,31,55,23,80,76,76,76,60,49,28,55,23,23,20,8,8,14,8,35,0],"gold":67,"neow_bonus":"THREE_ENEMY_KILL","is_prod":false,"is_daily":false,"chose_seed":false,"campfire_upgraded":0,"win_rate":0,"timestamp":1544308638,"path_taken":["M","?","?","M","?","E","R","E","T","M","?","M","E","?","R","BOSS","M","?","$","?","M","E","R","E","T","M","M","$","M","M","R","BOSS"],"build_version":"2018-12-06","purchased_purges":0,"victory":false,"max_hp_per_floor":[80,80,80,80,80,80,80,80,80,80,80,80,80,80,80,80,80,80,80,80,80,80,90,90,90,90,90,90,90,90,90,90,90],"card_choices":[{"not_picked":["Flex","Power Through"],"picked":"Twin Strike","floor":1},{"not_picked":["Metallicize","Shrug It Off"],"picked":"Anger","floor":3},{"not_picked":["Entrench","Rupture"],"picked":"Wild Strike","floor":4},{"not_picked":["Thunderclap","Shrug It Off"],"picked":"Headbutt","floor":6},{"not_picked":["Hemokinesis","Sentinel"],"picked":"Offering","floor":8},{"not_picked":["Shrug It Off","Uppercut","Anger"],"picked":"Armaments","floor":10},{"not_picked":["Evolve+1","Clash","Second Wind"],"picked":"Disarm","floor":11},{"not_picked":["Warcry","Armaments","Combust+1"],"picked":"Demon Form+1","floor":12},{"not_picked":["Second Wind","Dark Embrace+1","True Grit"],"picked":"Hemokinesis","floor":13},{"not_picked":["Berserk+1","Barricade+1","Reaper"],"picked":"Double Tap","floor":16},{"not_picked":["Shrug It Off","Anger","Perfected Strike"],"picked":"Pommel Strike","floor":18},{"not_picked":["Armaments","Perfected Strike","Iron Wave+1"],"picked":"Pommel Strike+1","floor":21},{"not_picked":["Sever Soul","Brutality+1","Wild Strike+1"],"picked":"Anger","floor":22},{"not_picked":["Shrug It Off","Sword Boomerang","Headbutt"],"picked":"Heavy Blade","floor":23},{"not_picked":["Heavy Blade","Searing Blow","Havoc"],"picked":"Bloodletting","floor":25},{"not_picked":["Body Slam","Anger","Barricade+1"],"picked":"Armaments+1","floor":27},{"not_picked":["Reckless Charge","Infernal Blade","Wild Strike+1"],"picked":"Rampage+1","floor":28},{"not_picked":["Clash","Thunderclap","Iron Wave+1"],"picked":"Inflame+1","floor":30},{"not_picked":["Heavy Blade","Uppercut","Carnage"],"picked":"True Grit+1","floor":31}],"player_experience":187365,"relics_obtained":[{"floor":6,"key":"Letter Opener"},{"floor":8,"key":"Question Card"},{"floor":9,"key":"Frozen Egg 2"},{"floor":13,"key":"Happy Flower"},{"floor":14,"key":"Ornamental Fan"},{"floor":23,"key":"Pear"},{"floor":25,"key":"Oddly Smooth Stone"},{"floor":26,"key":"Bottled Tornado"}],"event_choices":[{"damage_healed":0,"gold_gain":0,"player_choice":"Got Potions","damage_taken":0,"max_hp_gain":0,"max_hp_loss":0,"event_name":"Lab","floor":2,"gold_loss":0}],"is_beta":false,"boss_relics":[{"not_picked":["Velvet Choker","Orrery"],"picked":"Astrolabe"}],"items_purged_floors":[],"is_endless":false,"potions_floor_spawned":[3,8,11,12,13,21,23,25,30],"killed_by":"Automaton","ascension_level":0}