{"gold_per_floor":[117,117,137,147,160,160,180,180,180,180],"floor_reached":10,"playtime":401,"items_purged":[],"score":120,"play_id":"607303b1-505b-41fe-a1f3-46f9277dc001","local_time":"20181108044542","is_ascension_mode":true,"campfire_choices":[{"floor":6,"key":"REST"},{"data":"Storm","floor":8,"key":"SMITH"}],"neow_cost":"NONE","seed_source_timestamp":845745138333,"circlet_count":0,"master_deck":["AscendersBane","Strike_B","Strike_B","Strike_B","Strike_B","Defend_B","Defend_B","Defend_B","Defend_B","Zap","Dualcast","Machine Learning","Zap","Conserve Battery","Storm+1","Conserve Battery"],"relics":["Cracked Core"],"potions_floor_usage":[],"damage_taken":[{"damage":12,"enemies":"Small Slimes","floor":1,"turns":3},{"damage":11,"enemies":"Cultist","floor":3,"turns":4},{"damage":7,"enemies":"Jaw Worm","floor":4,"turns":3},{"damage":28,"enemies":"3 Louse","floor":5,"turns":4},{"damage":10,"enemies":"Large Slime","floor":7,"turns":6},{"damage":18,"enemies":"Lots of Slimes","floor":10,"turns":2}],"seed_played":"-7889147942585130894","potions_obtained":[{"floor":4,"key":"LiquidBronze"},{"floor":7,"key":"Dexterity Potion"}],"is_trial":false,"path_per_floor":["M","?","M","M","M","R","M","R","T","M"],"character_chosen":"DEFECT","items_purchased":[],"campfire_rested":1,"item_purchase_floors":[],"current_hp_per_floor":[52,52,41,34,6,27,17,17,17,0],"gold":180,"neow_bonus":"ONE_RANDOM_RARE_CARD","is_prod":false,"is_daily":false,"chose_seed":false,"campfire_upgraded":1,"win_rate":0,"timestamp":1541670342,"path_taken":["M","?","?","M","M","R","M","R","T","M"],"build_version":"2018-11-07","purchased_purges":0,"victory":false,"max_hp_per_floor":[71,71,71,71,71,71,71,71,71,71],"card_choices":[{"not_picked":["Hologram","Streamline","Turbo"],"picked":"SKIP","floor":1},{"not_picked":["Compile Driver","Sweeping Beam"],"picked":"Conserve Battery","floor":3},{"not_picked":["Coolheaded","Steam Power"],"picked":"Storm","floor":4},{"not_picked":["Beam Cell","Chill"],"picked":"Conserve Battery","floor":5},{"not_picked":["Compile Driver","Barrage","Turbo"],"picked":"SKIP","floor":7}],"player_experience":555482,"relics_obtained":[],"event_choices":[{"damage_healed":0,"gold_gain":0,"player_choice":"1 cards matched","damage_taken":0,"max_hp_gain":0,"max_hp_loss":0,"event_name":"Match and Keep!","floor":2,"gold_loss":0,"cards_obtained":["Zap"]}],"is_beta":true,"boss_relics":[],"items_purged_floors":[],"is_endless":false,"potions_floor_spawned":[4,7],"killed_by":"Lots of Slimes","ascension_level":20}