{"gold_per_floor":[110,120,140,140,140,140,65,99,99,8,39,39,50,50,50,50],"floor_reached":16,"playtime":600,"items_purged":["Strike_R"],"score":113,"play_id":"ae439fae-970d-4f10-a487-013c92d49cc4","local_time":"20190208174715","is_ascension_mode":true,"campfire_choices":[{"data":"Immolate","floor":6,"key":"SMITH"},{"floor":15,"key":"REST"}],"neow_cost":"PERCENT_DAMAGE","seed_source_timestamp":372344725194128,"circlet_count":0,"master_deck":["Strike_R","Strike_R","Strike_R+1","Defend_R","Defend_R","Defend_R","Defend_R","Bash+1","Immolate+1","Havoc","Sever Soul","Warcry","Flash of Steel","Carnage","Battle Trance"],"relics":["Burning Blood","Letter Opener","Boot","Ornamental Fan","Shuriken"],"potions_floor_usage":[16],"damage_taken":[{"damage":0,"enemies":"2 Louse","floor":1,"turns":1},{"damage":7,"enemies":"Small Slimes","floor":2,"turns":3},{"damage":6,"enemies":"Cultist","floor":3,"turns":3},{"damage":9,"enemies":"3 Sentries","floor":8,"turns":3},{"damage":18,"enemies":"Lagavulin","floor":11,"turns":4},{"damage":2,"enemies":"3 Louse","floor":13,"turns":2},{"damage":54,"enemies":"The Guardian","floor":16,"turns":8}],"seed_played":"1363561110151171305","potions_obtained":[{"floor":2,"key":"SteroidPotion"},{"floor":11,"key":"Fire Potion"}],"is_trial":false,"path_per_floor":["M","M","M","?","?","R","$","E","T","$","E","$","M","?","R","B"],"character_chosen":"IRONCLAD","items_purchased":["Flash of Steel"],"campfire_rested":1,"item_purchase_floors":[10],"current_hp_per_floor":[62,61,61,45,45,45,45,42,42,42,30,30,34,27,51,0],"gold":50,"neow_bonus":"THREE_RARE_CARDS","is_prod":false,"is_daily":false,"chose_seed":false,"campfire_upgraded":1,"win_rate":0,"timestamp":1549626435,"path_taken":["M","M","M","?","?","R","$","E","T","$","E","$","?","?","R","BOSS"],"build_version":"2019-01-23","purchased_purges":1,"victory":false,"max_hp_per_floor":[80,80,80,80,80,80,80,80,80,80,80,80,80,80,80,80],"card_choices":[{"not_picked":["Exhume","Reaper"],"picked":"Immolate","floor":0},{"not_picked":["Thunderclap","Rampage"],"picked":"Havoc","floor":1},{"not_picked":["Fire Breathing","Dropkick"],"picked":"Sever Soul","floor":2},{"not_picked":["Headbutt","Wild Strike","Shockwave"],"picked":"SKIP","floor":3},{"not_picked":["Power Through","Sword Boomerang"],"picked":"Warcry","floor":8},{"not_picked":["Pommel Strike","Shrug It Off"],"picked":"Carnage","floor":11},{"not_picked":["Clothesline","Shockwave"],"picked":"Battle Trance","floor":13}],"player_experience":765106,"relics_obtained":[{"floor":8,"key":"Boot"},{"floor":9,"key":"Ornamental Fan"},{"floor":11,"key":"Shuriken"}],"event_choices":[{"damage_healed":0,"gold_gain":0,"player_choice":"Entered Light","damage_taken":16,"max_hp_gain":0,"max_hp_loss":0,"event_name":"Shining Light","floor":4,"gold_loss":0,"cards_upgraded":["Strike_R","Bash"]},{"damage_healed":0,"gold_gain":0,"player_choice":"Gave Potion","damage_taken":0,"relics_obtained":["Letter Opener"],"max_hp_gain":0,"max_hp_loss":0,"event_name":"WeMeetAgain","floor":5,"gold_loss":0},{"cards_removed":["Strike_R"],"damage_healed":0,"gold_gain":0,"player_choice":"Card Removal","damage_taken":7,"max_hp_gain":0,"max_hp_loss":0,"event_name":"Golden Wing","floor":14,"gold_loss":0}],"is_beta":false,"boss_relics":[],"items_purged_floors":[7],"is_endless":false,"potions_floor_spawned":[2,11],"killed_by":"The Guardian","ascension_level":1}