{"gold_per_floor":[118,118,43,43,43,43,55,80,80,99,99,99,115,159,159,284,284,298,298,309,329,348,348,363,363,388,416,416,416,4,37,37,132,132,152,252,263,317,329,329,362,362,362,362,362,390,390,407,407,407,407,407,38,63,63],"floor_reached":55,"playtime":3684,"items_purged":["Strike_R","Strike_R","Apotheosis+1"],"score":1011,"play_id":"de2bc6a9-d2cd-4c43-bf6a-51227eae6078","local_time":"20181128011102","is_ascension_mode":true,"campfire_choices":[{"data":"Feed","floor":6.0,"key":"SMITH"},{"data":"Sentinel","floor":11.0,"key":"SMITH"},{"floor":15,"key":"REST"},{"data":"Havoc","floor":23,"key":"SMITH"},{"data":"Warcry","floor":25,"key":"SMITH"},{"floor":28,"key":"RECALL"},{"data":"Apotheosis","floor":32,"key":"SMITH"},{"data":"Double Tap","floor":40,"key":"SMITH"},{"data":"Offering","floor":42,"key":"SMITH"},{"data":"Shrug It Off","floor":44,"key":"SMITH"},{"data":"Feel No Pain","floor":49,"key":"SMITH"},{"floor":52,"key":"REST"}],"neow_cost":"TEN_PERCENT_HP_LOSS","seed_source_timestamp":0,"circlet_count":0,"master_deck":["Defend_R+1","Defend_R+1","Defend_R+1","Defend_R+1","Bash+1","Sever Soul+1","Fiend Fire+1","Anger+1","Dark Shackles+1","Feed+1","Sentinel+1","Seeing Red+1","Bloodletting+1","Headbutt+1","Immolate+1","Feed+1","Havoc+1","Armaments+1","Shrug It Off+1","Warcry+1","Double Tap+1","Power Through+1","Clothesline+1","Bludgeon+1","Twin Strike+1","Shrug It Off+1","Metallicize+1","Carnage+1","Offering+1","Headbutt+1","Feel No Pain+1","Secret Weapon","Body Slam"],"special_seed":0,"relics":["Burning Blood","Happy Flower","Bronze Scales","Incense Burner","Bloody Idol","Lantern","Mark of Pain","Pantograph","Meat on the Bone","Runic Pyramid","Unceasing Top","Champion Belt","Calipers","Thread and Needle","Mark of the Bloom","Ancient Tea Set"],"potions_floor_usage":[14,16,24,24,33,33,48,50,50,50,54],"damage_taken":[{"damage":0.0,"enemies":"2 Louse","floor":1.0,"turns":3.0},{"damage":0.0,"enemies":"Cultist","floor":7.0,"turns":2.0},{"damage":18.0,"enemies":"Gremlin Nob","floor":8.0,"turns":3.0},{"damage":0.0,"enemies":"Small Slimes","floor":10.0,"turns":2.0},{"damage":18.0,"enemies":"Gremlin Gang","floor":13.0,"turns":3.0},{"damage":13,"enemies":"Lagavulin","floor":14,"turns":6},{"damage":50,"enemies":"The Guardian","floor":16,"turns":9},{"damage":25,"enemies":"Spheric Guardian","floor":18,"turns":3},{"damage":11,"enemies":"2 Thieves","floor":20,"turns":4},{"damage":38,"enemies":"Chosen and Byrds","floor":21,"turns":6},{"damage":2,"enemies":"Centurion and Healer","floor":22,"turns":8},{"damage":0,"enemies":"Snake Plant","floor":24,"turns":2},{"damage":26,"enemies":"Gremlin Leader","floor":27,"turns":6},{"damage":32,"enemies":"Book of Stabbing","floor":31,"turns":5},{"damage":48,"enemies":"Collector","floor":33,"turns":12},{"damage":18,"enemies":"3 Darklings","floor":35,"turns":3},{"damage":6,"enemies":"Orb Walker","floor":37,"turns":2},{"damage":43,"enemies":"2 Orb Walkers","floor":38,"turns":5},{"damage":3,"enemies":"4 Shapes","floor":39,"turns":8},{"damage":21,"enemies":"Giant Head","floor":41,"turns":7},{"damage":40,"enemies":"Nemesis","floor":46,"turns":6},{"damage":0,"enemies":"3 Darklings","floor":48,"turns":3},{"damage":6,"enemies":"Awakened One","floor":50,"turns":9},{"damage":12,"enemies":"Shield and Spear","floor":54,"turns":5},{"damage":45,"enemies":"The Heart","floor":55,"turns":3}],"seed_played":"-632914306080517056","potions_obtained":[{"floor":8.0,"key":"Poison Potion"},{"floor":10.0,"key":"SteroidPotion"},{"floor":13,"key":"EssenceOfSteel"},{"floor":16,"key":"Poison Potion"},{"floor":18,"key":"SteroidPotion"},{"floor":20,"key":"EssenceOfSteel"},{"floor":31,"key":"PowerPotion"},{"floor":33,"key":"SteroidPotion"},{"floor":41,"key":"SpeedPotion"},{"floor":48,"key":"Strength Potion"}],"is_trial":false,"path_per_floor":["M","?","$","?","?","R","M","E","T","M","R","?","M","M","E","R","B",null,"M","?","M","M","M","R","M","R","T","E","R","?","$","E","R","B",null,"M","?","M","?","M","R","E","R","T","R","?","E","?","M","R","B",null,"R","$","E","B"],"character_chosen":"IRONCLAD","items_purchased":["Apotheosis","PowerPotion","Power Through","Secret Weapon","FearPotion"],"campfire_rested":2,"item_purchase_floors":[30,30,30,53,53],"current_hp_per_floor":[72,72,72,54,54,54,64,56,56,62,62,42,34,27,52,12,88,69,69,81,54,67,67,78,78,83,68,68,68,68,47,47,47,99,92,97,103,71,87,87,77,77,77,77,77,60,60,60,60,54,54,54,54,42,0],"gold":63,"neow_bonus":"TRANSFORM_TWO_CARDS","is_prod":false,"is_daily":false,"chose_seed":false,"campfire_upgraded":9,"win_rate":0,"timestamp":1543385462,"path_taken":["M","?","?","?","?","R","M","E","T","?","R","?","M","E","R","BOSS","M","?","M","M","M","R","M","R","T","E","R","?","?","E","R","BOSS","M","?","?","?","M","R","E","R","T","R","?","E","?","M","R","BOSS","R","$","E","BOSS"],"build_version":"2018-11-15","purchased_purges":3,"victory":false,"max_hp_per_floor":[72,72,72,72,72,72,76,80,80,80,80,80,84,84,84,88,88,88,88,95,95,99,99,99,99,99,99,99,99,99,99,99,99,99,99,99,103,103,111,111,111,111,111,111,111,111,111,111,111,111,111,111,111,115,115],"card_choices":[{"not_picked":["Heavy Blade","Headbutt"],"picked":"Anger","floor":1.0},{"not_picked":["Carnage","Perfected Strike"],"picked":"Sentinel","floor":7.0},{"not_picked":["Pummel","Uppercut"],"picked":"Seeing Red","floor":8.0},{"not_picked":["Pummel","Twin Strike"],"picked":"Bloodletting","floor":10.0},{"not_picked":["Clothesline","Perfected Strike"],"picked":"Headbutt","floor":13},{"not_picked":["Blood for Blood","Clothesline"],"picked":"Immolate","floor":14},{"not_picked":["Limit Break","Barricade"],"picked":"Feed","floor":16},{"not_picked":["Flex","Sever Soul"],"picked":"Havoc","floor":18},{"not_picked":["Fire Breathing+1","Rampage"],"picked":"Armaments+1","floor":20},{"not_picked":["Twin Strike","Clash"],"picked":"Shrug It Off+1","floor":21},{"not_picked":["Heavy Blade","Sever Soul"],"picked":"Cleave+1","floor":22},{"not_picked":["Inflame+1","Body Slam+1"],"picked":"Warcry","floor":24},{"not_picked":["Sever Soul+1","Bloodletting+1"],"picked":"Double Tap","floor":27},{"not_picked":["Bloodletting","Iron Wave"],"picked":"Clothesline+1","floor":31},{"not_picked":["Brutality","Double Tap"],"picked":"Bludgeon","floor":33},{"not_picked":["Bloodletting","Perfected Strike"],"picked":"Twin Strike+1","floor":35},{"not_picked":["Clothesline","Seeing Red+1"],"picked":"Shrug It Off","floor":37},{"not_picked":["Rage+1","Flex"],"picked":"Metallicize+1","floor":38},{"not_picked":["Clothesline+1","Wild Strike"],"picked":"Carnage","floor":39},{"not_picked":["Blood for Blood","True Grit+1"],"picked":"Offering","floor":41},{"not_picked":["Bloodletting+1","Power Through"],"picked":"Headbutt","floor":46},{"not_picked":["Warcry","True Grit"],"picked":"Feel No Pain","floor":48},{"not_picked":["Cleave+1","Searing Blow"],"picked":"Body Slam","floor":54}],"player_experience":319291,"relics_obtained":[{"floor":8.0,"key":"Bronze Scales"},{"floor":9.0,"key":"Incense Burner"},{"floor":14,"key":"Lantern"},{"floor":27,"key":"Pantograph"},{"floor":31,"key":"Meat on the Bone"},{"floor":38,"key":"Unceasing Top"},{"floor":41,"key":"Champion Belt"},{"floor":43,"key":"Calipers"},{"floor":46,"key":"Thread and Needle"},{"floor":54,"key":"Ancient Tea Set"}],"event_choices":[{"damage_healed":0.0,"max_hp_gain":0.0,"max_hp_loss":0.0,"gold_gain":0.0,"event_name":"Upgrade Shrine","player_choice":"Upgraded","floor":2.0,"gold_loss":0.0,"damage_taken":0.0,"cards_upgraded":["Fiend Fire"]},{"damage_healed":0.0,"max_hp_gain":0.0,"max_hp_loss":0.0,"gold_gain":0.0,"event_name":"Scrap Ooze","player_choice":"Success","floor":4.0,"gold_loss":0.0,"damage_taken":18.0,"relics_obtained":["Happy Flower"]},{"damage_healed":0.0,"max_hp_gain":0.0,"max_hp_loss":0.0,"gold_gain":0.0,"event_name":"Match and Keep!","player_choice":"2 cards matched","floor":5.0,"gold_loss":0.0,"damage_taken":0.0,"cards_obtained":["Dark Shackles","Feed"]},{"damage_healed":0.0,"max_hp_gain":0.0,"max_hp_loss":0.0,"gold_gain":0.0,"event_name":"Golden Idol","player_choice":"Take Damage","floor":12.0,"gold_loss":0.0,"damage_taken":20.0,"relics_obtained":["Golden Idol"]},{"damage_healed":0,"gold_gain":0,"player_choice":"Gave Idol","damage_taken":0,"relics_obtained":["Bloody Idol"],"max_hp_gain":0,"max_hp_loss":0,"event_name":"Forgotten Altar","floor":19,"relics_lost":["Golden Idol"],"gold_loss":0},{"cards_removed":["Strike_R"],"damage_healed":0,"gold_gain":0,"player_choice":"Elegance","damage_taken":0,"max_hp_gain":0,"max_hp_loss":0,"event_name":"Back to Basics","floor":29,"gold_loss":0},{"damage_healed":0,"gold_gain":100,"player_choice":"Pray","damage_taken":0,"max_hp_gain":0,"max_hp_loss":0,"event_name":"Golden Shrine","floor":36,"gold_loss":0},{"damage_healed":0,"gold_gain":0,"player_choice":"Fight","damage_taken":0,"max_hp_gain":0,"max_hp_loss":0,"event_name":"Mysterious Sphere","floor":38,"gold_loss":0},{"cards_removed":["Cleave"],"damage_healed":0,"gold_gain":0,"player_choice":"Removed Attack","damage_taken":0,"max_hp_gain":0,"max_hp_loss":0,"event_name":"Falling","floor":45,"gold_loss":0},{"damage_healed":0,"gold_gain":0,"player_choice":"Upgrade","damage_taken":0,"relics_obtained":["Mark of the Bloom"],"max_hp_gain":0,"max_hp_loss":0,"event_name":"MindBloom","floor":47,"gold_loss":0,"cards_upgraded":["Defend_R","Defend_R","Defend_R","Defend_R","Bash","Sever Soul","Anger","Dark Shackles","Seeing Red","Bloodletting","Headbutt","Immolate","Feed","Power Through","Bludgeon","Carnage","Headbutt"]}],"is_beta":false,"boss_relics":[{"not_picked":["Sozu","Tiny House"],"picked":"Mark of Pain"},{"not_picked":["Velvet Choker","Pandora\u0027s Box"],"picked":"Runic Pyramid"}],"items_purged_floors":[3,30,53],"is_endless":false,"potions_floor_spawned":[8,10,13,16,18,20,31,33,41,48],"killed_by":"The Heart","ascension_level":4}