{"gold_per_floor":[114,114,34,34,47,82,7,21,21,96,96,96,135,154,154,278,341,355,355,355,375,394,394,433,181,181,245,245],"floor_reached":28,"playtime":1239,"items_purged":["Strike_G","Strike_G"],"score":318,"play_id":"49380f1d-2b75-42b7-87f9-b920298fd222","local_time":"20180909124424","is_ascension_mode":true,"campfire_choices":[{"data":"Noxious Fumes","floor":12.0,"key":"SMITH"},{"data":"Terror","floor":15.0,"key":"SMITH"},{"data":"1","floor":23,"key":"LIFT"}],"neow_cost":"TEN_PERCENT_HP_LOSS","seed_source_timestamp":0,"circlet_count":0,"master_deck":["Defend_G","Defend_G","Defend_G+1","Defend_G","Strike_G","Strike_G","Survivor","Neutralize","Dagger Spray","Well Laid Plans","Noxious Fumes+1","Deadly Poison","Cloak And Dagger","Terror+1","After Image","Dagger Spray","Poisoned Stab+1","Calculated Gamble"],"special_seed":0,"relics":["Ring of the Snake","Golden Idol","Kunai","Regal Pillow","Girya","Dead Branch","Tiny House","FaceOfCleric","Ginger","Vajra","Shuriken","Tiny Chest"],"potions_floor_usage":[18,22,24],"damage_taken":[{"damage":0.0,"enemies":"Small Slimes","floor":1.0,"turns":3.0},{"damage":0.0,"enemies":"2 Louse","floor":5.0,"turns":3.0},{"damage":23.0,"enemies":"3 Sentries","floor":6.0,"turns":8.0},{"damage":0.0,"enemies":"Cultist","floor":8.0,"turns":4.0},{"damage":20.0,"enemies":"Gremlin Nob","floor":13.0,"turns":4.0},{"damage":2.0,"enemies":"Exordium Thugs","floor":14.0,"turns":5.0},{"damage":2.0,"enemies":"Hexaghost","floor":16.0,"turns":7.0},{"damage":9,"enemies":"Spheric Guardian","floor":18,"turns":6},{"damage":6,"enemies":"3 Byrds","floor":21,"turns":3},{"damage":28,"enemies":"Cultist and Chosen","floor":22,"turns":5},{"damage":0,"enemies":"Book of Stabbing","floor":24,"turns":6},{"damage":30,"enemies":"Gremlin Leader","floor":27,"turns":5},{"damage":10,"enemies":"Snake Plant","floor":28,"turns":3}],"seed_played":"896088330997330107","potions_obtained":[{"floor":8.0,"key":"Swift Potion"},{"floor":14.0,"key":"GamblersBrew"},{"floor":16.0,"key":"Block Potion"},{"floor":17,"key":"Poison Potion"},{"floor":18,"key":"LiquidBronze"},{"floor":19,"key":"FairyPotion"},{"floor":21,"key":"PowerPotion"}],"is_trial":false,"path_per_floor":["M","?","$","?","M","E","$","M","T","?","T","R","E","M","R","B",null,"M","?","?","M","M","R","E","$","T","E"],"character_chosen":"THE_SILENT","items_purchased":["Well Laid Plans","Vajra"],"campfire_rested":0,"item_purchase_floors":[3,25],"current_hp_per_floor":[63,68,68,63,63,40,40,40,40,29,29,29,9,7,7,5,68,59,59,59,54,27,27,28,28,28,8,0],"gold":245,"neow_bonus":"REMOVE_TWO","is_prod":false,"is_daily":false,"chose_seed":false,"campfire_upgraded":2,"win_rate":0,"timestamp":1536511464,"path_taken":["M","?","?","?","?","E","$","M","T","?","?","R","E","M","R","BOSS","M","?","?","M","M","R","E","$","T","E","M"],"build_version":"2018-09-06","purchased_purges":2,"victory":false,"max_hp_per_floor":[63,68,68,63,63,63,63,63,63,63,63,63,63,63,63,63,68,68,68,68,69,70,70,71,71,71,72,72],"card_choices":[{"not_picked":["Prepared","Tactician"],"picked":"Dagger Spray","floor":1.0},{"not_picked":["Poisoned Stab","Predator"],"picked":"Noxious Fumes","floor":5.0},{"not_picked":["Riddle With Holes","Acrobatics","Flying Knee"],"picked":"SKIP","floor":6.0},{"not_picked":["Deflect","Distraction"],"picked":"Deadly Poison","floor":8.0},{"not_picked":["Quick Slash","Grand Finale"],"picked":"Cloak And Dagger","floor":13.0},{"not_picked":["Prepared","Flying Knee"],"picked":"Terror","floor":14.0},{"not_picked":["Corpse Explosion","Night Terror"],"picked":"After Image","floor":16.0},{"not_picked":["Underhanded Strike","Blur"],"picked":"Dagger Spray","floor":17},{"not_picked":["Distraction","Setup"],"picked":"Poisoned Stab+1","floor":18},{"not_picked":["Blade Dance","Poisoned Stab+1","Finisher"],"picked":"SKIP","floor":21},{"not_picked":["Bane","Reflex","Flechettes"],"picked":"SKIP","floor":22},{"not_picked":["Sucker Punch","Slice","Glass Knife"],"picked":"SKIP","floor":24},{"not_picked":["Dagger Spray","Choke"],"picked":"Calculated Gamble","floor":27}],"player_experience":330791,"relics_obtained":[{"floor":6.0,"key":"Kunai"},{"floor":9.0,"key":"Regal Pillow"},{"floor":11.0,"key":"Girya"},{"floor":13.0,"key":"Dead Branch"},{"floor":24,"key":"Ginger"},{"floor":26,"key":"Shuriken"},{"floor":27,"key":"Tiny Chest"}],"event_choices":[{"event_name":"Big Fish","player_choice":"Donut","floor":2.0,"damage_taken":0.0},{"event_name":"Golden Idol","player_choice":"Lose Max HP","floor":4.0,"damage_taken":0.0},{"event_name":"World of Goop","player_choice":"Gather Gold","floor":10.0,"damage_taken":0.0},{"event_name":"The Lab","player_choice":"Got Potions","floor":19,"damage_taken":0},{"event_name":"FaceTrader","player_choice":"Trade","floor":20,"damage_taken":0}],"is_beta":true,"boss_relics":[{"not_picked":["WristBlade","Ectoplasm"],"picked":"Tiny House"}],"items_purged_floors":[7,25],"is_endless":false,"potions_floor_spawned":[8,14,16,18,21],"killed_by":"Snake Plant","ascension_level":2}