{"gold_per_floor":[118,134,59,59,59,59,74,91,117,134,167,67,67,67,67,172,172,191,191,122,106,21,46,75,87,99,121,145,157,182,194,206,218],"floor_reached":33,"playtime":2985,"items_purged":["Strike_G","Strike_G"],"score":399,"play_id":"31ac4e0b-128d-44a9-8259-c1c6d0f9ed40","local_time":"20181206143538","is_ascension_mode":true,"campfire_choices":[{"floor":13,"key":"REST"},{"data":"Neutralize","floor":15,"key":"SMITH"},{"floor":29,"key":"REST"},{"floor":32,"key":"REST"}],"neow_cost":"NONE","seed_source_timestamp":485639780057605,"circlet_count":0,"master_deck":["AscendersBane","Defend_G","Defend_G","Defend_G","Defend_G","Defend_G","Strike_G","Strike_G","Strike_G","Survivor+1","Neutralize+1","Backflip+1","Blur","Crippling Poison","Flying Knee","Sucker Punch","Terror","Backflip+1","Blur","Skewer","Deadly Poison","Die Die Die","Well Laid Plans","Envenom","Backflip+1","Ghostly","Ghostly","Ghostly","Ghostly","Ghostly"],"relics":["Velvet Choker","Kunai","Vajra","War Paint","Sozu","MawBank","Bag of Marbles"],"potions_floor_usage":[11,21],"damage_taken":[{"damage":4,"enemies":"Cultist","floor":1,"turns":5},{"damage":1,"enemies":"Small Slimes","floor":2,"turns":4},{"damage":2,"enemies":"Jaw Worm","floor":7,"turns":6},{"damage":0,"enemies":"Blue Slaver","floor":8,"turns":5},{"damage":0,"enemies":"2 Fungi Beasts","floor":10,"turns":3},{"damage":24,"enemies":"Lagavulin","floor":11,"turns":9},{"damage":3,"enemies":"The Guardian","floor":16,"turns":15},{"damage":0,"enemies":"Shell Parasite","floor":18,"turns":6},{"damage":3,"enemies":"2 Thieves","floor":21,"turns":4},{"damage":15,"enemies":"Centurion and Healer","floor":23,"turns":9},{"damage":5,"enemies":"Chosen and Byrds","floor":24,"turns":6},{"damage":1,"enemies":"Sentry and Sphere","floor":27,"turns":5},{"damage":27,"enemies":"Centurion and Healer","floor":28,"turns":7},{"damage":24,"enemies":"3 Cultists","floor":30,"turns":5},{"damage":31,"enemies":"Collector","floor":33,"turns":6}],"seed_played":"1894264384793805928","potions_obtained":[{"floor":2,"key":"Explosive Potion"},{"floor":7,"key":"Strength Potion"}],"is_trial":false,"path_per_floor":["M","M","$","?","?","T","M","M","T","M","E","$","R","?","R","B",null,"M","?","$","M","?","M","M","?","T","M","M","R","M","?","R","B"],"character_chosen":"THE_SILENT","items_purchased":["Skewer"],"campfire_rested":3,"item_purchase_floors":[20],"current_hp_per_floor":[59,58,58,46,69,69,67,67,67,67,43,43,64,64,64,61,68,68,68,68,65,65,50,45,45,45,44,17,38,14,14,24,0],"gold":218,"neow_bonus":"BOSS_RELIC","is_prod":false,"is_daily":false,"chose_seed":false,"campfire_upgraded":1,"win_rate":0,"timestamp":1544106938,"path_taken":["M","M","$","?","?","?","M","M","T","M","E","?","R","?","R","BOSS","M","?","$","?","?","M","M","?","T","M","M","R","?","?","R","BOSS"],"build_version":"2018-11-15","purchased_purges":2,"victory":false,"max_hp_per_floor":[70,70,70,70,70,70,70,70,70,70,70,70,70,70,70,70,70,70,70,70,70,70,70,70,70,70,70,70,70,70,35,35,35],"card_choices":[{"not_picked":["Outmaneuver","Prepared"],"picked":"Backflip","floor":1},{"not_picked":["Flying Knee","Underhanded Strike"],"picked":"Blur","floor":2},{"not_picked":["Expertise","Outmaneuver"],"picked":"Crippling Poison","floor":7},{"not_picked":["Blade Dance","Infinite Blades"],"picked":"Flying Knee","floor":8},{"not_picked":["Outmaneuver","Bane"],"picked":"Sucker Punch","floor":10},{"not_picked":["Deflect","Bullet Time"],"picked":"Terror","floor":11},{"not_picked":["Sucker Punch","Deadly Poison"],"picked":"Backflip+1","floor":18},{"not_picked":["Outmaneuver","Backstab"],"picked":"Deadly Poison","floor":21},{"not_picked":["Skewer","Acrobatics","Blade Dance"],"picked":"SKIP","floor":23},{"not_picked":["Outmaneuver+1","Acrobatics","Endless Agony+1"],"picked":"SKIP","floor":24},{"not_picked":["Finisher","Flying Knee+1"],"picked":"Envenom","floor":27},{"not_picked":["Blade Dance","Quick Slash+1","Deadly Poison"],"picked":"SKIP","floor":28},{"not_picked":["Deflect","Distraction"],"picked":"Backflip+1","floor":30}],"player_experience":979405,"relics_obtained":[{"floor":9,"key":"Vajra"},{"floor":11,"key":"War Paint"},{"floor":26,"key":"Bag of Marbles"}],"event_choices":[{"damage_healed":0,"gold_gain":0,"player_choice":"Success","damage_taken":12,"relics_obtained":["Kunai"],"max_hp_gain":0,"max_hp_loss":0,"event_name":"Scrap Ooze","floor":4,"gold_loss":0},{"damage_healed":23,"gold_gain":0,"player_choice":"Banana","damage_taken":0,"max_hp_gain":0,"max_hp_loss":0,"event_name":"Big Fish","floor":5,"gold_loss":0},{"damage_healed":0,"gold_gain":0,"player_choice":"Ignored","damage_taken":0,"max_hp_gain":0,"max_hp_loss":0,"event_name":"Liars Game","floor":14,"gold_loss":0},{"damage_healed":0,"gold_gain":0,"player_choice":"Copied","damage_taken":0,"max_hp_gain":0,"max_hp_loss":0,"event_name":"Duplicator","floor":19,"gold_loss":0,"cards_obtained":["Blur"]},{"damage_healed":0,"gold_gain":0,"player_choice":"Obtained Relic","damage_taken":0,"relics_obtained":["MawBank"],"max_hp_gain":0,"max_hp_loss":0,"event_name":"Addict","floor":22,"gold_loss":85},{"damage_healed":0,"gold_gain":0,"player_choice":"2 cards matched","damage_taken":0,"max_hp_gain":0,"max_hp_loss":0,"event_name":"Match and Keep!","floor":25,"gold_loss":0,"cards_obtained":["Die Die Die","Well Laid Plans"]},{"damage_healed":0,"gold_gain":0,"player_choice":"Became a Ghost","damage_taken":0,"max_hp_gain":0,"max_hp_loss":35,"event_name":"Ghosts","floor":31,"gold_loss":0,"cards_obtained":["Ghostly","Ghostly","Ghostly","Ghostly","Ghostly"]}],"is_beta":false,"boss_relics":[{"not_picked":["Runic Dome","Snecko Eye"],"picked":"Sozu"}],"items_purged_floors":[3,12],"is_endless":false,"potions_floor_spawned":[2,7,18,21,28],"killed_by":"Collector","ascension_level":10}