{"gold_per_floor":[116,128,128,141,157,157,29,29,29,58,74,90,90,102,114,126],"floor_reached":16,"playtime":494,"items_purged":[],"score":179,"play_id":"3ccafb12-81eb-47d1-b390-70d87cacc885","local_time":"20190208030637","is_ascension_mode":true,"campfire_choices":[{"data":"Defragment","floor":6,"key":"SMITH"},{"data":"Zap","floor":8,"key":"SMITH"},{"floor":15,"key":"DIG"}],"neow_cost":"NONE","seed_source_timestamp":2366090511872410,"circlet_count":0,"master_deck":["AscendersBane","Strike_B","Strike_B","Strike_B","Strike_B","Defend_B","Defend_B","Defend_B","Defend_B","Zap+1","Dualcast","Amplify","Sweeping Beam","Ball Lightning","Defragment+1","Chill","BootSequence","Loop","Cold Snap"],"relics":["Cracked Core","Pear","Bird Faced Urn","Omamori","MawBank","Shovel","Frozen Egg 2"],"potions_floor_usage":[16],"damage_taken":[{"damage":1,"enemies":"2 Louse","floor":1,"turns":3},{"damage":1,"enemies":"Cultist","floor":2,"turns":3},{"damage":0,"enemies":"Small Slimes","floor":4,"turns":2},{"damage":12,"enemies":"Looter","floor":5,"turns":3},{"damage":11,"enemies":"Lagavulin","floor":10,"turns":6},{"damage":0,"enemies":"Large Slime","floor":11,"turns":5},{"damage":0,"enemies":"Exordium Thugs","floor":12,"turns":4},{"damage":61,"enemies":"Slime Boss","floor":16,"turns":5}],"seed_played":"-1064496901097493366","potions_obtained":[{"floor":5,"key":"SneckoOil"}],"is_trial":false,"path_per_floor":["M","M","?","M","M","R","$","R","T","E","M","M","?","?","R","B"],"character_chosen":"DEFECT","items_purchased":["Chill","PowerPotion"],"campfire_rested":0,"item_purchase_floors":[7,7],"current_hp_per_floor":[63,62,72,72,60,60,60,60,60,51,53,57,57,57,57,0],"gold":126,"neow_bonus":"ONE_RANDOM_RARE_CARD","is_prod":false,"is_daily":false,"chose_seed":false,"campfire_upgraded":2,"win_rate":0,"timestamp":1549613197,"path_taken":["M","M","?","M","?","R","$","R","T","E","M","M","?","?","R","BOSS"],"build_version":"2019-01-23","purchased_purges":0,"victory":false,"max_hp_per_floor":[71,71,81,81,81,81,81,81,81,81,81,81,81,81,81,81],"card_choices":[{"not_picked":["Barrage","Conserve Battery"],"picked":"Sweeping Beam","floor":1},{"not_picked":["Gash","Reinforced Body"],"picked":"Ball Lightning","floor":2},{"not_picked":["Recycle","Stack"],"picked":"Ball Lightning","floor":4},{"not_picked":["Redo","Force Field"],"picked":"Defragment","floor":5},{"not_picked":["Aggregate","Conserve Battery"],"picked":"BootSequence","floor":10},{"not_picked":["Conserve Battery","Blizzard"],"picked":"Loop","floor":11},{"not_picked":["Tempest","Compile Driver"],"picked":"Cold Snap","floor":12}],"player_experience":541438,"relics_obtained":[{"floor":9,"key":"Bird Faced Urn"},{"floor":10,"key":"Omamori"},{"floor":15,"key":"Frozen Egg 2"}],"event_choices":[{"cards_removed":["Ball Lightning"],"damage_healed":0,"gold_gain":0,"player_choice":"Gave Card","damage_taken":0,"relics_obtained":["Pear"],"max_hp_gain":0,"max_hp_loss":0,"event_name":"WeMeetAgain","floor":3,"gold_loss":0},{"damage_healed":0,"gold_gain":0,"player_choice":"Box","damage_taken":0,"relics_obtained":["MawBank"],"max_hp_gain":0,"max_hp_loss":0,"event_name":"Big Fish","floor":13,"gold_loss":0,"cards_obtained":["Regret"]},{"damage_healed":0,"gold_gain":0,"player_choice":"Searched \u00271\u0027 times","damage_taken":0,"relics_obtained":["Shovel"],"max_hp_gain":0,"max_hp_loss":0,"event_name":"Dead Adventurer","floor":14,"gold_loss":0}],"is_beta":false,"boss_relics":[],"items_purged_floors":[],"is_endless":false,"potions_floor_spawned":[5,11,12],"killed_by":"Slime Boss","ascension_level":15}