{"gold_per_floor":[117,192,142,19,36,36,67,84,84,114,125,160,160,185,185,284,284,295,295,312,15,29,29,54,54,78,78,78,106,181,199,199,299,299,312,52,66,66,85,85,97,97,122,122,132,147,147,161,161,161,161,161,25,52,52],"floor_reached":56,"playtime":1734,"items_purged":["Defend_R","Strike_R"],"score":1575,"play_id":"c1cc77d3-7fec-4175-a724-7f2d8263de3c","local_time":"20190201211737","is_ascension_mode":true,"campfire_choices":[{"data":"Shrug It Off","floor":6.0,"key":"SMITH"},{"data":"Heavy Blade","floor":13.0,"key":"SMITH"},{"data":"Limit Break","floor":15.0,"key":"SMITH"},{"data":"Inflame","floor":23.0,"key":"SMITH"},{"data":"Double Tap","floor":25.0,"key":"SMITH"},{"data":"Infernal Blade","floor":27.0,"key":"SMITH"},{"data":"Sword Boomerang","floor":28.0,"key":"SMITH"},{"data":"Flex","floor":32.0,"key":"SMITH"},{"floor":40.0,"key":"RECALL"},{"data":"Limit Break","floor":42.0,"key":"SMITH"},{"data":"Flex","floor":47.0,"key":"SMITH"},{"data":"Metallicize","floor":49.0,"key":"SMITH"},{"data":"Shrug It Off","floor":52,"key":"SMITH"}],"neow_cost":"NONE","seed_source_timestamp":13636306031500,"circlet_count":0,"master_deck":["Strike_R","Strike_R","Strike_R","Defend_R","Defend_R","Defend_R","Bash","Heavy Blade+1","Shrug It Off+1","Sword Boomerang+1","Infernal Blade+1","Limit Break+1","Metallicize+1","Double Tap+1","Intimidate+1","Shrug It Off+1","Decay","Flex+1","Limit Break+1","Shame","Injury","Parasite","Flex+1","Reaper","Regret","Heavy Blade+1","Panacea"],"special_seed":0,"relics":["Burning Blood","NeowsBlessing","Du-Vu Doll","Mummified Hand","Shuriken","Bag of Preparation","WingedGreaves","Cursed Key","Vajra","Juzu Bracelet","Strawberry","Red Skull","Calling Bell","Anchor","Pantograph","Champion Belt","Ancient Tea Set","Bottled Lightning"],"potions_floor_usage":[50,54,55,55],"damage_taken":[{"damage":0.0,"enemies":"Jaw Worm","floor":1.0,"turns":1.0},{"damage":0.0,"enemies":"Small Slimes","floor":5.0,"turns":1.0},{"damage":0.0,"enemies":"Gremlin Nob","floor":7.0,"turns":1.0},{"damage":6.0,"enemies":"Cultist","floor":8.0,"turns":3.0},{"damage":29.0,"enemies":"Lagavulin","floor":10.0,"turns":6.0},{"damage":7.0,"enemies":"Red Slaver","floor":11.0,"turns":3.0},{"damage":8.0,"enemies":"Gremlin Nob","floor":12.0,"turns":3.0},{"damage":19.0,"enemies":"Lagavulin","floor":14.0,"turns":4.0},{"damage":21.0,"enemies":"Hexaghost","floor":16.0,"turns":8.0},{"damage":14.0,"enemies":"Spheric Guardian","floor":18.0,"turns":4.0},{"damage":0.0,"enemies":"Shell Parasite","floor":20.0,"turns":3.0},{"damage":0.0,"enemies":"Chosen and Byrds","floor":22.0,"turns":3.0},{"damage":37.0,"enemies":"Gremlin Leader","floor":24.0,"turns":4.0},{"damage":12.0,"enemies":"Slavers","floor":29.0,"turns":4.0},{"damage":0.0,"enemies":"Cultist and Chosen","floor":31.0,"turns":2.0},{"damage":18.0,"enemies":"Automaton","floor":33.0,"turns":5.0},{"damage":0.0,"enemies":"3 Darklings","floor":35.0,"turns":3.0},{"damage":0.0,"enemies":"Orb Walker","floor":37.0,"turns":2.0},{"damage":29.0,"enemies":"Maw","floor":39.0,"turns":3.0},{"damage":0.0,"enemies":"Sphere and 2 Shapes","floor":41.0,"turns":1.0},{"damage":42.0,"enemies":"Transient","floor":45.0,"turns":5.0},{"damage":29.0,"enemies":"Maw","floor":46.0,"turns":5.0},{"damage":0.0,"enemies":"Spire Growth","floor":48.0,"turns":2.0},{"damage":104,"enemies":"Awakened One","floor":50,"turns":7},{"damage":40,"enemies":"Shield and Spear","floor":54,"turns":3},{"damage":90,"enemies":"The Heart","floor":55,"turns":5}],"seed_played":"-8058165261394494885","potions_obtained":[{"floor":1.0,"key":"Strength Potion"},{"floor":10.0,"key":"Swift Potion"},{"floor":12.0,"key":"BloodPotion"},{"floor":14.0,"key":"GamblersBrew"},{"floor":19.0,"key":"Energy Potion"},{"floor":19.0,"key":"Regen Potion"},{"floor":20.0,"key":"Swift Potion"},{"floor":24.0,"key":"EntropicBrew"},{"floor":37.0,"key":"SteroidPotion"},{"floor":46.0,"key":"SneckoOil"}],"is_trial":false,"path_per_floor":["M","?","?","$","M","R","E","M","T","E","M","E","R","E","R","B",null,"M","?","M","$","M","R","E","R","T","R","R","E","?","M","R","B",null,"M","$","M","$","M","R","M","R","T","?","M","M","R","M","R","B",null,"R","$","E","B",null],"character_chosen":"IRONCLAD","items_purchased":["Shrug It Off","Vajra","Juzu Bracelet","Reaper","Panacea","Swift Potion"],"campfire_rested":0,"item_purchase_floors":[4,21,21,36,53,53],"current_hp_per_floor":[80,80,80,80,80,80,80,80,80,57,56,54,54,41,41,26,67,59,59,65,65,71,71,47,47,47,47,47,53,45,51,51,39,75,81,81,87,87,87,87,87,87,87,87,84,61,61,67,67,47,77,77,77,43,34],"gold":52,"neow_bonus":"THREE_ENEMY_KILL","is_prod":false,"is_daily":false,"chose_seed":false,"campfire_upgraded":12,"win_rate":0,"timestamp":1549081057,"path_taken":["M","?","?","?","M","R","E","M","T","E","M","E","R","E","R","BOSS","M","?","M","$","M","R","E","R","T","R","R","E","?","M","R","BOSS","M","$","M","?","M","R","M","R","T","?","M","M","R","M","R","BOSS","R","$","E","BOSS"],"build_version":"2019-01-23","purchased_purges":2,"victory":true,"max_hp_per_floor":[80,80,80,80,80,80,80,80,80,80,80,80,80,80,80,80,80,80,80,80,80,80,80,87,87,87,87,87,87,87,87,87,87,87,87,87,87,87,87,87,87,87,87,87,87,87,87,87,87,87,87,87,87,87,87],"card_choices":[{"not_picked":["Fire Breathing","Pummel"],"picked":"Heavy Blade","floor":1.0},{"not_picked":["Clothesline","Searing Blow","Dropkick"],"picked":"SKIP","floor":5.0},{"not_picked":["Corruption","Headbutt"],"picked":"Inflame","floor":7.0},{"not_picked":["Thunderclap","True Grit"],"picked":"Sword Boomerang","floor":8.0},{"not_picked":["Entrench","Ghostly Armor","Body Slam"],"picked":"SKIP","floor":10.0},{"not_picked":["Sever Soul","Twin Strike"],"picked":"Infernal Blade","floor":11.0},{"not_picked":["Thunderclap","Sentinel"],"picked":"Limit Break","floor":12.0},{"not_picked":["Disarm","Twin Strike"],"picked":"Metallicize","floor":14.0},{"not_picked":["Exhume","Bludgeon"],"picked":"Double Tap","floor":16.0},{"not_picked":["Pommel Strike+1","Burning Pact"],"picked":"Intimidate+1","floor":18.0},{"not_picked":["Sever Soul","Cleave","Flame Barrier"],"picked":"SKIP","floor":20.0},{"not_picked":["Pommel Strike","Infernal Blade"],"picked":"Shrug It Off","floor":22.0},{"not_picked":["Reckless Charge","Body Slam","Barricade"],"picked":"SKIP","floor":24.0},{"not_picked":["Uppercut","Wild Strike","Fiend Fire"],"picked":"SKIP","floor":29.0},{"not_picked":["Perfected Strike","True Grit"],"picked":"Flex","floor":31.0},{"not_picked":["Fiend Fire","Feed"],"picked":"Limit Break","floor":33.0},{"not_picked":["Clash","Sever Soul+1"],"picked":"Flex","floor":35.0},{"not_picked":["Dropkick+1","Flex","Armaments"],"picked":"SKIP","floor":37.0},{"not_picked":["Body Slam","Clothesline","Searing Blow"],"picked":"SKIP","floor":39.0},{"not_picked":["Fire Breathing","Seeing Red+1","Pommel Strike"],"picked":"SKIP","floor":41.0},{"not_picked":["Body Slam+1","Carnage","Spot Weakness+1"],"picked":"SKIP","floor":45.0},{"not_picked":["Entrench+1","Anger","Brutality"],"picked":"SKIP","floor":46.0},{"not_picked":["Corruption","Body Slam"],"picked":"Heavy Blade+1","floor":48.0},{"not_picked":["Armaments+1","Dropkick+1","Thunderclap+1"],"picked":"SKIP","floor":54}],"player_experience":285959,"relics_obtained":[{"floor":7.0,"key":"Du-Vu Doll"},{"floor":9.0,"key":"Mummified Hand"},{"floor":10.0,"key":"Shuriken"},{"floor":12.0,"key":"Bag of Preparation"},{"floor":14.0,"key":"WingedGreaves"},{"floor":24.0,"key":"Strawberry"},{"floor":29.0,"key":"Red Skull"},{"floor":34.0,"key":"Anchor"},{"floor":34.0,"key":"Pantograph"},{"floor":34.0,"key":"Champion Belt"},{"floor":43.0,"key":"Ancient Tea Set"},{"floor":54,"key":"Bottled Lightning"}],"event_choices":[{"damage_healed":0.0,"max_hp_gain":0.0,"max_hp_loss":0.0,"gold_gain":75.0,"event_name":"Golden Wing","player_choice":"Gained Gold","floor":2.0,"gold_loss":0.0,"damage_taken":0.0},{"cards_removed":["Strike_R"],"damage_healed":0.0,"max_hp_gain":0.0,"max_hp_loss":0.0,"gold_gain":0.0,"event_name":"The Cleric","player_choice":"Card Removal","floor":3.0,"gold_loss":50.0,"damage_taken":0.0},{"damage_healed":0.0,"max_hp_gain":0.0,"max_hp_loss":0.0,"gold_gain":0.0,"event_name":"Lab","player_choice":"Got Potions","floor":19.0,"gold_loss":0.0,"damage_taken":0.0},{"damage_healed":0.0,"max_hp_gain":0.0,"max_hp_loss":0.0,"gold_gain":75.0,"event_name":"FaceTrader","player_choice":"Touch","floor":30.0,"gold_loss":0.0,"damage_taken":8.0},{"cards_removed":["Inflame"],"damage_healed":0.0,"max_hp_gain":0.0,"max_hp_loss":0.0,"gold_gain":0.0,"event_name":"Falling","player_choice":"Removed Power","floor":44.0,"gold_loss":0.0,"damage_taken":0.0}],"is_beta":false,"boss_relics":[{"not_picked":["Orrery","Sozu"],"picked":"Cursed Key"},{"not_picked":["Runic Cube","Busted Crown"],"picked":"Calling Bell"}],"items_purged_floors":[4,36],"is_endless":false,"potions_floor_spawned":[1,10,12,14,20,24,31,37,46],"ascension_level":5}