{"gold_per_floor":[116,41,53,128,141,141,155,181,208,228,248,248,268,288,288,387,387,400,400,400,410,428,428,443,366,366,196,207,225,225,238,238,238],"floor_reached":33,"playtime":2757,"items_purged":["Strike_R","Strike_R"],"score":255,"play_id":"a1f64cec-472a-420d-94c7-53e2a4a7dd67","local_time":"20180627081326","is_ascension_mode":false,"campfire_choices":[{"data":"Bash","floor":6,"key":"SMITH"},{"floor":12,"key":"REST"},{"data":"Twin Strike","floor":15,"key":"SMITH"},{"floor":23,"key":"REST"},{"floor":32,"key":"REST"}],"neow_cost":"NONE","seed_source_timestamp":335327040760,"circlet_count":0,"master_deck":["Strike_R","Strike_R","Defend_R","Defend_R","Defend_R","Defend_R","Bash+1","Heavy Blade","Thunderclap","Infernal Blade","Rage","Inflame","Bloodletting","Flex","Twin Strike+1","Whirlwind+1","Barricade","Flex","J.A.X.","Burning Pact","Seeing Red+1","Corruption+1"],"relics":["Velvet Choker","Vajra","Happy Flower","Runic Pyramid","Nilry\u0027s Codex","Ice Cream"],"potions_floor_usage":[16,22,28,33,33],"damage_taken":[{"damage":1,"enemies":"2 Louse","floor":1,"turns":2},{"damage":0,"enemies":"Small Slimes","floor":3,"turns":2},{"damage":1,"enemies":"Cultist","floor":5,"turns":3},{"damage":2,"enemies":"2 Fungi Beasts","floor":7,"turns":3},{"damage":29,"enemies":"Lagavulin","floor":8,"turns":6},{"damage":8,"enemies":"Lots of Slimes","floor":10,"turns":3},{"damage":8,"enemies":"Red Slaver","floor":11,"turns":2},{"damage":0,"enemies":"Looter","floor":13,"turns":2},{"damage":0,"enemies":"Large Slime","floor":14,"turns":2},{"damage":28,"enemies":"Hexaghost","floor":16,"turns":5},{"damage":17,"enemies":"3 Byrds","floor":18,"turns":5},{"damage":4,"enemies":"Spheric Guardian","floor":21,"turns":3},{"damage":10,"enemies":"Cultist and Chosen","floor":22,"turns":4},{"damage":15,"enemies":"Snake Plant","floor":24,"turns":3},{"damage":0,"enemies":"Centurion and Healer","floor":28,"turns":1},{"damage":26,"enemies":"Slaver and Parasite","floor":29,"turns":3},{"damage":3,"enemies":"Cultist and Chosen","floor":31,"turns":4},{"damage":78,"enemies":"Automaton","floor":33,"turns":6}],"seed_played":"7150570531121435132","potions_obtained":[{"floor":3,"key":"FearPotion"},{"floor":8,"key":"AttackPotion"},{"floor":10,"key":"Explosive Potion"},{"floor":13,"key":"Strength Potion"},{"floor":18,"key":"Energy Potion"},{"floor":28,"key":"SpeedPotion"},{"floor":29,"key":"GamblersBrew"}],"is_trial":false,"path_per_floor":["M","$","M","?","M","R","M","E","T","M","M","R","M","M","R","B",null,"M","?","?","M","M","R","M","?","T","$","M","M","?","M","R"],"character_chosen":"IRONCLAD","items_purchased":["Burning Pact"],"campfire_rested":3,"item_purchase_floors":[27],"current_hp_per_floor":[79,79,79,68,67,67,65,36,36,28,20,44,44,44,44,16,80,63,47,47,43,33,57,42,42,42,42,42,16,42,39,63,0],"gold":238,"neow_bonus":"BOSS_RELIC","is_prod":false,"is_daily":false,"chose_seed":false,"campfire_upgraded":2,"win_rate":0.0,"timestamp":1530054806,"path_taken":["M","$","M","?","M","R","M","E","T","M","M","R","?","M","R","BOSS","M","?","?","M","M","R","M","?","T","$","M","M","?","M","R","BOSS"],"build_version":"2018-06-21v2","purchased_purges":2,"victory":false,"max_hp_per_floor":[80,80,80,80,80,80,80,80,80,80,80,80,80,80,80,80,80,80,80,80,80,80,80,80,80,80,80,80,80,80,80,80,80],"card_choices":[{"not_picked":["Clash","Perfected Strike"],"picked":"Heavy Blade","floor":1},{"not_picked":["Reaper","Rage","Clothesline"],"picked":"SKIP","floor":3},{"not_picked":["Perfected Strike","Shrug It Off"],"picked":"Thunderclap","floor":5},{"not_picked":["Disarm","Hemokinesis"],"picked":"Infernal Blade","floor":7},{"not_picked":["Sword Boomerang","Ghostly Armor"],"picked":"Rage","floor":8},{"not_picked":["Blood for Blood","Headbutt"],"picked":"Inflame","floor":10},{"not_picked":["Barricade","Clothesline"],"picked":"Bloodletting","floor":11},{"not_picked":["Shrug It Off","Twin Strike"],"picked":"Flex","floor":13},{"not_picked":["Bludgeon","Armaments"],"picked":"Twin Strike","floor":14},{"not_picked":["Fire Breathing","Bloodletting"],"picked":"Whirlwind+1","floor":18},{"not_picked":["Disarm","Feel No Pain","Power Through"],"picked":"SKIP","floor":21},{"not_picked":["True Grit+1","Carnage","Shrug It Off"],"picked":"SKIP","floor":22},{"not_picked":["Berserk","Armaments"],"picked":"Flex","floor":24},{"not_picked":["Perfected Strike+1","Twin Strike"],"picked":"Seeing Red+1","floor":28},{"not_picked":["Pommel Strike","Anger","Shrug It Off"],"picked":"SKIP","floor":29},{"not_picked":["Twin Strike","Body Slam"],"picked":"Corruption+1","floor":31}],"player_experience":4954,"relics_obtained":[{"floor":8,"key":"Vajra"},{"floor":9,"key":"Happy Flower"},{"floor":19,"key":"Nilry\u0027s Codex"},{"floor":26,"key":"Ice Cream"}],"event_choices":[{"event_name":"World of Goop","player_choice":"Gather Gold","floor":4,"damage_taken":0},{"event_name":"Cursed Tome","player_choice":"Obtained Book","floor":19,"damage_taken":0},{"event_name":"Transmorgrifier","player_choice":"Transform","floor":20,"damage_taken":0},{"event_name":"Drug Dealer","player_choice":"Got JAXXED","floor":25,"damage_taken":0},{"event_name":"The Library","player_choice":"Heal","floor":30,"damage_taken":0}],"boss_relics":[{"not_picked":["Sozu","Orrery"],"picked":"Runic Pyramid"}],"items_purged_floors":[2,27],"is_endless":false,"potions_floor_spawned":[3,8,10,13,14,18,28,29],"killed_by":"Automaton","ascension_level":0}