{"gold_per_floor":[116,116,131,131,147,181,181,224,269,70,109,109,284,66,66,66],"floor_reached":16,"playtime":897,"items_purged":["Doubt"],"score":157,"play_id":"47e621b5-d3e5-4aaf-b667-08fa62ebfd44","local_time":"20190206141429","is_ascension_mode":true,"campfire_choices":[{"floor":7,"key":"REST"},{"floor":12,"key":"REST"},{"data":"Leap","floor":15,"key":"SMITH"}],"neow_cost":"NONE","seed_source_timestamp":1032599408565607,"circlet_count":0,"master_deck":["Strike_B","Strike_B+1","Strike_B+1","Strike_B","Defend_B","Defend_B+1","Defend_B","Defend_B","Zap+1","Dualcast+1","Cold Snap","Coolheaded","Sweeping Beam","Electrodynamics","Leap+1","Seek"],"relics":["Cracked Core","Golden Idol","Blue Candle","Whetstone","Ancient Tea Set","MealTicket","Incense Burner","Oddly Smooth Stone"],"potions_floor_usage":[16,16],"damage_taken":[{"damage":0,"enemies":"2 Louse","floor":1,"turns":2},{"damage":0,"enemies":"Jaw Worm","floor":3,"turns":2},{"damage":0,"enemies":"Cultist","floor":5,"turns":3},{"damage":32,"enemies":"Gremlin Nob","floor":6,"turns":4},{"damage":5,"enemies":"3 Sentries","floor":8,"turns":2},{"damage":11,"enemies":"Lagavulin","floor":11,"turns":6},{"damage":60,"enemies":"Hexaghost","floor":16,"turns":10}],"seed_played":"6227001031082263323","potions_obtained":[{"floor":3,"key":"Poison Potion"},{"floor":8,"key":"GamblersBrew"}],"is_trial":false,"path_per_floor":["M","?","M","?","M","E","R","E","T","$","E","R","?","$","R","B"],"character_chosen":"DEFECT","items_purchased":["MealTicket","Oddly Smooth Stone"],"campfire_rested":2,"item_purchase_floors":[10,14],"current_hp_per_floor":[68,53,53,53,53,21,41,36,36,36,25,45,45,60,60,0],"gold":66,"neow_bonus":"UPGRADE_CARD","is_prod":false,"is_daily":false,"chose_seed":false,"campfire_upgraded":1,"win_rate":0,"timestamp":1549458869,"path_taken":["M","?","M","?","?","E","R","E","T","$","E","R","?","$","R","BOSS"],"build_version":"2019-01-23","purchased_purges":1,"victory":false,"max_hp_per_floor":[75,75,75,69,69,69,69,69,69,69,69,69,69,69,69,69],"card_choices":[{"not_picked":["Streamline","Beam Cell"],"picked":"Cold Snap","floor":1},{"not_picked":["Redo","Turbo"],"picked":"Coolheaded","floor":3},{"not_picked":["Tempest","FTL"],"picked":"Sweeping Beam","floor":5},{"not_picked":["Multi-Cast","Cold Snap"],"picked":"Electrodynamics","floor":6},{"not_picked":["Streamline","Compile Driver"],"picked":"Leap","floor":8},{"not_picked":["Turbo","Gash"],"picked":"Seek","floor":11}],"player_experience":243284,"relics_obtained":[{"floor":6,"key":"Blue Candle"},{"floor":8,"key":"Whetstone"},{"floor":9,"key":"Ancient Tea Set"},{"floor":11,"key":"Incense Burner"}],"event_choices":[{"damage_healed":0,"gold_gain":0,"player_choice":"Entered Light","damage_taken":15,"max_hp_gain":0,"max_hp_loss":0,"event_name":"Shining Light","floor":2,"gold_loss":0,"cards_upgraded":["Defend_B","Dualcast"]},{"damage_healed":0,"gold_gain":0,"player_choice":"Lose Max HP","damage_taken":0,"relics_obtained":["Golden Idol"],"max_hp_gain":0,"max_hp_loss":6,"event_name":"Golden Idol","floor":4,"gold_loss":0},{"damage_healed":0,"gold_gain":175,"player_choice":"AGREE","damage_taken":0,"max_hp_gain":0,"max_hp_loss":0,"event_name":"Liars Game","floor":13,"gold_loss":0,"cards_obtained":["Doubt"]}],"is_beta":false,"boss_relics":[],"items_purged_floors":[14],"is_endless":false,"potions_floor_spawned":[3,8],"killed_by":"Hexaghost","ascension_level":7}