{"gold_per_floor":[109,36,36,111,125,125,152,152,175,60,60,90,90,110,110,205,205,215,490,415,427,442,442,442],"floor_reached":24,"playtime":998,"items_purged":["Entrench+1"],"score":260,"play_id":"a6e12abe-0c79-4307-a47e-049760e20220","local_time":"20190210132134","is_ascension_mode":true,"campfire_choices":[{"data":"Whirlwind","floor":6,"key":"SMITH"},{"floor":8,"key":"REST"},{"data":"Armaments","floor":13,"key":"SMITH"},{"data":"Rampage","floor":15,"key":"SMITH"},{"floor":23,"key":"REST"}],"neow_cost":"NONE","seed_source_timestamp":1374925766148746,"circlet_count":0,"master_deck":["Strike_R+1","Strike_R","Strike_R","Defend_R","Defend_R","Defend_R","Bash+1","Reckless Charge+1","Dual Wield+1","Whirlwind+1","Rampage+1","Headbutt","Carnage","Battle Trance","Evolve","Armaments+1","Carnage","Double Tap","Regret"],"relics":["Astrolabe","Magic Flower","Whetstone","Odd Mushroom","Velvet Choker"],"potions_floor_usage":[7,16],"damage_taken":[{"damage":2,"enemies":"Jaw Worm","floor":1,"turns":4},{"damage":0,"enemies":"2 Louse","floor":5,"turns":1},{"damage":20,"enemies":"Lagavulin","floor":7,"turns":5},{"damage":16,"enemies":"Gremlin Nob","floor":12,"turns":3},{"damage":0,"enemies":"The Mushroom Lair","floor":14,"turns":1},{"damage":29,"enemies":"Slime Boss","floor":16,"turns":6},{"damage":12,"enemies":"Shell Parasite","floor":18,"turns":4},{"damage":6,"enemies":"2 Thieves","floor":21,"turns":2},{"damage":46,"enemies":"Snake Plant","floor":22,"turns":4},{"damage":28,"enemies":"Shelled Parasite and Fungi","floor":24,"turns":3}],"seed_played":"-5109766466837714802","potions_obtained":[{"floor":5,"key":"Poison Potion"},{"floor":14,"key":"EssenceOfSteel"}],"is_trial":false,"path_per_floor":["M","$","?","?","M","R","E","R","T","$","?","E","R","?","R","B",null,"M","?","$","M","M","R","M"],"character_chosen":"IRONCLAD","items_purchased":["Rampage","Battle Trance","Evolve"],"campfire_rested":2,"item_purchase_floors":[2,10,10],"current_hp_per_floor":[70,70,70,59,59,59,39,63,63,63,63,47,47,47,47,18,65,53,53,53,47,1,25,0],"gold":442,"neow_bonus":"BOSS_RELIC","is_prod":false,"is_daily":false,"chose_seed":false,"campfire_upgraded":3,"win_rate":0,"timestamp":1549801294,"path_taken":["M","$","?","?","M","R","E","R","T","$","?","E","R","?","R","BOSS","M","?","$","M","M","R","?"],"build_version":"2019-01-23","purchased_purges":1,"victory":false,"max_hp_per_floor":[80,80,80,80,80,80,80,80,80,80,80,80,80,80,80,80,80,80,80,80,80,80,80,80],"card_choices":[{"not_picked":["Clothesline","Corruption"],"picked":"Whirlwind","floor":1},{"not_picked":["Sword Boomerang","Clash"],"picked":"Headbutt","floor":5},{"not_picked":["Whirlwind","Headbutt"],"picked":"Carnage","floor":7},{"not_picked":["Flex","Anger"],"picked":"Armaments","floor":12},{"not_picked":["Perfected Strike","True Grit"],"picked":"Carnage","floor":14},{"not_picked":["Fiend Fire","Limit Break"],"picked":"Double Tap","floor":16},{"not_picked":["Warcry","Havoc","Infernal Blade+1"],"picked":"SKIP","floor":18},{"not_picked":["Perfected Strike","Anger","Havoc"],"picked":"SKIP","floor":21},{"not_picked":["Warcry","Clothesline","True Grit"],"picked":"SKIP","floor":22}],"player_experience":369610,"relics_obtained":[{"floor":7,"key":"Magic Flower"},{"floor":12,"key":"Whetstone"},{"floor":14,"key":"Odd Mushroom"}],"event_choices":[{"damage_healed":0,"gold_gain":0,"player_choice":"Ignored","damage_taken":0,"max_hp_gain":0,"max_hp_loss":0,"event_name":"Liars Game","floor":3,"gold_loss":0},{"damage_healed":0,"gold_gain":75,"player_choice":"Gather Gold","damage_taken":11,"max_hp_gain":0,"max_hp_loss":0,"event_name":"World of Goop","floor":4,"gold_loss":0},{"damage_healed":0,"gold_gain":0,"player_choice":"Searched \u00270\u0027 times","damage_taken":0,"max_hp_gain":0,"max_hp_loss":0,"event_name":"Dead Adventurer","floor":11,"gold_loss":0},{"damage_healed":0,"gold_gain":0,"player_choice":"Fought Mushrooms","damage_taken":0,"max_hp_gain":0,"max_hp_loss":0,"event_name":"Mushrooms","floor":14,"gold_loss":0},{"damage_healed":0,"gold_gain":275,"player_choice":"Desecrate","damage_taken":0,"max_hp_gain":0,"max_hp_loss":0,"event_name":"Golden Shrine","floor":19,"gold_loss":0,"cards_obtained":["Regret"]}],"is_beta":false,"boss_relics":[{"not_picked":["Lizard Tail","Pandora\u0027s Box"],"picked":"Velvet Choker"}],"items_purged_floors":[20],"is_endless":false,"potions_floor_spawned":[5,14],"killed_by":"Shelled Parasite and Fungi","ascension_level":6}