{"gold_per_floor":[115,41,41,41,60,87,87,115,139,139],"floor_reached":10,"playtime":234,"items_purged":[],"score":124,"play_id":"5718f914-7756-498b-9518-5a8363f78bfe","local_time":"20181207214117","is_ascension_mode":true,"campfire_choices":[{"data":"Fire Breathing","floor":7,"key":"SMITH"}],"neow_cost":"NONE","seed_source_timestamp":1658846090790200,"circlet_count":0,"master_deck":["Strike_R","Strike_R","Strike_R","Strike_R","Defend_R","Defend_R","Defend_R","Defend_R","Bash","Fire Breathing","Fire Breathing+1","Twin Strike"],"relics":["Burning Blood","NeowsBlessing","Juzu Bracelet","Centennial Puzzle"],"potions_floor_usage":[8,10],"damage_taken":[{"damage":0,"enemies":"2 Louse","floor":1,"turns":1},{"damage":0,"enemies":"Cultist","floor":5,"turns":1},{"damage":0,"enemies":"Gremlin Nob","floor":6,"turns":1},{"damage":50,"enemies":"Lagavulin","floor":8,"turns":10},{"damage":44,"enemies":"Gremlin Nob","floor":10,"turns":4}],"seed_played":"5175573686467943889","potions_obtained":[{"floor":1,"key":"BloodPotion"},{"floor":5,"key":"SkillPotion"}],"is_trial":false,"path_per_floor":["M","$","?","?","M","E","R","E","T","E"],"character_chosen":"IRONCLAD","items_purchased":["Fire Breathing"],"campfire_rested":0,"item_purchase_floors":[2],"current_hp_per_floor":[80,80,80,80,80,80,80,36,36,0],"gold":139,"neow_bonus":"THREE_ENEMY_KILL","is_prod":false,"is_daily":false,"chose_seed":false,"campfire_upgraded":1,"win_rate":0,"timestamp":1544215277,"path_taken":["M","$","?","?","?","E","R","E","T","E"],"build_version":"2018-12-06","purchased_purges":0,"victory":false,"max_hp_per_floor":[80,80,80,80,80,80,80,80,80,80],"card_choices":[{"not_picked":["Perfected Strike","Corruption"],"picked":"Fire Breathing","floor":1},{"not_picked":["Heavy Blade","Thunderclap"],"picked":"Twin Strike","floor":5},{"not_picked":["Havoc","Twin Strike","Blood for Blood"],"picked":"SKIP","floor":6},{"not_picked":["Thunderclap","Warcry","True Grit"],"picked":"SKIP","floor":8}],"player_experience":786558,"relics_obtained":[{"floor":6,"key":"Juzu Bracelet"},{"floor":8,"key":"Centennial Puzzle"}],"event_choices":[{"damage_healed":0,"gold_gain":0,"player_choice":"Leave","damage_taken":0,"max_hp_gain":0,"max_hp_loss":0,"event_name":"The Cleric","floor":3,"gold_loss":0},{"cards_removed":["Strike_R"],"damage_healed":0,"gold_gain":0,"player_choice":"Purged","damage_taken":0,"max_hp_gain":0,"max_hp_loss":0,"event_name":"Purifier","floor":4,"gold_loss":0}],"is_beta":false,"boss_relics":[],"items_purged_floors":[],"is_endless":false,"potions_floor_spawned":[1,5],"killed_by":"Gremlin Nob","ascension_level":5}