{"gold_per_floor":[109,109,109,126,32,32,64,64,87,107,133,133,145,180,180,257,257,277,296,314,217,230,230,258,258,258,258,127,127],"floor_reached":29,"playtime":1692,"items_purged":["Strike_R","Strike_R"],"score":483,"play_id":"32c2705a-8afb-441f-b53e-4696cafec3e4","local_time":"20190201203740","is_ascension_mode":true,"campfire_choices":[{"data":"Perfected Strike","floor":6,"key":"SMITH"},{"data":"Cleave","floor":8,"key":"SMITH"},{"data":"Metallicize","floor":15,"key":"SMITH"},{"floor":23,"key":"REST"},{"data":"Juggernaut","floor":25,"key":"SMITH"}],"neow_cost":"NONE","seed_source_timestamp":1155248359322822,"circlet_count":0,"master_deck":["AscendersBane","Strike_R","Strike_R","Strike_R","Defend_R","Defend_R","Defend_R","Defend_R","Bash","Cleave+1","Perfected Strike+1","Twin Strike","Shrug It Off","Metallicize+1","Shrug It Off","Twin Strike","Rage","Juggernaut+1","Shrug It Off","Pommel Strike","Metallicize+1","Twin Strike","Corruption"],"relics":["Black Blood","NeowsBlessing","Ornamental Fan","Omamori","Magic Flower","Smiling Mask","Bronze Scales","Singing Bowl"],"potions_floor_usage":[14,22,24,29],"damage_taken":[{"damage":0,"enemies":"Jaw Worm","floor":1,"turns":1},{"damage":0,"enemies":"2 Louse","floor":4,"turns":1},{"damage":0,"enemies":"Gremlin Nob","floor":7,"turns":1},{"damage":0,"enemies":"Cultist","floor":10,"turns":2},{"damage":3,"enemies":"Exordium Thugs","floor":13,"turns":4},{"damage":23,"enemies":"3 Sentries","floor":14,"turns":5},{"damage":56,"enemies":"Slime Boss","floor":16,"turns":12},{"damage":9,"enemies":"Chosen","floor":18,"turns":5},{"damage":19,"enemies":"Spheric Guardian","floor":19,"turns":5},{"damage":26,"enemies":"Centurion and Healer","floor":20,"turns":8},{"damage":34,"enemies":"Shelled Parasite and Fungi","floor":22,"turns":9},{"damage":35,"enemies":"Gremlin Leader","floor":24,"turns":7},{"damage":40,"enemies":"Chosen and Byrds","floor":29,"turns":4}],"seed_played":"662711306624730643","potions_obtained":[{"floor":4,"key":"SpeedPotion"},{"floor":7,"key":"AttackPotion"},{"floor":16,"key":"PowerPotion"},{"floor":20,"key":"SkillPotion"},{"floor":22,"key":"PowerPotion"}],"is_trial":false,"path_per_floor":["M","?","?","M","$","R","E","R","T","M","T","?","M","E","R","B",null,"M","M","M","$","M","R","E","R","T","?","$","M"],"character_chosen":"IRONCLAD","items_purchased":["Twin Strike","Shrug It Off","Pommel Strike","Corruption"],"campfire_rested":1,"item_purchase_floors":[5,5,21,28],"current_hp_per_floor":[74,74,70,75,75,75,75,75,75,75,75,75,75,61,61,14,60,66,62,51,51,32,54,34,34,34,34,34,0],"gold":127,"neow_bonus":"THREE_ENEMY_KILL","is_prod":false,"is_daily":false,"chose_seed":false,"campfire_upgraded":4,"win_rate":0,"timestamp":1549053460,"path_taken":["M","?","?","M","$","R","E","R","T","?","?","?","M","E","R","BOSS","M","M","M","$","M","R","E","R","T","?","$","M"],"build_version":"2019-01-23","purchased_purges":2,"victory":false,"max_hp_per_floor":[75,75,75,75,75,75,75,75,75,75,75,75,75,75,75,75,75,75,75,75,75,75,75,75,75,75,75,75,75],"card_choices":[{"not_picked":["Flex","Headbutt"],"picked":"Cleave","floor":1},{"not_picked":["Iron Wave","Evolve"],"picked":"Perfected Strike","floor":4},{"not_picked":["Power Through","Searing Blow"],"picked":"Metallicize","floor":7},{"not_picked":["Twin Strike","Iron Wave"],"picked":"Shrug It Off","floor":10},{"not_picked":["Thunderclap","Bloodletting"],"picked":"Twin Strike","floor":13},{"not_picked":["Cleave","Brutality"],"picked":"Rage","floor":14},{"not_picked":["Offering","Barricade"],"picked":"Juggernaut","floor":16},{"not_picked":["Thunderclap","Anger","Clash"],"picked":"SKIP","floor":18},{"not_picked":["Pummel","Blood for Blood"],"picked":"Shrug It Off","floor":19},{"not_picked":["Carnage+1","Sword Boomerang","Clash"],"picked":"SKIP","floor":20},{"not_picked":["Shrug It Off","Bloodletting"],"picked":"Metallicize","floor":22},{"not_picked":["Feel No Pain+1","Havoc"],"picked":"Twin Strike","floor":24}],"player_experience":1244554,"relics_obtained":[{"floor":7,"key":"Ornamental Fan"},{"floor":11,"key":"Omamori"},{"floor":14,"key":"Smiling Mask"},{"floor":24,"key":"Bronze Scales"},{"floor":26,"key":"Singing Bowl"}],"event_choices":[{"damage_healed":0,"gold_gain":0,"player_choice":"Ignored","damage_taken":0,"max_hp_gain":0,"max_hp_loss":0,"event_name":"Golden Wing","floor":2,"gold_loss":0},{"damage_healed":0,"gold_gain":0,"player_choice":"Bought 0 Potions","damage_taken":0,"max_hp_gain":0,"max_hp_loss":0,"event_name":"The Woman in Blue","floor":3,"gold_loss":0},{"damage_healed":0,"gold_gain":0,"player_choice":"Gave Potion","damage_taken":0,"relics_obtained":["Magic Flower"],"max_hp_gain":0,"max_hp_loss":0,"event_name":"WeMeetAgain","floor":12,"gold_loss":0},{"damage_healed":0,"gold_gain":0,"player_choice":"Upgraded","damage_taken":0,"max_hp_gain":0,"max_hp_loss":0,"event_name":"Upgrade Shrine","floor":27,"gold_loss":0,"cards_upgraded":["Metallicize"]}],"is_beta":false,"boss_relics":[{"not_picked":["Velvet Choker","Ectoplasm"],"picked":"Black Blood"}],"items_purged_floors":[21,28],"is_endless":false,"potions_floor_spawned":[4,7,16,20,22],"killed_by":"Chosen and Byrds","ascension_level":15}