{"gold_per_floor":[118,138,157,157,176,176,207,226,252,23,23,23],"floor_reached":12,"playtime":915,"items_purged":["Strike_R"],"score":84,"play_id":"a0f1db99-3a6d-4c21-a7c6-bb0803058eed","local_time":"20190127144726","is_ascension_mode":true,"campfire_choices":[{"data":"Bash","floor":6,"key":"SMITH"}],"neow_cost":"NONE","seed_source_timestamp":87628446379831,"circlet_count":0,"master_deck":["Strike_R","Strike_R+1","Strike_R+1","Defend_R","Defend_R","Defend_R","Defend_R","Bash+1","Shrug It Off","Exhume","Thunderclap+1"],"relics":["Burning Blood","Whetstone","Molten Egg 2","Lantern","Blood Vial","Mummified Hand"],"potions_floor_usage":[12,12,12,12],"damage_taken":[{"damage":7,"enemies":"Cultist","floor":1,"turns":6},{"damage":4,"enemies":"Small Slimes","floor":2,"turns":5},{"damage":1,"enemies":"Jaw Worm","floor":3,"turns":3},{"damage":16,"enemies":"Large Slime","floor":5,"turns":5},{"damage":58,"enemies":"3 Sentries","floor":7,"turns":13},{"damage":3,"enemies":"Red Slaver","floor":8,"turns":4},{"damage":18,"enemies":"Lagavulin","floor":12,"turns":3}],"seed_played":"-8302609932777441203","potions_obtained":[{"floor":1,"key":"Poison Potion"},{"floor":7,"key":"Swift Potion"},{"floor":8,"key":"EntropicBrew"}],"is_trial":false,"path_per_floor":["M","M","M","T","M","R","E","M","T","$","?","E"],"character_chosen":"IRONCLAD","items_purchased":["Blood Vial"],"campfire_rested":0,"item_purchase_floors":[10],"current_hp_per_floor":[79,80,80,80,70,70,18,21,21,21,9,0],"gold":23,"neow_bonus":"REMOVE_CARD","is_prod":false,"is_daily":false,"chose_seed":false,"campfire_upgraded":1,"win_rate":0,"timestamp":1548622046,"path_taken":["M","?","M","?","M","R","E","M","T","?","?","E"],"build_version":"2019-01-23","purchased_purges":1,"victory":false,"max_hp_per_floor":[80,80,80,80,80,80,80,80,80,80,80,80],"card_choices":[{"not_picked":["Dual Wield","True Grit","Cleave"],"picked":"SKIP","floor":1},{"not_picked":["Headbutt","Evolve","Burning Pact"],"picked":"SKIP","floor":2},{"not_picked":["Wild Strike","Feel No Pain"],"picked":"Shrug It Off","floor":3},{"not_picked":["Spot Weakness","True Grit","Perfected Strike"],"picked":"SKIP","floor":5},{"not_picked":["Entrench","Burning Pact"],"picked":"Exhume","floor":7},{"not_picked":["Havoc","Clothesline+1"],"picked":"Thunderclap+1","floor":8}],"player_experience":305630,"relics_obtained":[{"floor":4,"key":"Whetstone"},{"floor":7,"key":"Molten Egg 2"},{"floor":9,"key":"Lantern"}],"event_choices":[{"damage_healed":0,"gold_gain":0,"player_choice":"Success","damage_taken":12,"relics_obtained":["Mummified Hand"],"max_hp_gain":0,"max_hp_loss":0,"event_name":"Scrap Ooze","floor":11,"gold_loss":0}],"is_beta":false,"boss_relics":[],"items_purged_floors":[10],"is_endless":false,"potions_floor_spawned":[1,7,8],"killed_by":"Lagavulin","ascension_level":1}