{"gold_per_floor":[112,112,129,78,78,113,113,147,228,228,244,263,283,14,14,117,117,137,137,163,163,182,182,182],"floor_reached":24,"playtime":771,"items_purged":["Strike_R"],"score":366,"play_id":"5293f954-f2f7-4cbd-974a-733ba9c41aa5","local_time":"20190109061316","is_ascension_mode":true,"campfire_choices":[{"data":"Uppercut","floor":10.0,"key":"SMITH"},{"data":"Flex","floor":15.0,"key":"SMITH"},{"floor":23,"key":"REST"}],"neow_cost":"NONE","seed_source_timestamp":1247840503912478,"circlet_count":0,"master_deck":["AscendersBane","Strike_R","Strike_R","Strike_R","Strike_R","Defend_R","Defend_R","Defend_R+1","Defend_R","Bash","Heavy Blade+1","Sword Boomerang","Flex+1","Armaments+1","Uppercut+1","Flex","True Grit","Rupture","Brutality","Combust","Heavy Blade","Inflame","Writhe","Shrug It Off"],"special_seed":0,"relics":["Burning Blood","NeowsBlessing","Strawberry","Orichalcum","Blue Candle","Mummified Hand","PreservedInsect","Sozu","Red Mask","Kunai"],"potions_floor_usage":[],"damage_taken":[{"damage":0.0,"enemies":"Jaw Worm","floor":1.0,"turns":1.0},{"damage":0.0,"enemies":"Small Slimes","floor":3.0,"turns":1.0},{"damage":0.0,"enemies":"Lagavulin","floor":6.0,"turns":1.0},{"damage":16.0,"enemies":"3 Sentries","floor":8.0,"turns":9.0},{"damage":1.0,"enemies":"2 Louse","floor":11.0,"turns":2.0},{"damage":14.0,"enemies":"Lots of Slimes","floor":12.0,"turns":5.0},{"damage":0.0,"enemies":"Large Slime","floor":13.0,"turns":5.0},{"damage":12.0,"enemies":"Slime Boss","floor":16.0,"turns":7.0},{"damage":25.0,"enemies":"2 Thieves","floor":18.0,"turns":5.0},{"damage":71.0,"enemies":"Masked Bandits","floor":20.0,"turns":5.0},{"damage":17,"enemies":"Shell Parasite","floor":22,"turns":5},{"damage":35,"enemies":"Slavers","floor":24,"turns":3}],"seed_played":"5989579648947408709","potions_obtained":[{"floor":11.0,"key":"FairyPotion"},{"floor":12.0,"key":"Regen Potion"}],"is_trial":false,"path_per_floor":["M","?","M","$","?","E","?","E","T","R","M","M","M","$","R","B",null,"M","?","?","?","M","R","E"],"character_chosen":"IRONCLAD","items_purchased":["Flex","PreservedInsect","Rupture"],"campfire_rested":1,"item_purchase_floors":[4,14,14],"current_hp_per_floor":[78,62,68,68,68,74,74,64,64,64,69,61,67,67,67,61,81,76,76,11,11,8,34,0],"gold":182,"neow_bonus":"THREE_ENEMY_KILL","is_prod":false,"is_daily":false,"chose_seed":false,"campfire_upgraded":2,"win_rate":0,"timestamp":1547032396,"path_taken":["M","?","M","$","?","E","?","E","T","R","M","M","?","$","R","BOSS","M","?","?","?","?","R","E"],"build_version":"2019-01-08","purchased_purges":1,"victory":false,"max_hp_per_floor":[80,80,80,80,87,87,87,87,87,87,87,87,87,87,87,87,87,87,87,87,87,87,87,87],"card_choices":[{"not_picked":["Perfected Strike","Entrench"],"picked":"Heavy Blade","floor":1.0},{"not_picked":["Evolve","Armaments"],"picked":"Sword Boomerang","floor":3.0},{"not_picked":["Fire Breathing","Clash"],"picked":"Armaments","floor":6.0},{"not_picked":["Rampage","Feel No Pain"],"picked":"Uppercut","floor":8.0},{"not_picked":["Body Slam","Entrench","Pommel Strike"],"picked":"SKIP","floor":11.0},{"not_picked":["Havoc","Perfected Strike"],"picked":"Flex","floor":12.0},{"not_picked":["Clothesline","Dual Wield"],"picked":"True Grit","floor":13.0},{"not_picked":["Immolate","Double Tap"],"picked":"Brutality","floor":16.0},{"not_picked":["Flame Barrier","True Grit"],"picked":"Combust","floor":18.0},{"not_picked":["Cleave","Metallicize"],"picked":"Inflame","floor":20.0},{"not_picked":["Pommel Strike","Havoc"],"picked":"Shrug It Off","floor":22}],"player_experience":601403,"relics_obtained":[{"floor":6.0,"key":"Orichalcum"},{"floor":8.0,"key":"Blue Candle"},{"floor":9.0,"key":"Mummified Hand"},{"floor":20.0,"key":"Red Mask"}],"event_choices":[{"damage_healed":0.0,"max_hp_gain":0.0,"max_hp_loss":0.0,"gold_gain":0.0,"event_name":"Shining Light","player_choice":"Entered Light","floor":2.0,"gold_loss":0.0,"damage_taken":16.0,"cards_upgraded":["Heavy Blade","Defend_R"]},{"damage_healed":0.0,"max_hp_gain":0.0,"max_hp_loss":0.0,"gold_gain":0.0,"event_name":"Scrap Ooze","player_choice":"Success","floor":5.0,"gold_loss":0.0,"damage_taken":7.0,"relics_obtained":["Strawberry"]},{"damage_healed":0.0,"max_hp_gain":0.0,"max_hp_loss":0.0,"gold_gain":0.0,"event_name":"Upgrade Shrine","player_choice":"Upgraded","floor":7.0,"gold_loss":0.0,"damage_taken":0.0,"cards_upgraded":["Armaments"]},{"damage_healed":0.0,"max_hp_gain":0.0,"max_hp_loss":0.0,"gold_gain":0.0,"event_name":"The Library","player_choice":"Read","floor":19.0,"gold_loss":0.0,"damage_taken":0.0,"cards_obtained":["Heavy Blade"]},{"damage_healed":0.0,"max_hp_gain":0.0,"max_hp_loss":0.0,"gold_gain":0.0,"event_name":"Masked Bandits","player_choice":"Fought Bandits","floor":20.0,"gold_loss":0.0,"damage_taken":0.0},{"damage_healed":0.0,"max_hp_gain":0.0,"max_hp_loss":0.0,"gold_gain":0.0,"event_name":"The Mausoleum","player_choice":"Opened","floor":21.0,"gold_loss":0.0,"damage_taken":0.0,"relics_obtained":["Kunai"],"cards_obtained":["Writhe"]}],"is_beta":true,"boss_relics":[{"not_picked":["Philosopher\u0027s Stone","Orrery"],"picked":"Sozu"}],"items_purged_floors":[14],"is_endless":false,"potions_floor_spawned":[11,12,16,22],"killed_by":"Slavers","ascension_level":12}