{"gold_per_floor":[16,28,48,59,59,59,79,79,129,142,174,187,187,198,198,198],"floor_reached":16,"playtime":675,"items_purged":[],"score":186,"play_id":"dd5eb99b-5d64-49b8-9eb9-690b37228eff","local_time":"20190123232802","is_ascension_mode":true,"campfire_choices":[{"data":"Bash","floor":6,"key":"SMITH"},{"data":"Demon Form","floor":8,"key":"SMITH"},{"floor":13,"key":"REST"},{"data":"True Grit","floor":15,"key":"SMITH"}],"neow_cost":"NO_GOLD","seed_source_timestamp":1056761928844775,"circlet_count":0,"master_deck":["AscendersBane","Strike_R","Strike_R","Strike_R","Defend_R","Defend_R","Defend_R","Defend_R","Bash+1","Double Tap","Hemokinesis+1","Clothesline","Shrug It Off","Wild Strike","Evolve","Demon Form+1","True Grit+1","Shrug It Off"],"relics":["Burning Blood","Omamori","Meat on the Bone"],"potions_floor_usage":[12,12,16],"damage_taken":[{"damage":6,"enemies":"Cultist","floor":1,"turns":2},{"damage":7,"enemies":"2 Louse","floor":2,"turns":2},{"damage":9,"enemies":"Small Slimes","floor":3,"turns":4},{"damage":15,"enemies":"Blue Slaver","floor":4,"turns":4},{"damage":20,"enemies":"Large Slime","floor":7,"turns":5},{"damage":8,"enemies":"2 Fungi Beasts","floor":10,"turns":3},{"damage":10,"enemies":"Lagavulin","floor":11,"turns":5},{"damage":29,"enemies":"Gremlin Gang","floor":12,"turns":4},{"damage":3,"enemies":"Red Slaver","floor":14,"turns":5},{"damage":50,"enemies":"The Guardian","floor":16,"turns":10}],"seed_played":"-5488112841858643263","potions_obtained":[{"floor":3,"key":"SteroidPotion"},{"floor":4,"key":"SteroidPotion"},{"floor":7,"key":"Strength Potion"},{"floor":14,"key":"Energy Potion"}],"is_trial":false,"path_per_floor":["M","M","M","M","?","R","M","R","T","M","E","M","R","M","R","B"],"character_chosen":"IRONCLAD","items_purchased":[],"campfire_rested":1,"item_purchase_floors":[],"current_hp_per_floor":[68,67,64,55,55,55,41,41,41,39,35,24,46,49,49,0],"gold":198,"neow_bonus":"TRANSFORM_TWO_CARDS","is_prod":false,"is_daily":false,"chose_seed":false,"campfire_upgraded":3,"win_rate":0,"timestamp":1548304082,"path_taken":["M","M","M","?","?","R","M","R","T","M","E","M","R","?","R","BOSS"],"build_version":"2019-01-23","purchased_purges":0,"victory":false,"max_hp_per_floor":[75,75,75,75,75,75,75,75,75,75,75,75,75,75,75,75],"card_choices":[{"not_picked":["Body Slam","Infernal Blade"],"picked":"Clothesline","floor":1},{"not_picked":["Clash","True Grit"],"picked":"Shrug It Off","floor":2},{"not_picked":["Body Slam","Reckless Charge"],"picked":"Wild Strike","floor":3},{"not_picked":["Heavy Blade","Searing Blow"],"picked":"Evolve","floor":4},{"not_picked":["Battle Trance","Twin Strike"],"picked":"Demon Form","floor":7},{"not_picked":["Rage","Headbutt"],"picked":"True Grit","floor":10},{"not_picked":["Clothesline","Wild Strike","Flex"],"picked":"SKIP","floor":11},{"not_picked":["Perfected Strike","Flame Barrier"],"picked":"Shrug It Off","floor":12},{"not_picked":["Clothesline","Flex","Rage"],"picked":"SKIP","floor":14}],"player_experience":517549,"relics_obtained":[{"floor":9,"key":"Omamori"},{"floor":11,"key":"Meat on the Bone"}],"event_choices":[{"damage_healed":0,"gold_gain":0,"player_choice":"Upgraded","damage_taken":0,"max_hp_gain":0,"max_hp_loss":0,"event_name":"Upgrade Shrine","floor":5,"gold_loss":0,"cards_upgraded":["Hemokinesis"]}],"is_beta":false,"boss_relics":[],"items_purged_floors":[],"is_endless":false,"potions_floor_spawned":[3,4,7,14],"killed_by":"The Guardian","ascension_level":15}