{"path_per_floor":["M","M","?","$","M","E","M","R","T","E","M","?","M","M","R","B",null,"M","M","?","M","M","$"],"character_chosen":"THE_SILENT","items_purchased":["Footwork"],"gold_per_floor":[115,134,134,24,43,69,86,86,86,111,131,131,145,158,158,259,259,270,281,281,292,307,207],"floor_reached":24,"campfire_rested":0,"playtime":4988,"current_hp_per_floor":[70,70,70,70,70,53,40,40,40,36,36,22,34,46,46,36,70,39,36,23,26,36,36],"items_purged":["Strike_G","Strike_G"],"gold":207,"score":223,"play_id":"008873b8-67b3-4bfc-a55a-e3b08e1d3f64","is_prod":false,"is_daily":false,"is_ascension_mode":true,"campfire_upgraded":2,"path_taken":["M","M","?","?","M","E","?","R","T","E","M","?","M","?","R","BOSS","M","?","?","M","M","?","E"],"build_version":"2018-02-15-PROD1","purchased_purges":2,"victory":false,"master_deck":["Defend_G+1","Defend_G","Defend_G","Defend_G","Defend_G","Strike_G","Strike_G+1","Strike_G","Survivor","Neutralize+1","Quick Slash","Noxious Fumes+1","Footwork","Dagger Throw","Outmaneuver+1","Noxious Fumes","Heel Hook","Sucker Punch","Poisoned Stab","Noxious Fumes+1","Escape Plan","Dagger Throw+1"],"max_hp_per_floor":[70,70,70,70,70,70,70,70,70,70,70,70,70,70,70,70,70,70,70,75,75,75,75],"relics":["Ring of the Snake","Bag of Preparation","Ginger","Meat on the Bone","White Beast Statue"],"card_choices":[{"not_picked":["Underhanded Strike","Slice"],"picked":"Quick Slash"},{"not_picked":["Backstab","Underhanded Strike"],"picked":"Noxious Fumes"},{"not_picked":["Slice","Endless Agony"],"picked":"Dagger Throw"},{"not_picked":["Backflip","Choke"],"picked":"Outmaneuver"},{"not_picked":["Well Laid Plans","Underhanded Strike"],"picked":"Noxious Fumes"},{"not_picked":["PiercingWail","Tools of the Trade"],"picked":"Heel Hook"},{"not_picked":["Dagger Throw","Flying Knee"],"picked":"Sucker Punch"},{"not_picked":["Bane","Masterful Stab"],"picked":"Poisoned Stab"},{"not_picked":["Quick Slash","Dagger Spray"],"picked":"Noxious Fumes"},{"not_picked":["Dagger Throw","Bouncing Flask"],"picked":"Escape Plan"},{"not_picked":["Quick Slash","PiercingWail"],"picked":"Dagger Throw"}],"player_experience":63034,"potions_floor_usage":[6,11,14,16,16,19,21,22,22,24],"damage_taken":[{"damage":0,"enemies":"Cultist","floor":1,"turns":4},{"damage":0,"enemies":"2 Louse","floor":2,"turns":3},{"damage":0,"enemies":"Jaw Worm","floor":5,"turns":4},{"damage":17,"enemies":"Gremlin Nob","floor":6,"turns":5},{"damage":13,"enemies":"Lots of Slimes","floor":7,"turns":4},{"damage":4,"enemies":"Lagavulin","floor":10,"turns":7},{"damage":0,"enemies":"Gremlin Gang","floor":11,"turns":2},{"damage":0,"enemies":"Blue Slaver","floor":13,"turns":3},{"damage":0,"enemies":"3 Louse","floor":14,"turns":2},{"damage":22,"enemies":"Hexaghost","floor":16,"turns":11},{"damage":31,"enemies":"Spheric Guardian","floor":18,"turns":6},{"damage":3,"enemies":"3 Byrds","floor":19,"turns":5},{"damage":9,"enemies":"Centurion and Healer","floor":21,"turns":7},{"damage":2,"enemies":"Cultist and Chosen","floor":22,"turns":5},{"damage":37,"enemies":"Gremlin Leader","floor":24,"turns":4}],"event_choices":[{"event_name":"Upgrade Shrine","player_choice":"Upgraded","floor":3,"damage_taken":0},{"event_name":"Shining Light","player_choice":"Entered Light","floor":12,"damage_taken":0},{"event_name":"Forgotten Altar","player_choice":"Shed Blood","floor":20,"damage_taken":0}],"boss_relics":[{"not_picked":["Question Card","Tiny House"],"picked":"White Beast Statue"}],"potions_floor_spawned":[5,7,10,11,13,14,18,19,21,22],"seed_played":"4691626408603487407","killed_by":"Gremlin Leader","ascension_level":1,"is_trial":false}