{"gold_per_floor":[214,58,76,56,69,69,99,99,125,137,163,175,207,219,231,315,377,371,383,76,76],"floor_reached":21,"playtime":604,"items_purged":["Strike_B"],"score":310,"play_id":"df407562-3555-42d4-8528-eb96b7c10e20","local_time":"20190207030521","is_ascension_mode":true,"campfire_choices":[{"data":"Darkness","floor":6,"key":"SMITH"},{"data":"Multi-Cast","floor":8,"key":"SMITH"},{"floor":10,"key":"REST"},{"floor":15,"key":"REST"}],"neow_cost":"NONE","seed_source_timestamp":2279501311427137,"circlet_count":0,"master_deck":["AscendersBane","Strike_B","Strike_B","Strike_B","Defend_B","Defend_B","Defend_B","Defend_B","Zap","Dualcast","Darkness+1","Consume","Barrage+1","White Noise","Multi-Cast+1","Loop","Leap","Echo Form","Steam","Loop","Doom and Gloom","Defragment","Turbo","Skim"],"relics":["Cracked Core","Boot","MawBank","Tiny House","Lantern"],"potions_floor_usage":[7,13,16,21],"damage_taken":[{"damage":1,"enemies":"2 Louse","floor":1,"turns":3},{"damage":1,"enemies":"Cultist","floor":3,"turns":4},{"damage":13,"enemies":"Small Slimes","floor":5,"turns":3},{"damage":30,"enemies":"3 Sentries","floor":7,"turns":5},{"damage":15,"enemies":"3 Louse","floor":11,"turns":4},{"damage":11,"enemies":"Blue Slaver","floor":13,"turns":4},{"damage":37,"enemies":"The Guardian","floor":16,"turns":7},{"damage":30,"enemies":"2 Thieves","floor":18,"turns":4},{"damage":33,"enemies":"Shell Parasite","floor":21,"turns":2}],"seed_played":"-466042394458885300","potions_obtained":[{"floor":1,"key":"Explosive Potion"},{"floor":3,"key":"AttackPotion"},{"floor":11,"key":"Regen Potion"},{"floor":13,"key":"PowerPotion"},{"floor":16,"key":"FearPotion"}],"is_trial":false,"path_per_floor":["M","$","M","?","M","R","E","R","T","R","M","$","M","?","R","B",null,"M","?","$","M"],"character_chosen":"DEFECT","items_purchased":["Consume","Defragment","Turbo","Lantern","Skim"],"campfire_rested":2,"item_purchase_floors":[2,20,20,20,20],"current_hp_per_floor":[63,63,62,62,49,49,19,19,19,40,25,25,26,26,47,10,61,31,31,31,0],"gold":76,"neow_bonus":"HUNDRED_GOLD","is_prod":false,"is_daily":false,"chose_seed":false,"campfire_upgraded":2,"win_rate":0,"timestamp":1549526721,"path_taken":["M","$","M","?","?","R","E","R","T","R","M","$","M","?","R","BOSS","M","?","$","M"],"build_version":"2019-01-23","purchased_purges":1,"victory":false,"max_hp_per_floor":[71,71,71,71,71,71,71,71,71,71,71,71,71,71,71,71,76,76,76,76,76],"card_choices":[{"not_picked":["Go for the Eyes","Gash"],"picked":"Darkness","floor":1},{"not_picked":["Go for the Eyes","Stack"],"picked":"Barrage","floor":3},{"not_picked":["Melter","Auto Shields"],"picked":"White Noise","floor":5},{"not_picked":["Aggregate","Recycle"],"picked":"Multi-Cast","floor":7},{"not_picked":["Skim","Stack"],"picked":"Loop","floor":11},{"not_picked":["Rebound","Compile Driver"],"picked":"Leap","floor":13},{"not_picked":["Buffer","Biased Cognition"],"picked":"Echo Form","floor":16},{"not_picked":["Sunder","Rebound"],"picked":"Steam","floor":17},{"not_picked":["Go for the Eyes","Compile Driver"],"picked":"Loop","floor":18}],"player_experience":536385,"relics_obtained":[{"floor":7,"key":"Boot"},{"floor":9,"key":"MawBank"}],"event_choices":[{"damage_healed":0,"gold_gain":0,"player_choice":"Bought 1 Potion","damage_taken":0,"max_hp_gain":0,"max_hp_loss":0,"event_name":"The Woman in Blue","floor":4,"gold_loss":0},{"damage_healed":0,"gold_gain":0,"player_choice":"Fled","damage_taken":0,"max_hp_gain":0,"max_hp_loss":0,"event_name":"Scrap Ooze","floor":14,"gold_loss":0},{"damage_healed":0,"gold_gain":0,"player_choice":"Read","damage_taken":0,"max_hp_gain":0,"max_hp_loss":0,"event_name":"The Library","floor":19,"gold_loss":0,"cards_obtained":["Doom and Gloom"]}],"is_beta":false,"boss_relics":[{"not_picked":["Runic Pyramid","White Beast Statue"],"picked":"Tiny House"}],"items_purged_floors":[2],"is_endless":false,"potions_floor_spawned":[1,3,11,13,16,18],"killed_by":"Shell Parasite","ascension_level":15}