{"gold_per_floor":[116,135,147,34,34,34,53,83,83,101,136,1,1,1,1,1],"floor_reached":16,"playtime":938,"items_purged":["Strike_G"],"score":171,"play_id":"2d4194cf-1129-4b9a-9ae3-1b9c559c018d","local_time":"20190108235107","is_ascension_mode":true,"campfire_choices":[{"floor":6,"key":"REST"},{"floor":13,"key":"REST"},{"floor":15,"key":"REST"}],"neow_cost":"NONE","seed_source_timestamp":1732997108974150,"circlet_count":0,"master_deck":["AscendersBane","Defend_G","Defend_G+1","Defend_G","Defend_G","Defend_G+1","Strike_G","Strike_G","Strike_G","Strike_G","Survivor","Neutralize","Quick Slash","Riddle With Holes","Bouncing Flask","Dash","Cloak And Dagger","Blur","Riddle With Holes","Malaise","Blade Dance","Trip"],"relics":["Lizard Tail","Oddly Smooth Stone","Frozen Egg 2","Ice Cream","Golden Idol"],"potions_floor_usage":[8,11],"damage_taken":[{"damage":13,"enemies":"Jaw Worm","floor":1,"turns":4},{"damage":1,"enemies":"2 Louse","floor":2,"turns":3},{"damage":10,"enemies":"Cultist","floor":3,"turns":4},{"damage":9,"enemies":"Looter","floor":7,"turns":3},{"damage":10,"enemies":"Lagavulin","floor":8,"turns":5},{"damage":0,"enemies":"Exordium Wildlife","floor":10,"turns":6},{"damage":27,"enemies":"Gremlin Nob","floor":11,"turns":4},{"damage":83,"enemies":"Slime Boss","floor":16,"turns":15}],"seed_played":"-3854679216715096147","potions_obtained":[{"floor":1,"key":"Strength Potion"},{"floor":2,"key":"FairyPotion"},{"floor":8,"key":"SteroidPotion"},{"floor":10,"key":"AttackPotion"}],"is_trial":false,"path_per_floor":["M","M","M","$","?","R","M","E","T","M","E","$","R","?","R","B"],"character_chosen":"THE_SILENT","items_purchased":["Dash","Blade Dance","Trip"],"campfire_rested":3,"item_purchase_floors":[4,12,12],"current_hp_per_floor":[50,49,39,39,25,46,37,27,27,27,7,7,28,28,47,0],"gold":1,"neow_bonus":"BOSS_RELIC","is_prod":false,"is_daily":false,"chose_seed":false,"campfire_upgraded":0,"win_rate":0,"timestamp":1546991467,"path_taken":["M","M","M","$","?","R","M","E","T","M","E","$","R","?","R","BOSS"],"build_version":"2019-01-03v4","purchased_purges":1,"victory":false,"max_hp_per_floor":[70,70,70,70,70,70,70,70,70,70,70,70,70,65,65,65],"card_choices":[{"not_picked":["Reflex","Acrobatics"],"picked":"Quick Slash","floor":1},{"not_picked":["Distraction","Deflect"],"picked":"Riddle With Holes","floor":2},{"not_picked":["Dodge and Roll","Cloak And Dagger"],"picked":"Bouncing Flask","floor":3},{"not_picked":["PiercingWail","Deflect"],"picked":"Cloak And Dagger","floor":7},{"not_picked":["Flechettes","Finisher"],"picked":"Blur","floor":8},{"not_picked":["Dagger Throw","Terror"],"picked":"Riddle With Holes","floor":10},{"not_picked":["Quick Slash","Deadly Poison"],"picked":"Malaise","floor":11}],"player_experience":1153360,"relics_obtained":[{"floor":8,"key":"Oddly Smooth Stone"},{"floor":9,"key":"Frozen Egg 2"},{"floor":11,"key":"Ice Cream"}],"event_choices":[{"damage_healed":0,"gold_gain":0,"player_choice":"Entered Light","damage_taken":14,"max_hp_gain":0,"max_hp_loss":0,"event_name":"Shining Light","floor":5,"gold_loss":0,"cards_upgraded":["Defend_G","Defend_G"]},{"damage_healed":0,"gold_gain":0,"player_choice":"Lose Max HP","damage_taken":0,"relics_obtained":["Golden Idol"],"max_hp_gain":0,"max_hp_loss":5,"event_name":"Golden Idol","floor":14,"gold_loss":0}],"is_beta":false,"boss_relics":[],"items_purged_floors":[4],"is_endless":false,"potions_floor_spawned":[1,2,7,8,10],"killed_by":"Slime Boss","ascension_level":11}