{"gold_per_floor":[17,17,30,42,55,88,53,80,80,80,80,3,32,44,44,139,139,153,164,89,89,109,109],"floor_reached":23,"playtime":1734,"items_purged":["Strike_R"],"score":310,"play_id":"8678d1ba-c70c-4984-9cd7-2ecfb6d83956","local_time":"20190112204356","is_ascension_mode":true,"campfire_choices":[{"floor":10,"key":"REST"},{"data":"Warcry","floor":15,"key":"SMITH"}],"neow_cost":"NO_GOLD","seed_source_timestamp":0,"circlet_count":0,"master_deck":["Strike_R","Strike_R","Strike_R","Defend_R","Defend_R","Defend_R","Bash","Iron Wave","Warcry+1","Shrug It Off","Flex","Uppercut+1","Spot Weakness","Feed","Dropkick","Limit Break","True Grit+1","Sword Boomerang"],"special_seed":0,"relics":["Burning Blood","Bronze Scales","Letter Opener","Pantograph","Pen Nib","Runic Pyramid"],"potions_floor_usage":[13,14,22],"damage_taken":[{"damage":2,"enemies":"Small Slimes","floor":1,"turns":4},{"damage":0,"enemies":"2 Louse","floor":3,"turns":4},{"damage":1,"enemies":"Cultist","floor":4,"turns":3},{"damage":28,"enemies":"Large Slime","floor":5,"turns":9},{"damage":51,"enemies":"Lagavulin","floor":6,"turns":7},{"damage":31,"enemies":"Gremlin Nob","floor":8,"turns":5},{"damage":14,"enemies":"3 Sentries","floor":13,"turns":5},{"damage":15,"enemies":"Exordium Thugs","floor":14,"turns":4},{"damage":43,"enemies":"The Guardian","floor":16,"turns":11},{"damage":23,"enemies":"2 Thieves","floor":18,"turns":4},{"damage":19,"enemies":"Shell Parasite","floor":19,"turns":5},{"damage":20,"enemies":"Colosseum Slavers","floor":21,"turns":5},{"damage":24,"enemies":"Snake Plant","floor":22,"turns":3},{"damage":23,"enemies":"Gremlin Leader","floor":23,"turns":2}],"seed_played":"-8186744137774956144","potions_obtained":[{"floor":3,"key":"FearPotion"},{"floor":5,"key":"LiquidBronze"},{"floor":8,"key":"FearPotion"},{"floor":14,"key":"Explosive Potion"},{"floor":18,"key":"Poison Potion"},{"floor":22,"key":"Dexterity Potion"}],"is_trial":false,"path_per_floor":["M","?","M","M","M","E","?","E","T","R","?","$","E","M","R","B",null,"M","M","$","?","M","E"],"character_chosen":"IRONCLAD","items_purchased":["Feed"],"campfire_rested":1,"item_purchase_floors":[12],"current_hp_per_floor":[76,81,85,85,63,18,39,14,14,39,39,39,34,28,28,16,72,58,48,48,37,22,0],"gold":109,"neow_bonus":"REMOVE_TWO","is_prod":false,"is_daily":false,"chose_seed":false,"campfire_upgraded":1,"win_rate":0,"timestamp":1547347436,"path_taken":["M","?","M","M","M","E","?","E","T","R","?","$","E","M","R","BOSS","M","M","$","?","M","E"],"build_version":"2019-01-10","purchased_purges":1,"victory":false,"max_hp_per_floor":[80,85,85,85,85,85,85,85,85,85,85,85,88,91,91,91,91,94,97,97,100,103,103],"card_choices":[{"not_picked":["Metallicize","Havoc"],"picked":"Iron Wave","floor":1},{"not_picked":["Clash","Heavy Blade"],"picked":"Warcry","floor":3},{"not_picked":["Thunderclap","Pommel Strike"],"picked":"Shrug It Off","floor":4},{"not_picked":["Limit Break","Thunderclap"],"picked":"Flex","floor":5},{"not_picked":["Intimidate","Juggernaut"],"picked":"Uppercut","floor":6},{"not_picked":["Reckless Charge","True Grit"],"picked":"Spot Weakness","floor":8},{"not_picked":["Searing Blow","Rampage"],"picked":"Dropkick","floor":13},{"not_picked":["Anger","True Grit","Rupture"],"picked":"SKIP","floor":14},{"not_picked":["Impervious","Brutality"],"picked":"Limit Break","floor":16},{"not_picked":["Wild Strike+1","Armaments+1"],"picked":"True Grit+1","floor":18},{"not_picked":["Uppercut","Fire Breathing"],"picked":"Sword Boomerang","floor":19},{"not_picked":["True Grit","Havoc","Inflame"],"picked":"SKIP","floor":22}],"player_experience":153353,"relics_obtained":[{"floor":6,"key":"Bronze Scales"},{"floor":8,"key":"Letter Opener"},{"floor":9,"key":"Pantograph"},{"floor":13,"key":"Pen Nib"}],"event_choices":[{"damage_healed":0,"gold_gain":0,"player_choice":"Donut","damage_taken":0,"max_hp_gain":5,"max_hp_loss":0,"event_name":"Big Fish","floor":2,"gold_loss":0},{"damage_healed":21,"gold_gain":0,"player_choice":"Healed","damage_taken":0,"max_hp_gain":0,"max_hp_loss":0,"event_name":"The Cleric","floor":7,"gold_loss":35},{"damage_healed":0,"gold_gain":0,"player_choice":"Grow","damage_taken":0,"max_hp_gain":0,"max_hp_loss":0,"event_name":"Living Wall","floor":11,"gold_loss":0,"cards_upgraded":["Uppercut"]},{"damage_healed":0,"gold_gain":0,"player_choice":"Fight","damage_taken":0,"max_hp_gain":0,"max_hp_loss":0,"event_name":"Colosseum","floor":21,"gold_loss":0},{"damage_healed":0,"gold_gain":0,"player_choice":"Fled From Nobs","damage_taken":0,"max_hp_gain":0,"max_hp_loss":0,"event_name":"Colosseum","floor":21,"gold_loss":0}],"is_beta":false,"boss_relics":[{"not_picked":["Mark of Pain","Pandora\u0027s Box"],"picked":"Runic Pyramid"}],"items_purged_floors":[20],"is_endless":false,"potions_floor_spawned":[3,5,8,14,18,22],"killed_by":"Gremlin Leader","ascension_level":7}