{"gold_per_floor":[219,27,66,119,175,175,24,76,103,158,158,158,219,335,335,465,465,481,548,79,94,144,144,183,208],"floor_reached":25,"playtime":1349,"items_purged":["Strike_R"],"score":323,"play_id":"cdafe4b0-f5cc-416b-9ce4-4eedaeef4a08","local_time":"20190209191131","is_ascension_mode":true,"campfire_choices":[{"data":"HandOfGreed","floor":6,"key":"SMITH"},{"data":"Shrug It Off","floor":12,"key":"SMITH"},{"data":"True Grit","floor":15,"key":"SMITH"},{"floor":23,"key":"REST"}],"neow_cost":"NONE","seed_source_timestamp":697886983741700,"circlet_count":0,"master_deck":["AscendersBane","Strike_R","Strike_R","Strike_R","Strike_R","Defend_R","Defend_R","Defend_R","Defend_R","Bash","Anger","HandOfGreed+1","Shrug It Off+1","Metallicize","Spot Weakness","Battle Trance","Ghostly Armor","True Grit+1","Exhume","Uppercut","Metallicize","Flex"],"relics":["Burning Blood","Omamori","Bag of Preparation","Juzu Bracelet","Philosopher\u0027s Stone","Bag of Marbles","Gremlin Horn"],"potions_floor_usage":[8,16,19],"damage_taken":[{"damage":9,"enemies":"Jaw Worm","floor":1,"turns":6},{"damage":0,"enemies":"Cultist","floor":3,"turns":2},{"damage":6,"enemies":"Small Slimes","floor":4,"turns":5},{"damage":7,"enemies":"2 Fungi Beasts","floor":5,"turns":4},{"damage":26,"enemies":"Lagavulin","floor":8,"turns":7},{"damage":24,"enemies":"Gremlin Nob","floor":10,"turns":4},{"damage":4,"enemies":"Large Slime","floor":13,"turns":6},{"damage":10,"enemies":"Gremlin Gang","floor":14,"turns":8},{"damage":19,"enemies":"The Guardian","floor":16,"turns":19},{"damage":25,"enemies":"Spheric Guardian","floor":18,"turns":5},{"damage":28,"enemies":"3 Byrds","floor":19,"turns":8},{"damage":35,"enemies":"Snecko","floor":21,"turns":6},{"damage":4,"enemies":"Colosseum Slavers","floor":22,"turns":4},{"damage":26,"enemies":"Snake Plant","floor":24,"turns":5},{"damage":20,"enemies":"Cultist and Chosen","floor":25,"turns":6}],"seed_played":"4799490912016837309","potions_obtained":[{"floor":3,"key":"GamblersBrew"},{"floor":5,"key":"Fire Potion"},{"floor":11,"key":"FairyPotion"},{"floor":11,"key":"Weak Potion"},{"floor":13,"key":"FearPotion"},{"floor":16,"key":"Poison Potion"},{"floor":18,"key":"SkillPotion"},{"floor":24,"key":"FearPotion"}],"is_trial":false,"path_per_floor":["M","$","M","M","M","R","$","E","T","E","?","R","M","M","R","B",null,"M","M","$","M","?","R","M","M"],"character_chosen":"IRONCLAD","items_purchased":["HandOfGreed","Spot Weakness","Bag of Marbles","Gremlin Horn","Metallicize"],"campfire_rested":1,"item_purchase_floors":[2,7,20,20,20],"current_hp_per_floor":[69,69,75,75,74,74,74,54,54,36,36,36,38,34,34,21,65,46,24,24,14,16,40,20,0],"gold":208,"neow_bonus":"HUNDRED_GOLD","is_prod":false,"is_daily":false,"chose_seed":false,"campfire_upgraded":3,"win_rate":0,"timestamp":1549764691,"path_taken":["M","$","M","M","M","R","$","E","T","E","?","R","M","M","R","BOSS","M","M","$","M","?","R","M","M"],"build_version":"2019-01-23","purchased_purges":1,"victory":false,"max_hp_per_floor":[80,80,80,80,80,80,80,80,80,80,80,80,80,80,80,80,80,80,80,80,80,80,80,80,80],"card_choices":[{"not_picked":["Thunderclap","Havoc"],"picked":"Anger","floor":1},{"not_picked":["Rupture","Warcry"],"picked":"Shrug It Off","floor":3},{"not_picked":["Pummel","Clothesline"],"picked":"Metallicize","floor":4},{"not_picked":["Pummel","Clash","Thunderclap"],"picked":"SKIP","floor":5},{"not_picked":["Wild Strike","True Grit"],"picked":"Battle Trance","floor":8},{"not_picked":["Sword Boomerang","Dark Embrace","Cleave"],"picked":"SKIP","floor":10},{"not_picked":["Sword Boomerang","Warcry"],"picked":"Ghostly Armor","floor":13},{"not_picked":["Clothesline","Armaments"],"picked":"True Grit","floor":14},{"not_picked":["Barricade","Dark Embrace"],"picked":"Exhume","floor":16},{"not_picked":["Wild Strike","Seeing Red+1","Armaments"],"picked":"SKIP","floor":18},{"not_picked":["Armaments","True Grit"],"picked":"Uppercut","floor":19},{"not_picked":["Sword Boomerang","Entrench+1","Headbutt"],"picked":"SKIP","floor":21},{"not_picked":["Perfected Strike","Rampage"],"picked":"Flex","floor":24}],"player_experience":334939,"relics_obtained":[{"floor":8,"key":"Omamori"},{"floor":9,"key":"Bag of Preparation"},{"floor":10,"key":"Juzu Bracelet"}],"event_choices":[{"damage_healed":0,"gold_gain":0,"player_choice":"Got Potions","damage_taken":0,"max_hp_gain":0,"max_hp_loss":0,"event_name":"Lab","floor":11,"gold_loss":0},{"damage_healed":0,"gold_gain":0,"player_choice":"Fight","damage_taken":0,"max_hp_gain":0,"max_hp_loss":0,"event_name":"Colosseum","floor":22,"gold_loss":0},{"damage_healed":0,"gold_gain":0,"player_choice":"Fled From Nobs","damage_taken":0,"max_hp_gain":0,"max_hp_loss":0,"event_name":"Colosseum","floor":22,"gold_loss":0}],"is_beta":false,"boss_relics":[{"not_picked":["Fusion Hammer","Eternal Feather"],"picked":"Philosopher\u0027s Stone"}],"items_purged_floors":[7],"is_endless":false,"potions_floor_spawned":[3,5,13,16,18,22,24],"killed_by":"Cultist and Chosen","ascension_level":10}