{"gold_per_floor":[15,28,28,28,39,39,64,64,64,93,112,36,36,51,51,51],"floor_reached":16,"playtime":719,"items_purged":[],"score":193,"play_id":"45c445ba-5d8b-4740-8e56-e2f342eda289","local_time":"20190202110437","is_ascension_mode":true,"campfire_choices":[{"data":"Spot Weakness","floor":6,"key":"SMITH"},{"data":"Sword Boomerang","floor":8,"key":"SMITH"},{"data":"Spot Weakness","floor":13,"key":"SMITH"},{"data":"Fiend Fire","floor":15,"key":"SMITH"}],"neow_cost":"NO_GOLD","seed_source_timestamp":1208247531206309,"circlet_count":0,"master_deck":["AscendersBane","Strike_R","Strike_R","Strike_R","Strike_R","Strike_R","Defend_R","Defend_R","Defend_R","Defend_R","Bash","Spot Weakness+1","Iron Wave","Sword Boomerang+1","Metallicize","Spot Weakness+1","Fiend Fire+1"],"relics":["Burning Blood","Magic Flower","Pear","Bag of Marbles"],"potions_floor_usage":[7,10,16,16],"damage_taken":[{"damage":6,"enemies":"Cultist","floor":1,"turns":4},{"damage":12,"enemies":"Jaw Worm","floor":2,"turns":2},{"damage":10,"enemies":"Small Slimes","floor":5,"turns":3},{"damage":30,"enemies":"Lagavulin","floor":7,"turns":6},{"damage":25,"enemies":"3 Sentries","floor":10,"turns":6},{"damage":13,"enemies":"3 Louse","floor":11,"turns":2},{"damage":0,"enemies":"Exordium Thugs","floor":14,"turns":3},{"damage":47,"enemies":"Slime Boss","floor":16,"turns":5}],"seed_played":"-4779476039280661192","potions_obtained":[{"floor":1,"key":"Weak Potion"},{"floor":7,"key":"Block Potion"},{"floor":10,"key":"Strength Potion"},{"floor":14,"key":"Energy Potion"}],"is_trial":false,"path_per_floor":["M","M","?","$","M","R","E","R","T","E","M","$","R","M","R","B"],"character_chosen":"IRONCLAD","items_purchased":["Spot Weakness"],"campfire_rested":0,"item_purchase_floors":[12],"current_hp_per_floor":[71,68,68,68,67,67,56,56,56,40,36,36,36,45,45,0],"gold":51,"neow_bonus":"ONE_RARE_RELIC","is_prod":false,"is_daily":false,"chose_seed":false,"campfire_upgraded":4,"win_rate":0,"timestamp":1549105477,"path_taken":["M","?","?","$","M","R","E","R","T","E","?","?","R","M","R","BOSS"],"build_version":"2019-01-23","purchased_purges":0,"victory":false,"max_hp_per_floor":[75,75,75,75,75,75,85,85,85,85,85,85,85,85,85,85],"card_choices":[{"not_picked":["Shrug It Off","Battle Trance"],"picked":"Spot Weakness","floor":1},{"not_picked":["Searing Blow","Burning Pact","Perfected Strike"],"picked":"SKIP","floor":2},{"not_picked":["Armaments","Blood for Blood"],"picked":"Iron Wave","floor":5},{"not_picked":["Headbutt","Clothesline"],"picked":"Sword Boomerang","floor":7},{"not_picked":["Perfected Strike","Shrug It Off"],"picked":"Metallicize","floor":10},{"not_picked":["Iron Wave","Searing Blow","Sentinel"],"picked":"SKIP","floor":11},{"not_picked":["Inflame","Pummel"],"picked":"Fiend Fire","floor":14}],"player_experience":1251584,"relics_obtained":[{"floor":7,"key":"Pear"},{"floor":10,"key":"Bag of Marbles"}],"event_choices":[{"damage_healed":0,"gold_gain":0,"player_choice":"0 cards matched","damage_taken":0,"max_hp_gain":0,"max_hp_loss":0,"event_name":"Match and Keep!","floor":3,"gold_loss":0,"cards_obtained":[]}],"is_beta":false,"boss_relics":[],"items_purged_floors":[],"is_endless":false,"potions_floor_spawned":[1,7,10,14],"killed_by":"Slime Boss","ascension_level":15}