{"gold_per_floor":[113,130,130,145,156,156,184,109,109,9,19,37,37,48,48,150,150,165,264,264,264,38,38,57,57,57,57,89,106,137,154,154,252,252,263,276,376,376,387,387,417,417,417,447,460,460,476,495,495,495],"floor_reached":50,"playtime":2824,"items_purged":["Decay","Defend_G","Flying Knee"],"score":704,"play_id":"cd00bf18-b555-4eaa-bfee-223b4ef20bdb","local_time":"20181121225928","is_ascension_mode":true,"campfire_choices":[{"data":"Cloak And Dagger","floor":6.0,"key":"SMITH"},{"data":"Dagger Spray","floor":13.0,"key":"SMITH"},{"data":"Infinite Blades","floor":15.0,"key":"SMITH"},{"data":"Choke","floor":23.0,"key":"SMITH"},{"data":"Skewer","floor":25.0,"key":"SMITH"},{"data":"A Thousand Cuts","floor":27.0,"key":"SMITH"},{"floor":32.0,"key":"REST"},{"data":"Cloak And Dagger","floor":40,"key":"SMITH"},{"floor":42,"key":"REST"},{"floor":49,"key":"REST"}],"neow_cost":"NONE","seed_source_timestamp":0,"circlet_count":0,"master_deck":["Survivor","Neutralize","Backstab","Choke+1","Deflect","Cloak And Dagger+1","Dagger Spray+1","Deflect","Backflip","Infinite Blades+1","A Thousand Cuts+1","Backflip","Endless Agony","Cloak And Dagger+1","Skewer+1","Blade Dance","Deflect","Deflect+1","Concentrate","Dagger Spray","Necronomicurse","Backstab","Acrobatics","Predator+1","Dash+1","Blade Dance+1","Choke+1","Night Terror+1","Accuracy+1","Finisher+1","Cloak And Dagger+1","Leg Sweep+1","Pain","Expertise","Die Die Die","Dodge and Roll"],"special_seed":0,"relics":["Ring of the Snake","NeowsBlessing","Turnip","Tingsha","Pandora\u0027s Box","Necronomicon","Question Card","Pocketwatch","Oddly Smooth Stone","Cursed Key","Ginger","Bottled Lightning","Boot","Strawberry"],"potions_floor_usage":[45,48,50],"damage_taken":[{"damage":0.0,"enemies":"Small Slimes","floor":1.0,"turns":1.0},{"damage":0.0,"enemies":"Cultist","floor":2.0,"turns":1.0},{"damage":0.0,"enemies":"2 Louse","floor":4.0,"turns":1.0},{"damage":16.0,"enemies":"Large Slime","floor":5.0,"turns":8.0},{"damage":28.0,"enemies":"3 Sentries","floor":7.0,"turns":13.0},{"damage":0.0,"enemies":"Exordium Thugs","floor":11.0,"turns":3.0},{"damage":0.0,"enemies":"3 Louse","floor":12.0,"turns":2.0},{"damage":5.0,"enemies":"Large Slime","floor":14.0,"turns":4.0},{"damage":18.0,"enemies":"Slime Boss","floor":16.0,"turns":11.0},{"damage":0.0,"enemies":"3 Byrds","floor":18.0,"turns":4.0},{"damage":0.0,"enemies":"Shell Parasite","floor":24.0,"turns":1.0},{"damage":3.0,"enemies":"Book of Stabbing","floor":28.0,"turns":4.0},{"damage":0.0,"enemies":"Shelled Parasite and Fungi","floor":29.0,"turns":2.0},{"damage":17.0,"enemies":"Gremlin Leader","floor":30.0,"turns":4.0},{"damage":19.0,"enemies":"Centurion and Healer","floor":31.0,"turns":4.0},{"damage":31.0,"enemies":"Automaton","floor":33.0,"turns":9.0},{"damage":4.0,"enemies":"3 Darklings","floor":35.0,"turns":3.0},{"damage":0.0,"enemies":"3 Shapes","floor":36.0,"turns":2.0},{"damage":6.0,"enemies":"Mind Bloom Boss Battle","floor":37.0,"turns":3.0},{"damage":10,"enemies":"Sphere and 2 Shapes","floor":39,"turns":4},{"damage":35,"enemies":"Nemesis","floor":41,"turns":7},{"damage":5,"enemies":"Giant Head","floor":44,"turns":5},{"damage":1,"enemies":"Writhing Mass","floor":45,"turns":3},{"damage":0,"enemies":"4 Shapes","floor":47,"turns":3},{"damage":3,"enemies":"Maw","floor":48,"turns":4},{"damage":65,"enemies":"Time Eater","floor":50,"turns":4}],"seed_played":"3261247963854596124","potions_obtained":[{"floor":5.0,"key":"Weak Potion"},{"floor":11.0,"key":"EssenceOfSteel"},{"floor":12.0,"key":"GhostInAJar"},{"floor":16.0,"key":"Block Potion"},{"floor":28.0,"key":"Energy Potion"},{"floor":30.0,"key":"Dexterity Potion"},{"floor":31.0,"key":"Block Potion"},{"floor":41,"key":"Block Potion"},{"floor":44,"key":"Ancient Potion"},{"floor":45,"key":"Poison Potion"},{"floor":47,"key":"SpeedPotion"}],"is_trial":false,"path_per_floor":["M","M","?","M","M","R","E","$","T","$","M","M","R","M","R","B",null,"M","?","?","?","$","R","M","R","T","R","E","M","E","M","R","B",null,"M","M","?","?","M","R","E","R","T","E","M","?","M","M","R","B"],"character_chosen":"THE_SILENT","items_purchased":["Backstab","Acrobatics"],"campfire_rested":3,"item_purchase_floors":[22,22],"current_hp_per_floor":[70,70,70,70,54,54,26,26,26,26,26,26,26,21,21,3,70,70,70,70,54,54,54,54,54,54,54,51,51,34,15,36,5,70,66,66,60,60,50,50,15,36,36,38,37,37,37,34,57,0],"gold":495,"neow_bonus":"THREE_ENEMY_KILL","is_prod":false,"is_daily":false,"chose_seed":false,"campfire_upgraded":7,"win_rate":0,"timestamp":1542859168,"path_taken":["M","M","?","M","M","R","E","?","T","$","M","M","R","M","R","BOSS","M","?","?","?","$","R","M","R","T","R","E","M","E","?","R","BOSS","M","M","?","?","M","R","E","R","T","E","M","?","M","?","R","BOSS"],"build_version":"2018-11-15","purchased_purges":3,"victory":false,"max_hp_per_floor":[70,70,70,70,70,70,70,70,70,70,70,70,70,70,70,70,70,70,70,70,70,70,70,70,70,70,70,70,70,70,70,70,70,70,70,70,70,70,70,70,70,70,70,77,77,77,77,77,77,77],"card_choices":[{"not_picked":["Outmaneuver","Dodge and Roll"],"picked":"Backstab","floor":1.0},{"not_picked":["Endless Agony","Deadly Poison"],"picked":"Choke","floor":2.0},{"not_picked":["Dagger Spray","Outmaneuver"],"picked":"Deflect","floor":4.0},{"not_picked":["Catalyst","Poisoned Stab"],"picked":"Cloak And Dagger","floor":5.0},{"not_picked":["Choke","Skewer"],"picked":"Dagger Spray","floor":7.0},{"not_picked":["PiercingWail","Dagger Spray"],"picked":"Deflect","floor":11.0},{"not_picked":["Underhanded Strike","Deflect"],"picked":"Backflip","floor":12.0},{"not_picked":["Phantasmal Killer","Reflex"],"picked":"Infinite Blades","floor":14.0},{"not_picked":["Bullet Time","Die Die Die"],"picked":"A Thousand Cuts","floor":16.0},{"not_picked":["Quick Slash","Backflip+1"],"picked":"Deflect+1","floor":18.0},{"not_picked":["Outmaneuver","Prepared"],"picked":"Predator+1","floor":24.0},{"not_picked":["Envenom","Quick Slash","Blade Dance"],"picked":"Dash+1","floor":28.0},{"not_picked":["Eviscerate","Acrobatics","Deadly Poison","Underhanded Strike"],"picked":"SKIP","floor":29.0},{"not_picked":["Predator+1","Blur","Dodge and Roll"],"picked":"Blade Dance+1","floor":30.0},{"not_picked":["Cloak And Dagger","Sucker Punch","Bane"],"picked":"Choke+1","floor":31.0},{"not_picked":["Venomology","Phantasmal Killer","Tools of the Trade"],"picked":"Night Terror","floor":33.0},{"not_picked":["Bane","Acrobatics+1","Riddle With Holes"],"picked":"Accuracy+1","floor":35.0},{"not_picked":["Predator+1","Footwork","Blade Dance"],"picked":"Finisher+1","floor":36.0},{"not_picked":["Well Laid Plans","Concentrate+1","Acrobatics"],"picked":"Backstab","floor":37.0},{"not_picked":["Dagger Throw","Predator","Endless Agony+1"],"picked":"Cloak And Dagger+1","floor":39},{"not_picked":["Blade Dance+1","Skewer","Outmaneuver"],"picked":"Leg Sweep+1","floor":41},{"not_picked":["Acrobatics","Slice+1","Concentrate+1"],"picked":"Expertise","floor":44},{"not_picked":["Reflex","Skewer+1","Acrobatics"],"picked":"Die Die Die","floor":45},{"not_picked":["Caltrops","Bane","Slice","Dagger Spray"],"picked":"SKIP","floor":47},{"not_picked":["Quick Slash","Underhanded Strike","Noxious Fumes"],"picked":"Dodge and Roll","floor":48}],"player_experience":302532,"relics_obtained":[{"floor":7.0,"key":"Turnip"},{"floor":9.0,"key":"Tingsha"},{"floor":21.0,"key":"Necronomicon"},{"floor":26.0,"key":"Question Card"},{"floor":28.0,"key":"Pocketwatch"},{"floor":30.0,"key":"Oddly Smooth Stone"},{"floor":37.0,"key":"Ginger"},{"floor":41,"key":"Bottled Lightning"},{"floor":43,"key":"Boot"},{"floor":44,"key":"Strawberry"}],"event_choices":[{"damage_healed":0.0,"max_hp_gain":0.0,"max_hp_loss":0.0,"gold_gain":0.0,"event_name":"Wheel of Change","player_choice":"Cursed","floor":3.0,"gold_loss":0.0,"damage_taken":0.0,"cards_obtained":["Decay"]},{"damage_healed":0.0,"max_hp_gain":0.0,"max_hp_loss":0.0,"gold_gain":99.0,"event_name":"Nest","player_choice":"Stole From Cult","floor":19.0,"gold_loss":0.0,"damage_taken":0.0},{"damage_healed":0.0,"max_hp_gain":0.0,"max_hp_loss":0.0,"gold_gain":0.0,"cards_transformed":["Deadly Poison","Outmaneuver"],"event_name":"Drug Dealer","player_choice":"Became Test Subject","floor":20.0,"gold_loss":0.0,"damage_taken":0.0,"cards_obtained":["Concentrate","Dagger Spray"]},{"damage_healed":0.0,"max_hp_gain":0.0,"max_hp_loss":0.0,"gold_gain":0.0,"event_name":"Cursed Tome","player_choice":"Obtained Book","floor":21.0,"gold_loss":0.0,"damage_taken":16.0},{"damage_healed":0.0,"max_hp_gain":0.0,"max_hp_loss":0.0,"gold_gain":0.0,"event_name":"MindBloom","player_choice":"Fight","floor":37.0,"gold_loss":0.0,"damage_taken":0.0},{"cards_removed":["Backstab"],"damage_healed":0.0,"max_hp_gain":0.0,"max_hp_loss":0.0,"gold_gain":0.0,"event_name":"Falling","player_choice":"Removed Attack","floor":38.0,"gold_loss":0.0,"damage_taken":0.0},{"damage_healed":0,"gold_gain":0,"player_choice":"Upgraded","damage_taken":0,"max_hp_gain":0,"max_hp_loss":0,"event_name":"Upgrade Shrine","floor":46,"gold_loss":0,"cards_upgraded":["Night Terror"]}],"is_beta":false,"boss_relics":[{"not_picked":["HoveringKite","Tiny House"],"picked":"Pandora\u0027s Box"},{"not_picked":["Eternal Feather","Fusion Hammer"],"picked":"Cursed Key"}],"items_purged_floors":[8,10,22],"is_endless":false,"potions_floor_spawned":[5,11,12,16,28,30,31,41,44,45,47],"killed_by":"Time Eater","ascension_level":3}