{"gold_per_floor":[115,29,29,29,29,60,60,135,159,187,31,363,378,393,393,393],"floor_reached":16,"playtime":261,"items_purged":["Strike_R"],"score":291,"play_id":"db8f29d3-ec25-4ec5-9e66-2efa92cd6815","local_time":"20190208202952","is_ascension_mode":true,"campfire_choices":[{"data":"Sword Boomerang","floor":7,"key":"SMITH"},{"data":"Searing Blow","floor":15,"key":"SMITH"}],"neow_cost":"NONE","seed_source_timestamp":1691372860869301,"circlet_count":0,"master_deck":["AscendersBane","Strike_R","Strike_R","Strike_R","Strike_R+1","Defend_R+1","Defend_R","Defend_R","Defend_R","Bash","Rupture","Flash of Steel","Sword Boomerang+1","Cleave","Searing Blow+1","Iron Wave"],"relics":["Burning Blood","NeowsBlessing","Frozen Egg 2","Mercury Hourglass","Oddly Smooth Stone","Ancient Tea Set","Old Coin"],"potions_floor_usage":[12,12],"damage_taken":[{"damage":0,"enemies":"2 Louse","floor":1,"turns":1},{"damage":0,"enemies":"3 Sentries","floor":6,"turns":1},{"damage":0,"enemies":"Gremlin Nob","floor":10,"turns":1},{"damage":26,"enemies":"Lagavulin","floor":12,"turns":5},{"damage":1,"enemies":"Small Slimes","floor":13,"turns":2},{"damage":6,"enemies":"Jaw Worm","floor":14,"turns":2},{"damage":29,"enemies":"Hexaghost","floor":16,"turns":9}],"seed_played":"6862445665872810741","potions_obtained":[{"floor":6,"key":"Block Potion"},{"floor":10,"key":"Strength Potion"},{"floor":14,"key":"Explosive Potion"}],"is_trial":false,"path_per_floor":["M","$","?","?","?","E","R","?","T","E","$","E","M","M","R","B"],"character_chosen":"IRONCLAD","items_purchased":["Flash of Steel","Searing Blow"],"campfire_rested":0,"item_purchase_floors":[2,11],"current_hp_per_floor":[74,74,74,51,40,46,46,35,35,41,41,21,26,26,26,0],"gold":393,"neow_bonus":"THREE_ENEMY_KILL","is_prod":false,"is_daily":false,"chose_seed":false,"campfire_upgraded":2,"win_rate":0,"timestamp":1549675792,"path_taken":["M","$","?","?","?","E","R","?","T","E","$","E","?","M","R","BOSS"],"build_version":"2019-02-06","purchased_purges":1,"victory":false,"max_hp_per_floor":[75,75,75,75,75,75,75,75,75,75,75,75,75,75,75,75],"card_choices":[{"not_picked":["Headbutt","Burning Pact"],"picked":"Rupture","floor":1},{"not_picked":["Heavy Blade","Entrench"],"picked":"Sword Boomerang","floor":6},{"not_picked":["Body Slam","Power Through"],"picked":"Cleave","floor":10},{"not_picked":["Sever Soul","Body Slam","Fire Breathing+1"],"picked":"SKIP","floor":12},{"not_picked":["Armaments","True Grit"],"picked":"Iron Wave","floor":13},{"not_picked":["Warcry","Twin Strike","Anger"],"picked":"SKIP","floor":14}],"player_experience":644726,"relics_obtained":[{"floor":6,"key":"Mercury Hourglass"},{"floor":9,"key":"Oddly Smooth Stone"},{"floor":10,"key":"Ancient Tea Set"},{"floor":12,"key":"Old Coin"}],"event_choices":[{"damage_healed":0,"gold_gain":0,"player_choice":"Leave","damage_taken":0,"max_hp_gain":0,"max_hp_loss":0,"event_name":"The Cleric","floor":3,"gold_loss":0},{"damage_healed":0,"gold_gain":0,"player_choice":"Entered Light","damage_taken":23,"max_hp_gain":0,"max_hp_loss":0,"event_name":"Shining Light","floor":4,"gold_loss":0,"cards_upgraded":["Defend_R","Strike_R"]},{"damage_healed":0,"gold_gain":0,"player_choice":"Success","damage_taken":11,"relics_obtained":["Frozen Egg 2"],"max_hp_gain":0,"max_hp_loss":0,"event_name":"Scrap Ooze","floor":5,"gold_loss":0},{"damage_healed":0,"gold_gain":75,"player_choice":"Gather Gold","damage_taken":11,"max_hp_gain":0,"max_hp_loss":0,"event_name":"World of Goop","floor":8,"gold_loss":0}],"is_beta":true,"boss_relics":[],"items_purged_floors":[11],"is_endless":false,"potions_floor_spawned":[6,10,14],"killed_by":"Hexaghost","ascension_level":15}