{"gold_per_floor":[117,127,92,92,92,131,131,170,193,193,218,218,284,305,305,305],"floor_reached":16,"playtime":1140,"items_purged":[],"score":236,"play_id":"a9282583-01ee-4257-8afd-c15eaaa4380e","local_time":"20181128125311","is_ascension_mode":true,"campfire_choices":[{"data":"Perfected Strike","floor":7,"key":"SMITH"},{"data":"Thunderclap","floor":10,"key":"SMITH"},{"floor":15,"key":"REST"}],"neow_cost":"NONE","seed_source_timestamp":394506086970560,"circlet_count":0,"master_deck":["AscendersBane","Strike_R","Strike_R","Strike_R","Strike_R","Defend_R","Defend_R","Defend_R","Defend_R","Bash","True Grit","Perfected Strike+1","Whirlwind","Berserk","Thunderclap+1","Shrug It Off","Spot Weakness","Perfected Strike"],"relics":["Burning Blood","NeowsBlessing","Golden Idol","Happy Flower","Lantern","Bronze Scales","Tiny Chest"],"potions_floor_usage":[8,8,13],"damage_taken":[{"damage":0,"enemies":"Cultist","floor":1,"turns":1},{"damage":0,"enemies":"2 Louse","floor":2,"turns":2},{"damage":0,"enemies":"Lagavulin","floor":6,"turns":1},{"damage":24,"enemies":"Gremlin Nob","floor":8,"turns":4},{"damage":12,"enemies":"Jaw Worm","floor":11,"turns":3},{"damage":33,"enemies":"Lagavulin","floor":13,"turns":5},{"damage":16,"enemies":"Exordium Wildlife","floor":14,"turns":4},{"damage":43,"enemies":"The Guardian","floor":16,"turns":9}],"seed_played":"5555031400537032897","potions_obtained":[{"floor":1,"key":"BloodPotion"},{"floor":2,"key":"Energy Potion"},{"floor":11,"key":"Dexterity Potion"}],"is_trial":false,"path_per_floor":["M","M","$","?","?","E","R","E","T","R","M","?","E","M","R","B"],"character_chosen":"IRONCLAD","items_purchased":["Whirlwind"],"campfire_rested":1,"item_purchase_floors":[3],"current_hp_per_floor":[78,80,80,80,74,74,74,63,63,63,57,57,30,20,42,0],"gold":305,"neow_bonus":"THREE_ENEMY_KILL","is_prod":false,"is_daily":false,"chose_seed":false,"campfire_upgraded":2,"win_rate":0,"timestamp":1543409591,"path_taken":["M","M","$","?","?","E","R","E","T","R","M","?","E","?","R","BOSS"],"build_version":"2018-11-15","purchased_purges":0,"victory":false,"max_hp_per_floor":[80,80,80,80,74,74,74,74,74,74,74,74,74,74,74,74],"card_choices":[{"not_picked":["Reckless Charge","Intimidate"],"picked":"True Grit","floor":1},{"not_picked":["Battle Trance","Dual Wield"],"picked":"Perfected Strike","floor":2},{"not_picked":["Heavy Blade","Bludgeon"],"picked":"Thunderclap","floor":6},{"not_picked":["Fire Breathing","Sever Soul","Anger"],"picked":"SKIP","floor":8},{"not_picked":["Pummel","Infernal Blade"],"picked":"Shrug It Off","floor":11},{"not_picked":["Anger","Warcry"],"picked":"Spot Weakness","floor":13},{"not_picked":["Heavy Blade","Fire Breathing"],"picked":"Perfected Strike","floor":14}],"player_experience":904380,"relics_obtained":[{"floor":6,"key":"Happy Flower"},{"floor":8,"key":"Lantern"},{"floor":9,"key":"Bronze Scales"},{"floor":13,"key":"Tiny Chest"}],"event_choices":[{"damage_healed":0,"gold_gain":0,"cards_transformed":["Strike_R"],"player_choice":"Change","damage_taken":0,"max_hp_gain":0,"max_hp_loss":0,"event_name":"Living Wall","floor":4,"gold_loss":0,"cards_obtained":["Berserk"]},{"damage_healed":0,"gold_gain":0,"player_choice":"Lose Max HP","damage_taken":0,"relics_obtained":["Golden Idol"],"max_hp_gain":0,"max_hp_loss":6,"event_name":"Golden Idol","floor":5,"gold_loss":0},{"damage_healed":0,"gold_gain":0,"player_choice":"0 cards matched","damage_taken":0,"max_hp_gain":0,"max_hp_loss":0,"event_name":"Match and Keep!","floor":12,"gold_loss":0,"cards_obtained":[]}],"is_beta":false,"boss_relics":[],"items_purged_floors":[],"is_endless":false,"potions_floor_spawned":[1,2,11],"killed_by":"The Guardian","ascension_level":13}