{"gold_per_floor":[359,179,179,199,218,218,243,193,219,230,230,230,230,265,265,265],"floor_reached":16,"playtime":1302,"items_purged":["Decay"],"score":119,"play_id":"74a385ed-5533-4878-9bbd-80b167a19e55","local_time":"20190211164459","is_ascension_mode":true,"campfire_choices":[{"data":"Terror","floor":6,"key":"SMITH"},{"data":"Dodge and Roll","floor":15,"key":"SMITH"}],"neow_cost":"CURSE","seed_source_timestamp":1343198973995295,"circlet_count":0,"master_deck":["Defend_G","Defend_G","Defend_G","Defend_G","Strike_G","Strike_G","Strike_G","Strike_G","Survivor","Neutralize","Terror+1","Well Laid Plans+1","Deflect","Backflip","Dodge and Roll+1","Blur+1","Backflip","Predator"],"relics":["Ring of the Snake","Vajra","Lantern","Prayer Wheel","Art of War"],"potions_floor_usage":[14,16],"damage_taken":[{"damage":9,"enemies":"Small Slimes","floor":1,"turns":4},{"damage":2,"enemies":"Jaw Worm","floor":4,"turns":4},{"damage":2,"enemies":"Cultist","floor":5,"turns":4},{"damage":10,"enemies":"3 Sentries","floor":7,"turns":21},{"damage":4,"enemies":"Large Slime","floor":10,"turns":8},{"damage":7,"enemies":"Lagavulin","floor":14,"turns":12},{"damage":30,"enemies":"Slime Boss","floor":16,"turns":9}],"seed_played":"7368663442791795773","potions_obtained":[{"floor":10,"key":"Weak Potion"},{"floor":14,"key":"GhostInAJar"}],"is_trial":false,"path_per_floor":["M","$","?","M","M","R","E","?","T","M","T","?","?","E","R","B"],"character_chosen":"THE_SILENT","items_purchased":["Well Laid Plans","Deflect"],"campfire_rested":0,"item_purchase_floors":[2,2],"current_hp_per_floor":[61,61,54,52,50,50,40,40,40,36,36,36,36,29,29,0],"gold":265,"neow_bonus":"TWO_FIFTY_GOLD","is_prod":false,"is_daily":false,"chose_seed":false,"campfire_upgraded":2,"win_rate":0,"timestamp":1549921499,"path_taken":["M","$","?","M","M","R","E","?","T","M","?","?","?","E","R","BOSS"],"build_version":"2019-01-23","purchased_purges":1,"victory":false,"max_hp_per_floor":[70,70,70,70,70,70,70,70,70,70,70,70,70,70,70,70],"card_choices":[{"not_picked":["Underhanded Strike","Distraction"],"picked":"Terror","floor":1},{"not_picked":["Distraction","Flying Knee"],"picked":"Backflip","floor":4},{"not_picked":["Well Laid Plans","Wraith Form v2"],"picked":"Dodge and Roll","floor":5},{"not_picked":["Endless Agony","Deflect"],"picked":"Blur","floor":7},{"not_picked":["Dodge and Roll","Sucker Punch"],"picked":"Backflip","floor":10},{"not_picked":["Blade Dance","Finisher"],"picked":"Predator","floor":14}],"player_experience":111171,"relics_obtained":[{"floor":7,"key":"Vajra"},{"floor":9,"key":"Lantern"},{"floor":11,"key":"Prayer Wheel"},{"floor":14,"key":"Art of War"}],"event_choices":[{"cards_removed":["Strike_G"],"damage_healed":0,"gold_gain":0,"player_choice":"Card Removal","damage_taken":7,"max_hp_gain":0,"max_hp_loss":0,"event_name":"Golden Wing","floor":3,"gold_loss":0},{"cards_removed":["Defend_G"],"damage_healed":0,"gold_gain":0,"player_choice":"Card Removal","damage_taken":0,"max_hp_gain":0,"max_hp_loss":0,"event_name":"The Cleric","floor":8,"gold_loss":50},{"damage_healed":0,"gold_gain":0,"player_choice":"Grow","damage_taken":0,"max_hp_gain":0,"max_hp_loss":0,"event_name":"Living Wall","floor":12,"gold_loss":0,"cards_upgraded":["Blur"]},{"damage_healed":0,"gold_gain":0,"player_choice":"Forge","damage_taken":0,"max_hp_gain":0,"max_hp_loss":0,"event_name":"Accursed Blacksmith","floor":13,"gold_loss":0,"cards_upgraded":["Well Laid Plans"]}],"is_beta":false,"boss_relics":[],"items_purged_floors":[2],"is_endless":false,"potions_floor_spawned":[10,14],"killed_by":"Slime Boss","ascension_level":2}