{"gold_per_floor":[118,293,307,323,323,323,43,43,43,43,43,68,78,95,95,196,196,216,216,216,233,233,233],"floor_reached":23,"playtime":859,"items_purged":["Doubt"],"score":284,"play_id":"97280ab3-b2ae-40e6-aa12-e08c80611abf","local_time":"20181226023655","is_ascension_mode":true,"campfire_choices":[{"data":"Zap","floor":6,"key":"SMITH"},{"data":"Zap","floor":11,"key":"SMITH"},{"floor":15,"key":"REST"}],"neow_cost":"TEN_PERCENT_HP_LOSS","seed_source_timestamp":203844309471030,"circlet_count":0,"master_deck":["AscendersBane","Strike_B","Strike_B","Defend_B","Defend_B","Defend_B","Defend_B","Zap+1","Dualcast","Electrodynamics","Capacitor","Hologram","Go for the Eyes","Zap+1","Defragment+1","Rip and Tear","Reinforced Body","Seek","Tempest","Hologram","Amplify"],"relics":["Cracked Core","Runic Capacitor","Ornamental Fan","Omamori","Sozu"],"potions_floor_usage":[14,14,16,16],"damage_taken":[{"damage":8,"enemies":"2 Louse","floor":1,"turns":3},{"damage":2,"enemies":"Jaw Worm","floor":3,"turns":3},{"damage":13,"enemies":"Small Slimes","floor":4,"turns":2},{"damage":17,"enemies":"3 Sentries","floor":12,"turns":4},{"damage":9,"enemies":"Red Slaver","floor":13,"turns":3},{"damage":11,"enemies":"Exordium Thugs","floor":14,"turns":4},{"damage":19,"enemies":"Hexaghost","floor":16,"turns":10},{"damage":8,"enemies":"Shell Parasite","floor":18,"turns":5},{"damage":8,"enemies":"Chosen","floor":21,"turns":3},{"damage":33,"enemies":"Gremlin Leader","floor":23,"turns":3}],"seed_played":"-1035895384690973953","potions_obtained":[{"floor":3,"key":"SpeedPotion"},{"floor":4,"key":"Strength Potion"},{"floor":12,"key":"Swift Potion"},{"floor":14,"key":"Swift Potion"}],"is_trial":false,"path_per_floor":["M","?","M","M","?","R","$","$","T","?","R","E","M","M","R","B",null,"M","?","?","M","?","E"],"character_chosen":"DEFECT","items_purchased":["Runic Capacitor"],"campfire_rested":1,"item_purchase_floors":[7],"current_hp_per_floor":[60,60,58,45,45,45,45,45,45,45,45,28,19,8,28,9,53,45,33,33,25,25,0],"gold":233,"neow_bonus":"THREE_RARE_CARDS","is_prod":false,"is_daily":false,"chose_seed":false,"campfire_upgraded":2,"win_rate":0,"timestamp":1545809815,"path_taken":["M","?","M","M","?","R","?","$","T","?","R","E","?","M","R","BOSS","M","?","?","?","?","E"],"build_version":"2018-12-20","purchased_purges":1,"victory":false,"max_hp_per_floor":[68,68,68,68,68,68,68,68,68,68,68,68,68,68,68,68,68,68,73,73,73,73,73],"card_choices":[{"not_picked":["Meteor Strike","Echo Form"],"picked":"Electrodynamics","floor":0},{"not_picked":["Ball Lightning","Gash"],"picked":"Capacitor","floor":1},{"not_picked":["Steam","Compile Driver"],"picked":"Hologram","floor":3},{"not_picked":["Stack","Hologram"],"picked":"Go for the Eyes","floor":4},{"not_picked":["Go for the Eyes","Compile Driver"],"picked":"Defragment","floor":12},{"not_picked":["Static Discharge","Gash"],"picked":"Rip and Tear","floor":13},{"not_picked":["Seek","FTL"],"picked":"Reinforced Body","floor":14},{"not_picked":["Amplify","Multi-Cast"],"picked":"Seek","floor":16},{"not_picked":["Go for the Eyes","Hello World"],"picked":"Tempest","floor":18},{"not_picked":["Rip and Tear","Turbo","Sweeping Beam"],"picked":"SKIP","floor":21}],"player_experience":438527,"relics_obtained":[{"floor":9,"key":"Ornamental Fan"},{"floor":12,"key":"Omamori"}],"event_choices":[{"damage_healed":0,"gold_gain":175,"player_choice":"AGREE","damage_taken":0,"max_hp_gain":0,"max_hp_loss":0,"event_name":"Liars Game","floor":2,"gold_loss":0,"cards_obtained":["Doubt"]},{"damage_healed":0,"gold_gain":0,"player_choice":"Ignored","damage_taken":0,"max_hp_gain":0,"max_hp_loss":0,"event_name":"Golden Idol","floor":5,"gold_loss":0},{"damage_healed":0,"gold_gain":0,"player_choice":"1 cards matched","damage_taken":0,"max_hp_gain":0,"max_hp_loss":0,"event_name":"Match and Keep!","floor":10,"gold_loss":0,"cards_obtained":["Zap"]},{"damage_healed":0,"gold_gain":0,"player_choice":"Shed Blood","damage_taken":17,"max_hp_gain":5,"max_hp_loss":0,"event_name":"Forgotten Altar","floor":19,"gold_loss":0},{"damage_healed":0,"gold_gain":0,"player_choice":"Forge","damage_taken":0,"max_hp_gain":0,"max_hp_loss":0,"event_name":"Accursed Blacksmith","floor":20,"gold_loss":0,"cards_upgraded":["Defragment"]},{"damage_healed":0,"gold_gain":0,"cards_transformed":["Strike_B","Strike_B"],"player_choice":"Became Test Subject","damage_taken":0,"max_hp_gain":0,"max_hp_loss":0,"event_name":"Drug Dealer","floor":22,"gold_loss":0,"cards_obtained":["Hologram","Amplify"]}],"is_beta":false,"boss_relics":[{"not_picked":["Snecko Eye","Runic Pyramid"],"picked":"Sozu"}],"items_purged_floors":[7],"is_endless":false,"potions_floor_spawned":[3,4,12,14],"killed_by":"Gremlin Leader","ascension_level":10}