{"gold_per_floor":[114,133,153,72,83,417,517,517,593,613,640,729,740,760,760,760],"floor_reached":16,"playtime":838,"items_purged":[],"score":104,"play_id":"93eb6e7e-8eeb-401e-9a4d-9660043e8071","local_time":"20190207204914","is_ascension_mode":false,"campfire_choices":[{"floor":8,"key":"REST"},{"floor":15,"key":"REST"}],"neow_cost":"NONE","seed_source_timestamp":1012718231576615,"circlet_count":0,"master_deck":["Defend_G","Defend_G","Defend_G","Defend_G","Defend_G","Strike_G","Strike_G","Strike_G","Strike_G","Strike_G","Survivor","Neutralize","Catalyst","Endless Agony","Backstab","Noxious Fumes","Blade Dance","Deadly Poison","Sucker Punch","Expertise","Sucker Punch","Quick Slash"],"relics":["Ring of the Snake","NeowsBlessing","Old Coin","Sundial","Bag of Preparation","Tiny Chest"],"potions_floor_usage":[],"damage_taken":[{"damage":0,"enemies":"Jaw Worm","floor":1,"turns":1},{"damage":0,"enemies":"Cultist","floor":2,"turns":1},{"damage":0,"enemies":"2 Louse","floor":3,"turns":1},{"damage":0,"enemies":"2 Fungi Beasts","floor":5,"turns":2},{"damage":49,"enemies":"Gremlin Nob","floor":6,"turns":5},{"damage":5,"enemies":"Blue Slaver","floor":10,"turns":3},{"damage":19,"enemies":"3 Sentries","floor":12,"turns":7},{"damage":0,"enemies":"Looter","floor":13,"turns":2},{"damage":12,"enemies":"Exordium Wildlife","floor":14,"turns":4},{"damage":36,"enemies":"Slime Boss","floor":16,"turns":6}],"seed_played":"-6275108124744795203","potions_obtained":[{"floor":2,"key":"LiquidBronze"},{"floor":5,"key":"Poison Potion"},{"floor":12,"key":"SkillPotion"}],"is_trial":false,"path_per_floor":["M","M","M","$","M","E","?","R","T","M","T","?","M","M","R","B"],"character_chosen":"THE_SILENT","items_purchased":["Noxious Fumes"],"campfire_rested":2,"item_purchase_floors":[4],"current_hp_per_floor":[70,70,70,70,70,21,21,42,42,37,37,18,18,6,27,0],"gold":760,"neow_bonus":"THREE_ENEMY_KILL","is_prod":false,"is_daily":false,"chose_seed":false,"campfire_upgraded":0,"win_rate":0,"timestamp":1549590554,"path_taken":["M","M","M","$","M","E","?","R","T","?","?","?","M","M","R","BOSS"],"build_version":"2019-01-23","purchased_purges":0,"victory":false,"max_hp_per_floor":[70,70,70,70,70,70,70,70,70,70,70,70,70,70,70,70],"card_choices":[{"not_picked":["Outmaneuver","Prepared"],"picked":"Catalyst","floor":1},{"not_picked":["PiercingWail","Dagger Throw"],"picked":"Endless Agony","floor":2},{"not_picked":["Masterful Stab","Dodge and Roll"],"picked":"Backstab","floor":3},{"not_picked":["PiercingWail","Deflect"],"picked":"Blade Dance","floor":5},{"not_picked":["Night Terror","Well Laid Plans"],"picked":"Deadly Poison","floor":6},{"not_picked":["Blade Dance","Backflip"],"picked":"Sucker Punch","floor":10},{"not_picked":["Phantasmal Killer","Backflip"],"picked":"Expertise","floor":12},{"not_picked":["Underhanded Strike","Endless Agony"],"picked":"Sucker Punch","floor":13},{"not_picked":["Riddle With Holes","Deflect"],"picked":"Quick Slash","floor":14}],"player_experience":81540,"relics_obtained":[{"floor":6,"key":"Old Coin"},{"floor":9,"key":"Sundial"},{"floor":11,"key":"Bag of Preparation"},{"floor":12,"key":"Tiny Chest"}],"event_choices":[{"damage_healed":0,"gold_gain":100,"player_choice":"Pray","damage_taken":0,"max_hp_gain":0,"max_hp_loss":0,"event_name":"Golden Shrine","floor":7,"gold_loss":0},{"damage_healed":0,"gold_gain":30,"player_choice":"Searched \u00273\u0027 times","damage_taken":0,"max_hp_gain":0,"max_hp_loss":0,"event_name":"Dead Adventurer","floor":12,"gold_loss":0}],"is_beta":false,"boss_relics":[],"items_purged_floors":[],"is_endless":false,"potions_floor_spawned":[2,5,12,13],"killed_by":"Slime Boss","ascension_level":0}