{"gold_per_floor":[419,433,5,19,37,66,124,124],"floor_reached":8,"playtime":906,"items_purged":[],"score":75,"play_id":"bce7506d-e2e5-470a-97ff-85a133090b5c","local_time":"20190211131713","is_ascension_mode":true,"campfire_choices":[],"neow_cost":"PERCENT_DAMAGE","seed_source_timestamp":615038478059901,"circlet_count":0,"master_deck":["Defend_G","Defend_G","Defend_G","Defend_G","Defend_G","Strike_G","Strike_G","Strike_G","Strike_G","Strike_G","Survivor","Neutralize","Well Laid Plans","Dodge and Roll","Unload","Underhanded Strike","Escape Plan","Footwork"],"relics":["Ring of the Snake","Old Coin","Gremlin Horn","Bronze Scales"],"potions_floor_usage":[6,8,8],"damage_taken":[{"damage":0,"enemies":"2 Louse","floor":1,"turns":4},{"damage":7,"enemies":"Small Slimes","floor":2,"turns":4},{"damage":0,"enemies":"Jaw Worm","floor":4,"turns":3},{"damage":0,"enemies":"2 Fungi Beasts","floor":5,"turns":4},{"damage":16,"enemies":"Lagavulin","floor":6,"turns":5},{"damage":28,"enemies":"Gremlin Nob","floor":8,"turns":3}],"seed_played":"3111340710128321382","potions_obtained":[{"floor":1,"key":"PowerPotion"},{"floor":5,"key":"GamblersBrew"},{"floor":6,"key":"GamblersBrew"}],"is_trial":false,"path_per_floor":["M","M","$","M","M","E","?","E"],"character_chosen":"THE_SILENT","items_purchased":["Gremlin Horn","Unload","Underhanded Strike"],"campfire_rested":0,"item_purchase_floors":[3,3,3],"current_hp_per_floor":[45,38,38,38,38,22,22,0],"gold":124,"neow_bonus":"ONE_RARE_RELIC","is_prod":false,"is_daily":false,"chose_seed":false,"campfire_upgraded":0,"win_rate":0,"timestamp":1549869433,"path_taken":["M","M","$","M","M","E","?","E"],"build_version":"2019-01-23","purchased_purges":0,"victory":false,"max_hp_per_floor":[70,70,70,70,70,70,70,70],"card_choices":[{"not_picked":["Underhanded Strike","Heel Hook"],"picked":"Well Laid Plans","floor":1},{"not_picked":["Prepared","Bane"],"picked":"Dodge and Roll","floor":2},{"not_picked":["Deadly Poison","PiercingWail"],"picked":"Escape Plan","floor":4},{"not_picked":["Masterful Stab","Dodge and Roll"],"picked":"Footwork","floor":5},{"not_picked":["Outmaneuver","Poisoned Stab","Expertise"],"picked":"SKIP","floor":6}],"player_experience":781345,"relics_obtained":[{"floor":6,"key":"Bronze Scales"}],"event_choices":[{"damage_healed":0,"gold_gain":58,"player_choice":"Gained Gold","damage_taken":0,"max_hp_gain":0,"max_hp_loss":0,"event_name":"Golden Wing","floor":7,"gold_loss":0}],"is_beta":false,"boss_relics":[],"items_purged_floors":[],"is_endless":false,"potions_floor_spawned":[1,5,6],"killed_by":"Gremlin Nob","ascension_level":6}