{"gold_per_floor":[115,115,115,128,52,52,86,86,86,129,147,147,171,171,171,296,296,319,15,34,34],"floor_reached":21,"playtime":763,"items_purged":["Strike_G"],"score":265,"play_id":"51118c3b-5330-4abc-8163-b0001d20167c","local_time":"20190126013622","is_ascension_mode":true,"campfire_choices":[{"data":"Footwork","floor":6,"key":"SMITH"},{"data":"Bouncing Flask","floor":8,"key":"SMITH"},{"floor":15,"key":"REST"}],"neow_cost":"NONE","seed_source_timestamp":522582766912800,"circlet_count":0,"master_deck":["Defend_G","Defend_G","Defend_G","Defend_G","Strike_G","Strike_G","Survivor","Neutralize","Bouncing Flask+1","Footwork+1","Distraction+1","Cloak And Dagger+1","Blade Dance+1","Venomology+1","Outmaneuver+1","Storm of Steel+1","Phantasmal Killer+1","Deflect+1","Apotheosis+1","Cloak And Dagger+1","Cloak And Dagger+1"],"relics":["Ring of the Snake","NeowsBlessing","Golden Idol","Strawberry","Toxic Egg 2","Kunai","Calipers","Astrolabe"],"potions_floor_usage":[10,18,18,21,21,21,21,21],"damage_taken":[{"damage":0,"enemies":"Jaw Worm","floor":1,"turns":1},{"damage":0,"enemies":"2 Louse","floor":4,"turns":1},{"damage":0,"enemies":"3 Sentries","floor":7,"turns":2},{"damage":28,"enemies":"Gremlin Nob","floor":10,"turns":4},{"damage":6,"enemies":"Cultist","floor":11,"turns":3},{"damage":22,"enemies":"Exordium Wildlife","floor":13,"turns":5},{"damage":26,"enemies":"The Guardian","floor":16,"turns":11},{"damage":12,"enemies":"Chosen","floor":18,"turns":5},{"damage":3,"enemies":"Shell Parasite","floor":20,"turns":4},{"damage":11,"enemies":"Colosseum Slavers","floor":21,"turns":6},{"damage":78,"enemies":"Colosseum Nobs","floor":21,"turns":4}],"seed_played":"-7022541168869450484","potions_obtained":[{"floor":4,"key":"Dexterity Potion"},{"floor":7,"key":"AttackPotion"},{"floor":10,"key":"SpeedPotion"},{"floor":13,"key":"Swift Potion"}],"is_trial":false,"path_per_floor":["M","?","?","M","$","R","E","R","T","E","M","T","M","?","R","B",null,"M","$","M","?"],"character_chosen":"THE_SILENT","items_purchased":["Footwork","Apotheosis+1","Cloak And Dagger+1"],"campfire_rested":1,"item_purchase_floors":[5,19,19],"current_hp_per_floor":[70,70,63,63,63,63,70,70,70,42,36,36,14,19,43,17,66,54,54,51,0],"gold":34,"neow_bonus":"THREE_ENEMY_KILL","is_prod":false,"is_daily":false,"chose_seed":false,"campfire_upgraded":2,"win_rate":0,"timestamp":1548462982,"path_taken":["M","?","?","M","$","R","E","R","T","E","M","?","?","?","R","BOSS","M","$","M","?"],"build_version":"2019-01-23","purchased_purges":1,"victory":false,"max_hp_per_floor":[70,70,70,70,70,70,77,77,77,77,77,77,77,82,82,82,82,82,82,82,82],"card_choices":[{"not_picked":["Dodge and Roll","All Out Attack","Dagger Throw"],"picked":"SKIP","floor":1},{"not_picked":["Bane","Concentrate"],"picked":"Bouncing Flask","floor":4},{"not_picked":["Underhanded Strike","Flechettes","Sucker Punch"],"picked":"SKIP","floor":7},{"not_picked":["Quick Slash","Flying Knee"],"picked":"Distraction+1","floor":10},{"not_picked":["Dagger Throw","Dash"],"picked":"Cloak And Dagger+1","floor":11},{"not_picked":["Dagger Spray","Terror+1"],"picked":"Blade Dance+1","floor":13},{"not_picked":["Wraith Form v2","Grand Finale"],"picked":"Venomology+1","floor":16},{"not_picked":["Sucker Punch+1","Reflex+1"],"picked":"Deflect+1","floor":18},{"not_picked":["Dodge and Roll+1","Slice"],"picked":"Cloak And Dagger+1","floor":20}],"player_experience":851679,"relics_obtained":[{"floor":7,"key":"Strawberry"},{"floor":9,"key":"Toxic Egg 2"},{"floor":10,"key":"Kunai"},{"floor":12,"key":"Calipers"}],"event_choices":[{"damage_healed":0,"gold_gain":0,"player_choice":"Take Wound","damage_taken":0,"relics_obtained":["Golden Idol"],"max_hp_gain":0,"max_hp_loss":0,"event_name":"Golden Idol","floor":2,"gold_loss":0,"cards_obtained":["Injury"]},{"cards_removed":["Injury"],"damage_healed":0,"gold_gain":0,"player_choice":"Card Removal","damage_taken":7,"max_hp_gain":0,"max_hp_loss":0,"event_name":"Golden Wing","floor":3,"gold_loss":0},{"damage_healed":0,"gold_gain":0,"player_choice":"Donut","damage_taken":0,"max_hp_gain":5,"max_hp_loss":0,"event_name":"Big Fish","floor":14,"gold_loss":0},{"damage_healed":0,"gold_gain":0,"player_choice":"Fight","damage_taken":0,"max_hp_gain":0,"max_hp_loss":0,"event_name":"Colosseum","floor":21,"gold_loss":0},{"damage_healed":0,"gold_gain":0,"player_choice":"Fought Nobs","damage_taken":0,"max_hp_gain":0,"max_hp_loss":0,"event_name":"Colosseum","floor":21,"gold_loss":0}],"is_beta":false,"boss_relics":[{"not_picked":["Velvet Choker","Eternal Feather"],"picked":"Astrolabe"}],"items_purged_floors":[19],"is_endless":false,"potions_floor_spawned":[4,7,10,13,20,21],"killed_by":"Colosseum Nobs","ascension_level":5}