{"gold_per_floor":[18,18,18,42,66,66,102,127,127,127,52,77,113,13,13,13],"floor_reached":16,"playtime":345,"items_purged":["Strike_R","Strike_R"],"score":229,"play_id":"13987caf-4620-4422-8946-4fb5ea39976c","local_time":"20190209180211","is_ascension_mode":true,"campfire_choices":[{"data":"Feed","floor":6.0,"key":"SMITH"},{"data":"Carnage","floor":10.0,"key":"SMITH"},{"data":"Double Tap","floor":15.0,"key":"SMITH"}],"neow_cost":"NO_GOLD","seed_source_timestamp":1768710370122704,"circlet_count":0,"master_deck":["AscendersBane","Strike_R","Strike_R","Strike_R","Defend_R","Defend_R","Defend_R","Defend_R","Bash","Feed+1","Carnage+1","Twin Strike","Iron Wave","Flex","Clash","True Grit","Double Tap+1"],"special_seed":0,"relics":["Burning Blood","Golden Idol","Bag of Marbles","Dream Catcher","Pear"],"potions_floor_usage":[16,16],"damage_taken":[{"damage":19.0,"enemies":"Jaw Worm","floor":1.0,"turns":4.0},{"damage":13.0,"enemies":"Cultist","floor":4.0,"turns":5.0},{"damage":0.0,"enemies":"Small Slimes","floor":5.0,"turns":2.0},{"damage":19.0,"enemies":"Gremlin Nob","floor":7.0,"turns":4.0},{"damage":8.0,"enemies":"2 Fungi Beasts","floor":8.0,"turns":4.0},{"damage":16.0,"enemies":"Large Slime","floor":12.0,"turns":5.0},{"damage":31.0,"enemies":"3 Sentries","floor":13.0,"turns":8.0},{"damage":45,"enemies":"The Guardian","floor":16,"turns":6}],"seed_played":"8041667457569469059","potions_obtained":[{"floor":1.0,"key":"Dexterity Potion"},{"floor":4.0,"key":"SteroidPotion"},{"floor":8.0,"key":"LiquidBronze"},{"floor":12.0,"key":"Explosive Potion"}],"is_trial":false,"path_per_floor":["M","?","?","M","M","R","E","M","T","R","$","M","E","$","R","B"],"character_chosen":"IRONCLAD","items_purchased":[],"campfire_rested":0,"item_purchase_floors":[],"current_hp_per_floor":[58,58,63,59,68,68,59,61,61,61,61,55,44,44,44,0],"gold":13,"neow_bonus":"THREE_RARE_CARDS","is_prod":false,"is_daily":false,"chose_seed":false,"campfire_upgraded":3,"win_rate":0,"timestamp":1549753331,"path_taken":["M","?","?","M","?","R","E","M","T","R","?","?","E","?","R","BOSS"],"build_version":"2019-02-06","purchased_purges":2,"victory":false,"max_hp_per_floor":[78,71,76,79,82,82,86,90,90,90,90,94,108,108,108,108],"card_choices":[{"not_picked":["Dark Embrace","Limit Break"],"picked":"Feed","floor":0.0},{"not_picked":["Flame Barrier","Wild Strike"],"picked":"Carnage","floor":1.0},{"not_picked":["Havoc","Sword Boomerang"],"picked":"Twin Strike","floor":4.0},{"not_picked":["Pommel Strike","Pummel"],"picked":"Iron Wave","floor":5.0},{"not_picked":["Hemokinesis","Battle Trance"],"picked":"Flex","floor":7.0},{"not_picked":["Reaper","Wild Strike"],"picked":"Clash","floor":8.0},{"not_picked":["Armaments","Sword Boomerang"],"picked":"True Grit","floor":12.0},{"not_picked":["Iron Wave","Cleave"],"picked":"Double Tap","floor":13.0}],"player_experience":657759,"relics_obtained":[{"floor":7.0,"key":"Bag of Marbles"},{"floor":9.0,"key":"Dream Catcher"},{"floor":13.0,"key":"Pear"}],"event_choices":[{"damage_healed":0.0,"max_hp_gain":0.0,"max_hp_loss":7.0,"gold_gain":0.0,"event_name":"Golden Idol","player_choice":"Lose Max HP","floor":2.0,"gold_loss":0.0,"damage_taken":0.0,"relics_obtained":["Golden Idol"]},{"damage_healed":0.0,"max_hp_gain":5.0,"max_hp_loss":0.0,"gold_gain":0.0,"event_name":"Big Fish","player_choice":"Donut","floor":3.0,"gold_loss":0.0,"damage_taken":0.0}],"is_beta":true,"boss_relics":[],"items_purged_floors":[11,14],"is_endless":false,"potions_floor_spawned":[1,4,8,12,13],"killed_by":"The Guardian","ascension_level":17}