{"gold_per_floor":[359,359,91,109,125,142,142,152,152,152,207,207,63,13,13,115,115,128,128,138,151,151,151],"floor_reached":23,"playtime":2653,"items_purged":["Defend_B"],"score":181,"play_id":"13256d59-db35-4759-8a6a-1f60dde04e12","local_time":"20181029210651","is_ascension_mode":false,"campfire_choices":[{"data":"Defragment","floor":7,"key":"SMITH"},{"data":"Dualcast","floor":10,"key":"SMITH"},{"data":"Storm","floor":12,"key":"SMITH"},{"data":"Storm","floor":15,"key":"SMITH"}],"neow_cost":"CURSE","seed_source_timestamp":64540421137826,"circlet_count":0,"master_deck":["Strike_B","Strike_B","Strike_B","Defend_B","Defend_B","Defend_B","Zap","Dualcast+1","Ball Lightning","Defragment+1","Storm+1","Cold Snap","Storm+1","Capacitor","Biased Cognition","BootSequence","Leap"],"relics":["Cracked Core","Tiny Chest","Bottled Lightning","Pen Nib","Anchor","Sozu"],"potions_floor_usage":[11,21,23],"damage_taken":[{"damage":6,"enemies":"Jaw Worm","floor":1,"turns":3},{"damage":0,"enemies":"2 Louse","floor":4,"turns":1},{"damage":0,"enemies":"Small Slimes","floor":5,"turns":2},{"damage":15,"enemies":"Looter","floor":6,"turns":3},{"damage":8,"enemies":"2 Fungi Beasts","floor":8,"turns":3},{"damage":9,"enemies":"3 Sentries","floor":11,"turns":5},{"damage":15,"enemies":"Hexaghost","floor":16,"turns":8},{"damage":25,"enemies":"2 Thieves","floor":18,"turns":3},{"damage":0,"enemies":"Chosen","floor":20,"turns":3},{"damage":8,"enemies":"3 Cultists","floor":21,"turns":4},{"damage":44,"enemies":"Slavers","floor":23,"turns":3}],"seed_played":"-3116246154554727218","potions_obtained":[{"floor":4,"key":"Fire Potion"},{"floor":5,"key":"Fire Potion"},{"floor":6,"key":"Ancient Potion"},{"floor":11,"key":"SneckoOil"}],"is_trial":false,"path_per_floor":["M","?","$","M","M","M","R","M","T","R","?","R","$","?","R","B",null,"M","?","M","M","?"],"character_chosen":"DEFECT","items_purchased":["Tiny Chest","Defragment","Anchor"],"campfire_rested":0,"item_purchase_floors":[3,3,13],"current_hp_per_floor":[69,69,69,69,69,54,54,46,46,46,37,37,37,37,37,22,75,50,43,43,35,35,0],"gold":151,"neow_bonus":"TWO_FIFTY_GOLD","is_prod":false,"is_daily":false,"chose_seed":false,"campfire_upgraded":4,"win_rate":0,"timestamp":1540861611,"path_taken":["M","?","$","M","M","M","R","M","T","R","?","R","?","?","R","BOSS","M","?","?","M","?","E"],"build_version":"2018-10-29","purchased_purges":1,"victory":false,"max_hp_per_floor":[75,75,75,75,75,75,75,75,75,75,75,75,75,75,75,75,75,75,75,75,75,75,75],"card_choices":[{"not_picked":["Consume","Leap"],"picked":"Ball Lightning","floor":1},{"not_picked":["Melter","Stack"],"picked":"Storm","floor":4},{"not_picked":["Beam Cell","FTL"],"picked":"Cold Snap","floor":5},{"not_picked":["Go for the Eyes","FTL"],"picked":"Storm","floor":6},{"not_picked":["Go for the Eyes","Stack","Barrage"],"picked":"SKIP","floor":8},{"not_picked":["Streamline","Doom and Gloom"],"picked":"Capacitor","floor":11},{"not_picked":["Amplify","Buffer"],"picked":"Biased Cognition","floor":16},{"not_picked":["Redo","Go for the Eyes"],"picked":"BootSequence","floor":18},{"not_picked":["Gash","Stack","Turbo+1"],"picked":"SKIP","floor":20},{"not_picked":["Recycle","Steam"],"picked":"Leap","floor":21}],"player_experience":535707,"relics_obtained":[{"floor":9,"key":"Bottled Lightning"},{"floor":11,"key":"Pen Nib"}],"event_choices":[{"cards_removed":["Doubt"],"damage_healed":0,"gold_gain":0,"player_choice":"Forget","damage_taken":0,"max_hp_gain":0,"max_hp_loss":0,"event_name":"Living Wall","floor":2,"gold_loss":0},{"damage_healed":0,"gold_gain":0,"player_choice":"Searched \u00271\u0027 times","damage_taken":0,"max_hp_gain":0,"max_hp_loss":0,"event_name":"Dead Adventurer","floor":11,"gold_loss":0},{"cards_removed":["Strike_B"],"damage_healed":0,"gold_gain":0,"player_choice":"Card Removal","damage_taken":0,"max_hp_gain":0,"max_hp_loss":0,"event_name":"The Cleric","floor":14,"gold_loss":50},{"damage_healed":0,"gold_gain":0,"player_choice":"","damage_taken":7,"max_hp_gain":0,"max_hp_loss":0,"event_name":"Knowing Skull","floor":19,"potions_obtained":[],"gold_loss":0,"cards_obtained":[]},{"damage_healed":0,"gold_gain":0,"player_choice":"Ignored","damage_taken":0,"max_hp_gain":0,"max_hp_loss":0,"event_name":"Cursed Tome","floor":22,"gold_loss":0}],"is_beta":true,"boss_relics":[{"not_picked":["Astrolabe","Ectoplasm"],"picked":"Sozu"}],"items_purged_floors":[3],"is_endless":false,"potions_floor_spawned":[4,5,6,11,18,21],"killed_by":"Slavers","ascension_level":0}