{"gold_per_floor":[116,116,127,35,55,84,84,94,117,82,82,96,96,79,79,79],"floor_reached":16,"playtime":913,"items_purged":[],"score":173,"play_id":"4ea6d423-8db5-498a-9fce-9090448958b1","local_time":"20190116231325","is_ascension_mode":true,"campfire_choices":[{"floor":7,"key":"REST"},{"floor":11,"key":"REST"},{"data":"Zap","floor":13,"key":"SMITH"},{"data":"Hologram","floor":15,"key":"SMITH"}],"neow_cost":"PERCENT_DAMAGE","seed_source_timestamp":450832200268190,"circlet_count":0,"master_deck":["AscendersBane","Strike_B","Strike_B","Strike_B","Strike_B","Defend_B","Defend_B","Defend_B+1","Defend_B","Zap+1","Dualcast","Multi-Cast+1","Redo","Conserve Battery","Turbo","Rip and Tear","Glacier","Hologram+1","Leap","Turbo","Conserve Battery"],"relics":["Cracked Core","Bag of Marbles","Bag of Preparation"],"potions_floor_usage":[6,6,16,16],"damage_taken":[{"damage":0,"enemies":"Cultist","floor":1,"turns":4},{"damage":9,"enemies":"Small Slimes","floor":3,"turns":3},{"damage":7,"enemies":"Jaw Worm","floor":5,"turns":3},{"damage":14,"enemies":"Lagavulin","floor":6,"turns":7},{"damage":17,"enemies":"Gremlin Gang","floor":8,"turns":6},{"damage":0,"enemies":"Large Slime","floor":12,"turns":6},{"damage":0,"enemies":"Exordium Thugs","floor":14,"turns":4},{"damage":52,"enemies":"The Guardian","floor":16,"turns":26}],"seed_played":"8541368588211996720","potions_obtained":[{"floor":3,"key":"Strength Potion"},{"floor":5,"key":"Fire Potion"},{"floor":8,"key":"EssenceOfSteel"},{"floor":14,"key":"Swift Potion"}],"is_trial":false,"path_per_floor":["M","?","M","$","M","E","R","M","T","?","R","M","R","M","R","B"],"character_chosen":"DEFECT","items_purchased":["Turbo","Rip and Tear"],"campfire_rested":2,"item_purchase_floors":[4,4],"current_hp_per_floor":[46,32,23,23,16,2,23,6,6,23,44,44,44,44,44,0],"gold":79,"neow_bonus":"THREE_RARE_CARDS","is_prod":false,"is_daily":false,"chose_seed":false,"campfire_upgraded":2,"win_rate":0,"timestamp":1547698405,"path_taken":["M","?","M","$","M","E","R","M","T","?","R","M","R","M","R","BOSS"],"build_version":"2019-01-10","purchased_purges":0,"victory":false,"max_hp_per_floor":[71,71,71,71,71,71,71,71,71,71,71,71,71,71,71,71],"card_choices":[{"not_picked":["Electrodynamics","Thunder Strike"],"picked":"Multi-Cast","floor":0},{"not_picked":["Go for the Eyes","Rebound"],"picked":"Redo","floor":1},{"not_picked":["Hello World","Auto Shields"],"picked":"Conserve Battery","floor":3},{"not_picked":["Fusion","Recycle"],"picked":"Glacier","floor":5},{"not_picked":["Ball Lightning","Sweeping Beam"],"picked":"Hologram","floor":6},{"not_picked":["Consume","Storm"],"picked":"Leap","floor":8},{"not_picked":["Rebound","Consume"],"picked":"Turbo","floor":12},{"not_picked":["Barrage","Compile Driver"],"picked":"Conserve Battery","floor":14}],"player_experience":504312,"relics_obtained":[{"floor":6,"key":"Bag of Marbles"},{"floor":9,"key":"Bag of Preparation"}],"event_choices":[{"damage_healed":0,"gold_gain":0,"player_choice":"Entered Light","damage_taken":14,"max_hp_gain":0,"max_hp_loss":0,"event_name":"Shining Light","floor":2,"gold_loss":0,"cards_upgraded":["Defend_B","Multi-Cast"]},{"damage_healed":17,"gold_gain":0,"player_choice":"Healed","damage_taken":0,"max_hp_gain":0,"max_hp_loss":0,"event_name":"The Cleric","floor":10,"gold_loss":35}],"is_beta":false,"boss_relics":[],"items_purged_floors":[],"is_endless":false,"potions_floor_spawned":[3,5,8,14],"killed_by":"The Guardian","ascension_level":14}