{"gold_per_floor":[115,129,129,17,27,57,57,75,152,165,165,192,213,213,213,313,313,332,257,274,274],"floor_reached":21,"playtime":1373,"items_purged":["Defend_B"],"score":255,"play_id":"0ed8cd28-2cee-4f5b-9eba-1fa5cd2bcd26","local_time":"20190206135919","is_ascension_mode":true,"campfire_choices":[{"data":"Storm","floor":7,"key":"SMITH"},{"data":"Defragment","floor":11,"key":"SMITH"},{"floor":15,"key":"REST"}],"neow_cost":"NONE","seed_source_timestamp":1031211845654796,"circlet_count":0,"master_deck":["Strike_B","Defend_B","Defend_B","Defend_B","Zap+1","Dualcast","Self Repair","Storm+1","Conserve Battery","Defragment+1","Sweeping Beam","Consume","Electrodynamics","White Noise","Capacitor","Machine Learning","Reinforced Body","Capacitor","Loop","Force Field","Conserve Battery","Leap"],"relics":["Cracked Core","WingedGreaves","Cables","DataDisk","Odd Mushroom","Orrery"],"potions_floor_usage":[6,12,21],"damage_taken":[{"damage":3,"enemies":"2 Louse","floor":1,"turns":2},{"damage":1,"enemies":"Cultist","floor":2,"turns":3},{"damage":0,"enemies":"Small Slimes","floor":5,"turns":3},{"damage":26,"enemies":"Gremlin Nob","floor":6,"turns":4},{"damage":13,"enemies":"Blue Slaver","floor":8,"turns":3},{"damage":7,"enemies":"3 Louse","floor":10,"turns":3},{"damage":19,"enemies":"Lagavulin","floor":12,"turns":4},{"damage":6,"enemies":"The Mushroom Lair","floor":13,"turns":2},{"damage":25,"enemies":"The Guardian","floor":16,"turns":6},{"damage":25,"enemies":"3 Byrds","floor":18,"turns":3},{"damage":25,"enemies":"2 Thieves","floor":20,"turns":4},{"damage":27,"enemies":"Snake Plant","floor":21,"turns":2}],"seed_played":"-3931153215697819409","potions_obtained":[{"floor":1,"key":"SteroidPotion"},{"floor":2,"key":"Dexterity Potion"},{"floor":5,"key":"AttackPotion"},{"floor":6,"key":"FocusPotion"},{"floor":18,"key":"Dexterity Potion"}],"is_trial":false,"path_per_floor":["M","M","?","$","M","E","R","M","T","M","R","E","?","?","R","B",null,"M","?","M","M"],"character_chosen":"DEFECT","items_purchased":["Defragment"],"campfire_rested":1,"item_purchase_floors":[4],"current_hp_per_floor":[65,71,71,71,75,56,56,50,50,50,50,38,32,25,47,29,64,39,39,21,0],"gold":274,"neow_bonus":"UPGRADE_CARD","is_prod":false,"is_daily":false,"chose_seed":false,"campfire_upgraded":2,"win_rate":0,"timestamp":1549457959,"path_taken":["M","M","?","$","M","E","R","M","T","?","R","E","?","?","R","BOSS","M","?","M","M"],"build_version":"2019-01-23","purchased_purges":1,"victory":false,"max_hp_per_floor":[75,75,75,75,75,75,75,75,75,75,75,75,75,75,75,75,75,75,75,75,75],"card_choices":[{"not_picked":["Turbo","Chill"],"picked":"Self Repair","floor":1},{"not_picked":["Barrage","Turbo"],"picked":"Storm","floor":2},{"not_picked":["Recycle","Chill"],"picked":"Sweeping Beam","floor":5},{"not_picked":["Beam Cell","Blizzard","Recycle"],"picked":"SKIP","floor":6},{"not_picked":["Sweeping Beam","Go for the Eyes"],"picked":"Consume","floor":8},{"not_picked":["Glacier","Sunder"],"picked":"Electrodynamics","floor":10},{"not_picked":["Hologram","Conserve Battery"],"picked":"White Noise","floor":12},{"not_picked":["Chill","Redo"],"picked":"Capacitor","floor":13},{"not_picked":["Core Surge","Hyperbeam"],"picked":"Machine Learning","floor":16},{"not_picked":["Leap","Scrape"],"picked":"Reinforced Body","floor":17},{"not_picked":["Ball Lightning","FTL"],"picked":"Capacitor","floor":17},{"not_picked":["Gash","Doom and Gloom"],"picked":"Loop","floor":17},{"not_picked":["Beam Cell","Streamline"],"picked":"Force Field","floor":17},{"not_picked":["Hologram","Sunder"],"picked":"Conserve Battery","floor":17},{"not_picked":["Chaos","Gash"],"picked":"Leap","floor":18},{"not_picked":["Darkness+1","Static Discharge+1","Aggregate"],"picked":"SKIP","floor":20}],"player_experience":241911,"relics_obtained":[{"floor":6,"key":"WingedGreaves"},{"floor":9,"key":"Cables"},{"floor":12,"key":"DataDisk"},{"floor":13,"key":"Odd Mushroom"}],"event_choices":[{"damage_healed":0,"gold_gain":0,"cards_transformed":["Strike_B"],"player_choice":"Transformed","damage_taken":0,"max_hp_gain":0,"max_hp_loss":0,"event_name":"Transmorgrifier","floor":3,"gold_loss":0,"cards_obtained":["Conserve Battery"]},{"damage_healed":0,"gold_gain":0,"player_choice":"Fought Mushrooms","damage_taken":0,"max_hp_gain":0,"max_hp_loss":0,"event_name":"Mushrooms","floor":13,"gold_loss":0},{"cards_removed":["Strike_B"],"damage_healed":0,"gold_gain":0,"player_choice":"Card Removal","damage_taken":7,"max_hp_gain":0,"max_hp_loss":0,"event_name":"Golden Wing","floor":14,"gold_loss":0},{"cards_removed":["Strike_B"],"damage_healed":0,"gold_gain":0,"player_choice":"Gave Gold","damage_taken":0,"max_hp_gain":0,"max_hp_loss":0,"event_name":"Beggar","floor":19,"gold_loss":75}],"is_beta":false,"boss_relics":[{"not_picked":["Snecko Eye","White Beast Statue"],"picked":"Orrery"}],"items_purged_floors":[4],"is_endless":false,"potions_floor_spawned":[1,2,5,6,18],"killed_by":"Snake Plant","ascension_level":7}