{"gold_per_floor":[114,125,139,152,164,189,189,223,296,296,331,331,350,64,64,164,164,175,53,53,53,73,103,119,119,119,97,97,109,128,146,146,249,249,259,259,259,259,89,114,114,149,174,174,193,293,293,293,293,293,293,293,50,76,76],"floor_reached":56,"playtime":4028,"items_purged":["Strike_G","Defend_G"],"score":1343,"play_id":"6abcc744-147c-4fb5-b75b-339c9fe8fe29","local_time":"20190211171232","is_ascension_mode":false,"campfire_choices":[{"floor":7,"key":"REST"},{"floor":10,"key":"REST"},{"data":"Footwork","floor":15,"key":"SMITH"},{"data":"Corpse Explosion","floor":25,"key":"SMITH"},{"data":"Distraction","floor":32,"key":"SMITH"},{"floor":44,"key":"RECALL"},{"floor":49,"key":"REST"},{"floor":52,"key":"REST"}],"neow_cost":"PERCENT_DAMAGE","seed_source_timestamp":17996744605355,"circlet_count":0,"master_deck":["Defend_G","Defend_G","Defend_G","Survivor","Neutralize","Distraction+1","Bullet Time","Dash","Backstab","Footwork+1","Leg Sweep","PiercingWail","Corpse Explosion+1","Backflip","Tools of the Trade+1","Footwork+1","Adrenaline+1","Dodge and Roll+1","PiercingWail+1","Tactician+1","Malaise+1","Deadly Poison+1","Escape Plan+1","Footwork+1","Backstab+1","Bouncing Flask+1","Caltrops+1","PiercingWail+1","Backflip+1","Malaise+1","Master of Strategy+1","Panache+1","Catalyst+1","Catalyst+1","Footwork+1"],"relics":["Ring of the Snake","Frozen Egg 2","Shuriken","Tingsha","Toxic Egg 2","Sozu","Prayer Wheel","Juzu Bracelet","Omamori","Fusion Hammer","Potion Belt","Singing Bowl","Orichalcum","Nunchaku","WarpedTongs","Bottled Tornado","Boot"],"potions_floor_usage":[6,6,33,42],"damage_taken":[{"damage":2,"enemies":"Jaw Worm","floor":1,"turns":5},{"damage":5,"enemies":"Cultist","floor":2,"turns":7},{"damage":0,"enemies":"Small Slimes","floor":3,"turns":3},{"damage":5,"enemies":"Blue Slaver","floor":4,"turns":3},{"damage":0,"enemies":"Large Slime","floor":5,"turns":8},{"damage":12,"enemies":"3 Sentries","floor":6,"turns":15},{"damage":2,"enemies":"Lagavulin","floor":8,"turns":12},{"damage":38,"enemies":"Gremlin Nob","floor":11,"turns":7},{"damage":1,"enemies":"Exordium Wildlife","floor":13,"turns":3},{"damage":0,"enemies":"Hexaghost","floor":16,"turns":14},{"damage":3,"enemies":"Spheric Guardian","floor":18,"turns":6},{"damage":0,"enemies":"Shell Parasite","floor":22,"turns":9},{"damage":0,"enemies":"Gremlin Leader","floor":23,"turns":9},{"damage":0,"enemies":"Snake Plant","floor":24,"turns":7},{"damage":0,"enemies":"3 Cultists","floor":29,"turns":3},{"damage":0,"enemies":"Sentry and Sphere","floor":30,"turns":5},{"damage":0,"enemies":"Shelled Parasite and Fungi","floor":31,"turns":4},{"damage":2,"enemies":"Automaton","floor":33,"turns":11},{"damage":0,"enemies":"3 Darklings","floor":35,"turns":4},{"damage":0,"enemies":"Nemesis","floor":40,"turns":7},{"damage":9,"enemies":"Reptomancer","floor":42,"turns":6},{"damage":0,"enemies":"3 Shapes","floor":45,"turns":4},{"damage":0,"enemies":"Mind Bloom Boss Battle","floor":46,"turns":5},{"damage":20,"enemies":"Donu and Deca","floor":50,"turns":6},{"damage":31,"enemies":"Shield and Spear","floor":54,"turns":7},{"damage":28,"enemies":"The Heart","floor":55,"turns":8}],"seed_played":"595939676211919035","potions_obtained":[{"floor":2,"key":"Energy Potion"},{"floor":4,"key":"PowerPotion"},{"floor":12,"key":"Block Potion"},{"floor":12,"key":"FairyPotion"},{"floor":12,"key":"EssenceOfSteel"},{"floor":13,"key":"SmokeBomb"}],"is_trial":false,"path_per_floor":["M","M","M","M","M","E","R","E","T","R","E","?","M","$","R","B",null,"M","$","?","T","M","E","M","R","T","$","?","M","M","M","R","B",null,"M","?","?","?","$","E","$","E","T","R","M","?","?","?","R","B",null,"R","$","E","B",null],"character_chosen":"THE_SILENT","items_purchased":["Footwork+1","Toxic Egg 2","PiercingWail+1","Blade Dance+1","Catalyst+1","Bottled Tornado"],"campfire_rested":4,"item_purchase_floors":[14,14,19,27,39,53],"current_hp_per_floor":[47,42,42,37,37,25,46,44,44,65,27,27,26,26,26,26,70,67,67,67,67,67,67,67,67,67,67,67,67,67,67,67,65,70,70,70,70,60,60,60,60,53,53,53,55,57,57,57,76,56,76,76,76,47,19],"gold":76,"neow_bonus":"TRANSFORM_TWO_CARDS","is_prod":false,"is_daily":false,"chose_seed":false,"campfire_upgraded":3,"win_rate":0,"timestamp":1549901552,"path_taken":["M","M","M","M","M","E","R","E","T","R","E","?","M","?","R","BOSS","M","?","?","?","M","E","M","R","T","$","?","M","M","M","R","BOSS","M","?","?","?","$","E","$","E","T","R","M","?","?","?","R","BOSS","R","$","E","BOSS"],"build_version":"2019-01-23","purchased_purges":2,"victory":true,"max_hp_per_floor":[70,70,70,70,70,70,70,70,70,70,70,70,70,70,70,70,70,70,70,70,70,70,70,70,70,70,70,70,70,70,70,70,70,70,70,70,70,70,70,70,70,72,72,72,74,76,76,76,76,76,76,76,76,78,78],"card_choices":[{"not_picked":["Flying Knee","Concentrate"],"picked":"Dash","floor":1},{"not_picked":["Riddle With Holes","Prepared"],"picked":"Backstab","floor":2},{"not_picked":["Poisoned Stab","Skewer"],"picked":"Footwork","floor":3},{"not_picked":["Catalyst","Outmaneuver"],"picked":"Leg Sweep","floor":4},{"not_picked":["Deflect","Accuracy"],"picked":"PiercingWail","floor":5},{"not_picked":["Blade Dance","Eviscerate"],"picked":"Corpse Explosion","floor":6},{"not_picked":["Slice","Concentrate"],"picked":"Backflip","floor":8},{"not_picked":["Blade Dance","Endless Agony"],"picked":"Tools of the Trade+1","floor":11},{"not_picked":["Deflect","Bane","Cloak And Dagger"],"picked":"SKIP","floor":13},{"not_picked":["Doppelganger+1","Tools of the Trade+1"],"picked":"Adrenaline+1","floor":16},{"not_picked":["Choke","Endless Agony"],"picked":"Dodge and Roll+1","floor":18},{"not_picked":["Bullet Time+1","Flying Knee"],"picked":"Deadly Poison+1","floor":22},{"not_picked":["Cloak And Dagger+1","Masterful Stab"],"picked":"Escape Plan+1","floor":22},{"not_picked":["Caltrops+1","Dodge and Roll+1"],"picked":"Footwork+1","floor":23},{"not_picked":["Deflect+1","Slice+1","Acrobatics+1"],"picked":"SKIP","floor":24},{"not_picked":["Deflect+1","Cloak And Dagger+1","Dodge and Roll+1"],"picked":"SKIP","floor":24},{"not_picked":["Dagger Throw","Concentrate+1"],"picked":"Backstab+1","floor":29},{"not_picked":["Masterful Stab","Deadly Poison+1"],"picked":"Bouncing Flask+1","floor":29},{"not_picked":["Infinite Blades+1","Quick Slash+1"],"picked":"Caltrops+1","floor":30},{"not_picked":["Dagger Throw","Reflex+1","Bane"],"picked":"SKIP","floor":30},{"not_picked":["Die Die Die","Dagger Throw+1"],"picked":"PiercingWail+1","floor":31},{"not_picked":["Poisoned Stab","All Out Attack","Finisher"],"picked":"SKIP","floor":31},{"not_picked":["Slice","Quick Slash+1"],"picked":"Backflip+1","floor":35},{"not_picked":["Endless Agony","Outmaneuver+1","Poisoned Stab+1"],"picked":"SKIP","floor":35},{"not_picked":["Enlightenment+1","Impatience+1"],"picked":"Master of Strategy+1","floor":38},{"not_picked":["Metamorphosis+1","Thinking Ahead+1"],"picked":"Panache+1","floor":38},{"not_picked":["PiercingWail+1","Choke+1"],"picked":"Catalyst+1","floor":40},{"not_picked":["Terror+1","Crippling Poison+1","Quick Slash"],"picked":"Singing Bowl","floor":42},{"not_picked":["Quick Slash","Escape Plan+1"],"picked":"Footwork+1","floor":45},{"not_picked":["Choke+1","Footwork+1","Accuracy+1"],"picked":"Singing Bowl","floor":45},{"not_picked":["Blade Dance+1","Deflect+1","Acrobatics+1"],"picked":"Singing Bowl","floor":46},{"not_picked":["Poisoned Stab+1","Doppelganger+1","Finisher"],"picked":"Singing Bowl","floor":54}],"player_experience":129627,"relics_obtained":[{"floor":6,"key":"Frozen Egg 2"},{"floor":8,"key":"Shuriken"},{"floor":11,"key":"Tingsha"},{"floor":21,"key":"Prayer Wheel"},{"floor":23,"key":"Juzu Bracelet"},{"floor":26,"key":"Omamori"},{"floor":40,"key":"Potion Belt"},{"floor":42,"key":"Singing Bowl"},{"floor":43,"key":"Orichalcum"},{"floor":46,"key":"Nunchaku"},{"floor":54,"key":"Boot"}],"event_choices":[{"damage_healed":0,"gold_gain":0,"player_choice":"Got Potions","damage_taken":0,"max_hp_gain":0,"max_hp_loss":0,"event_name":"Lab","floor":12,"gold_loss":0},{"damage_healed":0,"gold_gain":0,"cards_transformed":["Strike_G","Strike_G"],"player_choice":"Became Test Subject","damage_taken":0,"max_hp_gain":0,"max_hp_loss":0,"event_name":"Drug Dealer","floor":20,"gold_loss":0,"cards_obtained":["Tactician","Malaise"]},{"damage_healed":0,"gold_gain":0,"player_choice":"Ignored","damage_taken":0,"max_hp_gain":0,"max_hp_loss":0,"event_name":"Ghosts","floor":28,"gold_loss":0},{"damage_healed":0,"gold_gain":0,"player_choice":"Ignored","damage_taken":0,"max_hp_gain":0,"max_hp_loss":0,"event_name":"Tomb of Lord Red Mask","floor":36,"gold_loss":0},{"damage_healed":0,"gold_gain":0,"cards_transformed":["Defend_G"],"player_choice":"Transformed","damage_taken":0,"max_hp_gain":0,"max_hp_loss":0,"event_name":"Transmorgrifier","floor":37,"gold_loss":0,"cards_obtained":["Malaise"]},{"damage_healed":0,"gold_gain":0,"player_choice":"Memory 3","damage_taken":10,"max_hp_gain":0,"max_hp_loss":0,"event_name":"SensoryStone","floor":38,"gold_loss":0},{"damage_healed":0,"gold_gain":0,"player_choice":"Fight","damage_taken":0,"max_hp_gain":0,"max_hp_loss":0,"event_name":"MindBloom","floor":46,"gold_loss":0},{"cards_removed":["Blade Dance"],"damage_healed":0,"gold_gain":0,"player_choice":"Purged","damage_taken":0,"max_hp_gain":0,"max_hp_loss":0,"event_name":"Purifier","floor":47,"gold_loss":0},{"damage_healed":0,"gold_gain":0,"player_choice":"Rummage","damage_taken":0,"relics_obtained":["WarpedTongs"],"max_hp_gain":0,"max_hp_loss":0,"event_name":"Accursed Blacksmith","floor":48,"gold_loss":0,"cards_obtained":["Pain"]}],"is_beta":false,"boss_relics":[{"not_picked":["Busted Crown","Philosopher\u0027s Stone"],"picked":"Sozu"},{"not_picked":["Runic Pyramid","Lizard Tail"],"picked":"Fusion Hammer"}],"items_purged_floors":[19,39],"is_endless":false,"potions_floor_spawned":[2,4,13,16,18,23,54],"ascension_level":0}