{"gold_per_floor":[114,114,114,114,128,155,155,186,210,210,210,228,258,35,35,35],"floor_reached":16,"playtime":431,"items_purged":["Defend_B"],"score":162,"play_id":"38950ab1-d510-4c7a-8335-b949176ac4b0","local_time":"20181218023350","is_ascension_mode":true,"campfire_choices":[{"data":"Zap","floor":7,"key":"SMITH"},{"data":"Dualcast","floor":10,"key":"SMITH"},{"data":"Sunder","floor":15,"key":"SMITH"}],"neow_cost":"NONE","seed_source_timestamp":215110293570738,"circlet_count":0,"master_deck":["Strike_B","Strike_B+1","Strike_B+1","Defend_B","Defend_B","Zap+1","Dualcast+1","Steam+1","Sweeping Beam+1","Leap","Self Repair","Auto Shields","Sunder+1","Undo","Panache"],"relics":["Cracked Core","NeowsBlessing","Whetstone","Ornamental Fan","Smiling Mask","WingedGreaves"],"potions_floor_usage":[],"damage_taken":[{"damage":0,"enemies":"Small Slimes","floor":1,"turns":1},{"damage":0,"enemies":"Jaw Worm","floor":5,"turns":1},{"damage":0,"enemies":"Gremlin Nob","floor":6,"turns":1},{"damage":6,"enemies":"3 Sentries","floor":8,"turns":7},{"damage":0,"enemies":"2 Louse","floor":12,"turns":2},{"damage":16,"enemies":"Gremlin Nob","floor":13,"turns":4},{"damage":54,"enemies":"Slime Boss","floor":16,"turns":8}],"seed_played":"-8846810287908722628","potions_obtained":[{"floor":5,"key":"EssenceOfSteel"},{"floor":12,"key":"Ancient Potion"},{"floor":13,"key":"Block Potion"}],"is_trial":false,"path_per_floor":["M","?","?","?","M","E","R","E","T","R","?","M","E","$","R","B"],"character_chosen":"DEFECT","items_purchased":["Panache"],"campfire_rested":0,"item_purchase_floors":[14],"current_hp_per_floor":[75,60,65,58,58,58,58,52,52,52,52,59,50,50,50,0],"gold":35,"neow_bonus":"THREE_ENEMY_KILL","is_prod":false,"is_daily":false,"chose_seed":false,"campfire_upgraded":3,"win_rate":0,"timestamp":1545122030,"path_taken":["M","?","?","?","M","E","R","E","T","R","?","?","E","?","R","BOSS"],"build_version":"2018-12-13","purchased_purges":1,"victory":false,"max_hp_per_floor":[75,75,80,80,80,80,80,80,80,80,80,80,80,80,80,80],"card_choices":[{"not_picked":["Sweeping Beam","Cold Snap"],"picked":"Steam","floor":1},{"not_picked":["BootSequence","Melter"],"picked":"Sweeping Beam","floor":5},{"not_picked":["Auto Shields","Coolheaded"],"picked":"Leap","floor":6},{"not_picked":["Steam","Beam Cell"],"picked":"Self Repair","floor":8},{"not_picked":["Compile Driver","Turbo"],"picked":"Sunder","floor":12},{"not_picked":["BootSequence","Force Field"],"picked":"Undo","floor":13}],"player_experience":64777,"relics_obtained":[{"floor":6,"key":"Whetstone"},{"floor":8,"key":"Ornamental Fan"},{"floor":9,"key":"Smiling Mask"},{"floor":13,"key":"WingedGreaves"}],"event_choices":[{"damage_healed":0,"gold_gain":0,"player_choice":"Entered Light","damage_taken":15,"max_hp_gain":0,"max_hp_loss":0,"event_name":"Shining Light","floor":2,"gold_loss":0,"cards_upgraded":["Steam","Strike_B"]},{"damage_healed":0,"gold_gain":0,"player_choice":"Donut","damage_taken":0,"max_hp_gain":5,"max_hp_loss":0,"event_name":"Big Fish","floor":3,"gold_loss":0},{"cards_removed":["Strike_B"],"damage_healed":0,"gold_gain":0,"player_choice":"Card Removal","damage_taken":7,"max_hp_gain":0,"max_hp_loss":0,"event_name":"Golden Wing","floor":4,"gold_loss":0},{"damage_healed":0,"gold_gain":0,"cards_transformed":["Defend_B"],"player_choice":"Change","damage_taken":0,"max_hp_gain":0,"max_hp_loss":0,"event_name":"Living Wall","floor":11,"gold_loss":0,"cards_obtained":["Auto Shields"]}],"is_beta":false,"boss_relics":[],"items_purged_floors":[14],"is_endless":false,"potions_floor_spawned":[5,12,13],"killed_by":"Slime Boss","ascension_level":3}