{"gold_per_floor":[113,113,188,113,113,113,146,196,196,210,221,46,56,56,56,56],"floor_reached":16,"playtime":378,"items_purged":[],"score":196,"play_id":"d293093a-eb30-4bec-9b58-64b171ce9a7b","local_time":"20181014090958","is_ascension_mode":true,"campfire_choices":[{"data":"Zap","floor":6,"key":"SMITH"},{"floor":15,"key":"REST"}],"neow_cost":"NONE","seed_source_timestamp":216745881618772,"circlet_count":0,"master_deck":["Strike_B","Strike_B","Defend_B","Defend_B","Defend_B","Defend_B","Zap+1","Dualcast","AscendersBane","Thunder Strike","Go for the Eyes","Storm","Lockon","Redo"],"relics":["Cracked Core","Ancient Tea Set","DataDisk","PreservedInsect","Golden Idol"],"potions_floor_usage":[13],"damage_taken":[{"damage":6,"enemies":"2 Louse","floor":1,"turns":2},{"damage":25,"enemies":"Lagavulin","floor":7,"turns":7},{"damage":0,"enemies":"Cultist","floor":10,"turns":3},{"damage":11,"enemies":"Jaw Worm","floor":11,"turns":3},{"damage":19,"enemies":"Large Slime","floor":13,"turns":5},{"damage":36,"enemies":"Hexaghost","floor":16,"turns":9}],"seed_played":"5751434985993649055","potions_obtained":[{"floor":7,"key":"Poison Potion"},{"floor":13,"key":"SpeedPotion"}],"is_trial":false,"path_per_floor":["M","?","?","?","?","R","E","?","T","M","M","$","M","?","R"],"character_chosen":"DEFECT","items_purchased":["PreservedInsect"],"campfire_rested":1,"item_purchase_floors":[12],"current_hp_per_floor":[58,58,47,47,70,70,45,45,45,45,34,34,15,15,34,0],"gold":56,"neow_bonus":"ONE_RANDOM_RARE_CARD","is_prod":false,"is_daily":false,"chose_seed":false,"campfire_upgraded":1,"win_rate":0,"timestamp":1539522598,"path_taken":["M","?","?","?","?","R","E","?","T","?","M","$","M","?","R","BOSS"],"build_version":"2018-10-11","purchased_purges":0,"victory":false,"max_hp_per_floor":[71,71,71,71,71,71,71,71,71,71,71,71,71,64,64,64],"card_choices":[{"not_picked":["Cold Snap","Coolheaded","Compile Driver"],"picked":"SKIP","floor":1},{"not_picked":["Go for the Eyes","Melter"],"picked":"Storm","floor":7},{"not_picked":["Barrage","Steam"],"picked":"Lockon","floor":10},{"not_picked":["Sweeping Beam","Consume","Gash"],"picked":"SKIP","floor":11},{"not_picked":["Steam","Cold Snap"],"picked":"Redo","floor":13}],"player_experience":487848,"relics_obtained":[{"floor":7,"key":"Ancient Tea Set"},{"floor":9,"key":"DataDisk"}],"event_choices":[{"event_name":"Transmorgrifier","player_choice":"Transform","floor":2,"damage_taken":0},{"event_name":"World of Goop","player_choice":"Gather Gold","floor":3,"damage_taken":0},{"event_name":"The Cleric","player_choice":"Card Removal","floor":4,"damage_taken":0},{"event_name":"Big Fish","player_choice":"Banana","floor":5,"damage_taken":0},{"event_name":"Golden Shrine","player_choice":"Pray","floor":8,"damage_taken":0},{"event_name":"Golden Idol","player_choice":"Lose Max HP","floor":14,"damage_taken":0}],"is_beta":true,"boss_relics":[],"items_purged_floors":[],"is_endless":false,"potions_floor_spawned":[7,13],"killed_by":"Hexaghost","ascension_level":20}