{"gold_per_floor":[211,11,22,22,35,35,46,46,46,57,57,57,37,58,58,58],"floor_reached":16,"playtime":570,"items_purged":[],"score":161,"play_id":"3ec80959-0ea1-4e7f-9f6f-f25bbb1ea205","local_time":"20190121021230","is_ascension_mode":true,"campfire_choices":[{"data":"Corruption","floor":6,"key":"SMITH"},{"data":"Shockwave","floor":8,"key":"SMITH"},{"data":"Bash","floor":15,"key":"SMITH"}],"neow_cost":"NONE","seed_source_timestamp":807528222385581,"circlet_count":0,"master_deck":["AscendersBane","Strike_R","Strike_R","Strike_R","Strike_R","Defend_R","Defend_R","Defend_R","Defend_R","Bash+1","Sword Boomerang","Shrug It Off","Corruption+1","Burning Pact","Sword Boomerang","Shockwave+1","Feel No Pain","True Grit","Pommel Strike"],"relics":["Burning Blood","Shuriken","Golden Idol"],"potions_floor_usage":[10,14],"damage_taken":[{"damage":6,"enemies":"Cultist","floor":1,"turns":4},{"damage":10,"enemies":"Small Slimes","floor":3,"turns":4},{"damage":0,"enemies":"2 Louse","floor":5,"turns":4},{"damage":9,"enemies":"Large Slime","floor":7,"turns":7},{"damage":5,"enemies":"Red Slaver","floor":10,"turns":5},{"damage":2,"enemies":"Gremlin Gang","floor":14,"turns":6},{"damage":46,"enemies":"The Guardian","floor":16,"turns":9}],"seed_played":"7206459727470705125","potions_obtained":[{"floor":5,"key":"BloodPotion"},{"floor":7,"key":"EssenceOfSteel"},{"floor":13,"key":"Block Potion"},{"floor":14,"key":"FairyPotion"}],"is_trial":false,"path_per_floor":["M","$","M","?","M","R","M","R","T","M","?","?","?","M","R","B"],"character_chosen":"IRONCLAD","items_purchased":["Shrug It Off","Corruption","Burning Pact"],"campfire_rested":0,"item_purchase_floors":[2,2,2],"current_hp_per_floor":[68,68,64,59,65,65,62,62,62,63,37,30,30,34,34,0],"gold":58,"neow_bonus":"HUNDRED_GOLD","is_prod":false,"is_daily":false,"chose_seed":false,"campfire_upgraded":3,"win_rate":0,"timestamp":1548054750,"path_taken":["M","$","M","?","M","R","M","R","T","M","?","?","?","M","R","BOSS"],"build_version":"2019-01-17v2","purchased_purges":0,"victory":false,"max_hp_per_floor":[75,75,75,75,75,75,75,75,75,75,75,75,75,75,75,75],"card_choices":[{"not_picked":["Thunderclap","Flex"],"picked":"Sword Boomerang","floor":1},{"not_picked":["Infernal Blade","Havoc"],"picked":"Sword Boomerang","floor":3},{"not_picked":["Armaments","Second Wind"],"picked":"Shockwave","floor":5},{"not_picked":["Rampage","Shrug It Off"],"picked":"Feel No Pain","floor":7},{"not_picked":["Havoc","Flex"],"picked":"True Grit","floor":10},{"not_picked":["Rage","Impervious"],"picked":"Pommel Strike","floor":14}],"player_experience":516979,"relics_obtained":[{"floor":9,"key":"Shuriken"}],"event_choices":[{"damage_healed":0,"gold_gain":0,"player_choice":"Fled","damage_taken":5,"max_hp_gain":0,"max_hp_loss":0,"event_name":"Scrap Ooze","floor":4,"gold_loss":0},{"damage_healed":0,"gold_gain":0,"player_choice":"Take Damage","damage_taken":26,"relics_obtained":["Golden Idol"],"max_hp_gain":0,"max_hp_loss":0,"event_name":"Golden Idol","floor":11,"gold_loss":0},{"cards_removed":["Strike_R"],"damage_healed":0,"gold_gain":0,"player_choice":"Card Removal","damage_taken":7,"max_hp_gain":0,"max_hp_loss":0,"event_name":"Golden Wing","floor":12,"gold_loss":0},{"damage_healed":0,"gold_gain":0,"player_choice":"Bought 1 Potion","damage_taken":0,"max_hp_gain":0,"max_hp_loss":0,"event_name":"The Woman in Blue","floor":13,"gold_loss":0}],"is_beta":false,"boss_relics":[],"items_purged_floors":[],"is_endless":false,"potions_floor_spawned":[5,7,14],"killed_by":"The Guardian","ascension_level":15}