{"gold_per_floor":[111,111,186,35,46,79,79,104,104,115,125,90,90,102,102,206,206,218,218,23,40,53,87,87,117,117,117,207,223,242,257,257,359,359,378,394,411,424,424],"floor_reached":39,"playtime":6108,"items_purged":[],"score":533,"play_id":"fcb307b7-3dd5-4645-ba00-2a95aa2ed85a","local_time":"20190201000611","is_ascension_mode":true,"campfire_choices":[{"floor":7,"key":"REST"},{"floor":15,"key":"REST"},{"floor":24,"key":"REST"},{"floor":27,"key":"REST"},{"floor":32,"key":"REST"}],"neow_cost":"NONE","seed_source_timestamp":1140222088830694,"circlet_count":0,"master_deck":["Defend_G","Defend_G","Defend_G","Defend_G","Strike_G","Strike_G","Strike_G","Survivor","Neutralize","Blade Dance","Infinite Blades","Blur+1","Blade Dance+1","Burst+1","Distraction+1","Backstab","Infinite Blades","Terror+1","Die Die Die","Prepared+1","RitualDagger","Blade Dance+1","Infinite Blades","Flechettes","Envenom","Distraction+1","Outmaneuver+1","Backstab","Dagger Throw+1","Corpse Explosion+1","Slice+1","Slice+1","Tactician+1","Noxious Fumes+1","Noxious Fumes+1","All Out Attack+1","Blade Dance+1"],"relics":["Ring of the Snake","Toxic Egg 2","Blood Vial","Dodecahedron","Ancient Tea Set","Black Star","Potion Belt","Omamori","Snake Skull","Ginger","Unceasing Top","Incense Burner","Astrolabe"],"potions_floor_usage":[6,8,23,23,23,23,23,23,23,25,25,31,33,37,38],"damage_taken":[{"damage":0,"enemies":"Small Slimes","floor":1,"turns":4},{"damage":2,"enemies":"Jaw Worm","floor":5,"turns":4},{"damage":18,"enemies":"Lagavulin","floor":6,"turns":9},{"damage":46,"enemies":"Gremlin Nob","floor":8,"turns":5},{"damage":0,"enemies":"2 Louse","floor":10,"turns":2},{"damage":0,"enemies":"Large Slime","floor":11,"turns":5},{"damage":5,"enemies":"Gremlin Gang","floor":14,"turns":4},{"damage":37,"enemies":"The Guardian","floor":16,"turns":13},{"damage":2,"enemies":"2 Thieves","floor":18,"turns":4},{"damage":28,"enemies":"Spheric Guardian","floor":21,"turns":6},{"damage":31,"enemies":"Snecko","floor":22,"turns":7},{"damage":0,"enemies":"Gremlin Leader","floor":23,"turns":1},{"damage":10,"enemies":"Book of Stabbing","floor":25,"turns":4},{"damage":9,"enemies":"Chosen and Byrds","floor":29,"turns":5},{"damage":15,"enemies":"Snake Plant","floor":30,"turns":5},{"damage":0,"enemies":"Cultist and Chosen","floor":31,"turns":3},{"damage":46,"enemies":"Collector","floor":33,"turns":7},{"damage":0,"enemies":"Orb Walker","floor":35,"turns":2},{"damage":26,"enemies":"3 Darklings","floor":36,"turns":4},{"damage":15,"enemies":"Spire Growth","floor":37,"turns":5},{"damage":9,"enemies":"Sphere and 2 Shapes","floor":38,"turns":3},{"damage":63,"enemies":"Transient","floor":39,"turns":5}],"seed_played":"-853128201217170141","potions_obtained":[{"floor":5,"key":"Weak Potion"},{"floor":6,"key":"GamblersBrew"},{"floor":8,"key":"SpeedPotion"},{"floor":21,"key":"Strength Potion"},{"floor":22,"key":"EntropicBrew"},{"floor":30,"key":"AttackPotion"},{"floor":31,"key":"AttackPotion"},{"floor":35,"key":"EssenceOfSteel"}],"is_trial":false,"path_per_floor":["M","?","?","$","M","E","R","E","T","M","M","?","?","M","R","B",null,"M","?","$","M","M","E","R","E","T","R","?","M","M","M","R","B",null,"M","M","M","M","M"],"character_chosen":"THE_SILENT","items_purchased":["Infinite Blades","Blur+1","Blade Dance+1","Potion Belt"],"campfire_rested":5,"item_purchase_floors":[4,4,20,20],"current_hp_per_floor":[77,74,63,63,61,43,66,22,22,24,26,45,50,47,71,36,82,80,74,74,48,19,21,45,37,37,61,45,38,25,27,51,7,82,82,56,43,36,0],"gold":424,"neow_bonus":"TEN_PERCENT_HP_BONUS","is_prod":false,"is_daily":false,"chose_seed":false,"campfire_upgraded":0,"win_rate":0,"timestamp":1548975971,"path_taken":["M","?","?","$","M","E","R","E","T","M","?","?","?","M","R","BOSS","M","?","$","M","M","E","R","E","T","R","?","M","M","M","R","BOSS","M","M","M","?","M"],"build_version":"2019-01-23","purchased_purges":0,"victory":false,"max_hp_per_floor":[77,77,77,77,77,77,77,77,77,77,77,77,82,82,82,82,82,82,82,82,82,82,82,82,82,82,82,82,82,82,82,82,82,82,82,82,82,82,82],"card_choices":[{"not_picked":["Slice","Outmaneuver"],"picked":"Blade Dance","floor":1},{"not_picked":["Outmaneuver+1","Quick Slash"],"picked":"Blade Dance+1","floor":5},{"not_picked":["Underhanded Strike","Calculated Gamble+1"],"picked":"Burst+1","floor":6},{"not_picked":["Skewer","Masterful Stab"],"picked":"Distraction+1","floor":8},{"not_picked":["Dagger Throw","Quick Slash"],"picked":"Backstab","floor":10},{"not_picked":["Endless Agony","Acrobatics+1"],"picked":"Infinite Blades","floor":11},{"not_picked":["Backflip+1","Dagger Throw"],"picked":"Terror+1","floor":14},{"not_picked":["Bullet Time+1","Doppelganger+1"],"picked":"Die Die Die","floor":16},{"not_picked":["Bane","Sucker Punch"],"picked":"Prepared+1","floor":18},{"not_picked":["Leg Sweep+1","Expertise+1"],"picked":"Infinite Blades","floor":21},{"not_picked":["Underhanded Strike","Heel Hook+1"],"picked":"Flechettes","floor":22},{"not_picked":["Bane+1","Dash"],"picked":"Envenom","floor":23},{"not_picked":["PiercingWail+1","Outmaneuver+1"],"picked":"Distraction+1","floor":25},{"not_picked":["Dagger Spray","Escape Plan+1"],"picked":"Outmaneuver+1","floor":29},{"not_picked":["Dash","Flying Knee"],"picked":"Backstab","floor":30},{"not_picked":["Bane","Skewer"],"picked":"Dagger Throw+1","floor":31},{"not_picked":["Envenom","Bullet Time+1"],"picked":"Corpse Explosion+1","floor":33},{"not_picked":["Dagger Throw","Footwork"],"picked":"Noxious Fumes+1","floor":35},{"not_picked":["Escape Plan+1","Quick Slash+1"],"picked":"Noxious Fumes+1","floor":36},{"not_picked":["Calculated Gamble+1","Quick Slash"],"picked":"All Out Attack+1","floor":37},{"not_picked":["Dagger Throw","Flying Knee"],"picked":"Blade Dance+1","floor":38}],"player_experience":38365,"relics_obtained":[{"floor":6,"key":"Blood Vial"},{"floor":8,"key":"Dodecahedron"},{"floor":9,"key":"Ancient Tea Set"},{"floor":23,"key":"Omamori"},{"floor":23,"key":"Snake Skull"},{"floor":25,"key":"Ginger"},{"floor":25,"key":"Unceasing Top"},{"floor":26,"key":"Incense Burner"}],"event_choices":[{"damage_healed":0,"gold_gain":0,"player_choice":"Success","damage_taken":3,"relics_obtained":["Toxic Egg 2"],"max_hp_gain":0,"max_hp_loss":0,"event_name":"Scrap Ooze","floor":2,"gold_loss":0},{"damage_healed":0,"gold_gain":75,"player_choice":"Gather Gold","damage_taken":11,"max_hp_gain":0,"max_hp_loss":0,"event_name":"World of Goop","floor":3,"gold_loss":0},{"damage_healed":19,"gold_gain":0,"player_choice":"Healed","damage_taken":0,"max_hp_gain":0,"max_hp_loss":0,"event_name":"The Cleric","floor":12,"gold_loss":35},{"damage_healed":0,"gold_gain":0,"player_choice":"Donut","damage_taken":0,"max_hp_gain":5,"max_hp_loss":0,"event_name":"Big Fish","floor":13,"gold_loss":0},{"damage_healed":0,"gold_gain":0,"player_choice":"Joined the Cult","damage_taken":6,"max_hp_gain":0,"max_hp_loss":0,"event_name":"Nest","floor":19,"gold_loss":0,"cards_obtained":["RitualDagger"]},{"damage_healed":0,"gold_gain":90,"player_choice":"GOLD ","damage_taken":16,"max_hp_gain":0,"max_hp_loss":0,"event_name":"Knowing Skull","floor":28,"potions_obtained":[],"gold_loss":0,"cards_obtained":[]}],"is_beta":false,"boss_relics":[{"not_picked":["Eternal Feather","White Beast Statue"],"picked":"Black Star"},{"not_picked":["Velvet Choker","Pandora\u0027s Box"],"picked":"Astrolabe"}],"items_purged_floors":[],"is_endless":false,"potions_floor_spawned":[5,6,8,21,22,30,31,35],"killed_by":"Transient","ascension_level":1}