{"gold_per_floor":[116,126,146,3,3,3,16,16,16,16,16,16,16,59,59,185,185,201,222,4,28,48,48,87,87,114,146,146,146,169,16,16,111,111,121,121,121,121,45,45,45,63,143,143,26,26,46,46,46,46],"floor_reached":50,"playtime":4209,"items_purged":["Strike_B"],"score":653,"play_id":"199c0043-4f0d-4edd-838a-26f3396bd37a","local_time":"20190210161222","is_ascension_mode":true,"campfire_choices":[{"floor":10.0,"key":"REST"},{"floor":15.0,"key":"REST"},{"floor":23.0,"key":"REST"},{"floor":28.0,"key":"REST"},{"floor":32.0,"key":"REST"},{"floor":40.0,"key":"RECALL"},{"floor":44.0,"key":"REST"},{"data":"Double Energy","floor":46.0,"key":"SMITH"},{"data":"Creative AI","floor":49.0,"key":"SMITH"}],"neow_cost":"NONE","seed_source_timestamp":581743135184503,"circlet_count":0,"master_deck":["Strike_B","Strike_B","Strike_B+1","Defend_B","Defend_B","Defend_B","Defend_B","Zap","Dualcast","Creative AI+1","Steam","Melter+1","Recycle+1","FTL","Biased Cognition","Double Energy+1","Echo Form","Conserve Battery","Conserve Battery","Glacier","Core Surge","Redo+1","FTL","Meteor Strike","Madness","Madness","Double Energy","Purity","Defragment"],"special_seed":0,"relics":["FrozenCore","Bloody Idol","Sundial","Symbiotic Virus","Bottled Tornado","Runic Pyramid","Ancient Tea Set","Happy Flower","Unceasing Top","MutagenicStrength","Bag of Preparation","Dodecahedron","Pear"],"potions_floor_usage":[],"damage_taken":[{"damage":0.0,"enemies":"Cultist","floor":1.0,"turns":4.0},{"damage":0.0,"enemies":"Small Slimes","floor":2.0,"turns":4.0},{"damage":3.0,"enemies":"2 Louse","floor":3.0,"turns":2.0},{"damage":9.0,"enemies":"Large Slime","floor":7.0,"turns":7.0},{"damage":25.0,"enemies":"Gremlin Nob","floor":14.0,"turns":5.0},{"damage":0.0,"enemies":"Slime Boss","floor":16.0,"turns":6.0},{"damage":22.0,"enemies":"2 Thieves","floor":18.0,"turns":3.0},{"damage":18.0,"enemies":"Shell Parasite","floor":19.0,"turns":4.0},{"damage":3.0,"enemies":"Cultist and Chosen","floor":21.0,"turns":7.0},{"damage":0.0,"enemies":"Sentry and Sphere","floor":22.0,"turns":2.0},{"damage":23.0,"enemies":"Book of Stabbing","floor":24.0,"turns":7.0},{"damage":23.0,"enemies":"Slavers","floor":27.0,"turns":4.0},{"damage":62.0,"enemies":"Champ","floor":33.0,"turns":9.0},{"damage":8.0,"enemies":"3 Darklings","floor":35.0,"turns":8.0},{"damage":7.0,"enemies":"3 Shapes","floor":42.0,"turns":3.0},{"damage":0.0,"enemies":"Sphere and 2 Shapes","floor":47.0,"turns":7.0},{"damage":85,"enemies":"Time Eater","floor":50,"turns":13}],"seed_played":"-6941461656886815785","potions_obtained":[{"floor":7.0,"key":"Weak Potion"},{"floor":16.0,"key":"Strength Potion"},{"floor":19.0,"key":"Fire Potion"},{"floor":22.0,"key":"PowerPotion"},{"floor":33.0,"key":"Poison Potion"},{"floor":35.0,"key":"Explosive Potion"}],"is_trial":false,"path_per_floor":["M","M","M","$","?","?","M","?","T","R","?","$","T","E","R","B",null,"M","M","$","M","M","R","E","?","T","E","R","?","T","$","R","B",null,"M","?","?","T","$","R","?","M","T","R","$","R","M","$","R","B"],"character_chosen":"DEFECT","items_purchased":["FTL","Ancient Tea Set","Glacier","FTL","Regen Potion","Double Energy","Defragment","Explosive Potion"],"campfire_rested":6,"item_purchase_floors":[4,20,20,31,31,39,45,45],"current_hp_per_floor":[75,75,72,72,54,54,45,30,30,52,75,75,75,50,72,72,74,52,34,34,31,31,53,30,30,35,17,39,39,44,44,66,9,59,71,71,62,62,62,62,62,60,75,85,85,85,85,85,85,0],"gold":46,"neow_bonus":"ONE_RANDOM_RARE_CARD","is_prod":false,"is_daily":false,"chose_seed":false,"campfire_upgraded":2,"win_rate":0,"timestamp":1549811542,"path_taken":["M","M","?","$","?","?","M","?","T","R","?","$","?","E","R","BOSS","M","M","$","M","M","R","E","?","T","E","R","?","?","$","R","BOSS","M","?","?","?","$","R","?","M","T","R","?","R","M","$","R","BOSS"],"build_version":"2019-01-23","purchased_purges":1,"victory":false,"max_hp_per_floor":[75,75,75,75,75,75,75,75,75,75,75,75,75,75,75,75,75,75,75,75,75,75,75,75,75,75,75,75,75,75,75,75,75,75,75,75,75,75,75,75,75,75,85,85,85,85,85,85,85,85],"card_choices":[{"not_picked":["Go for the Eyes","Streamline"],"picked":"Steam","floor":1.0},{"not_picked":["Stack","Steam"],"picked":"Melter","floor":2.0},{"not_picked":["Hologram","Gash"],"picked":"Recycle","floor":3.0},{"not_picked":["Reprogram","Darkness"],"picked":"Biased Cognition","floor":7.0},{"not_picked":["Turbo","Gash"],"picked":"Double Energy","floor":14.0},{"not_picked":["Core Surge","Seek"],"picked":"Echo Form","floor":16.0},{"not_picked":["Aggregate","Doom and Gloom"],"picked":"Conserve Battery","floor":18.0},{"not_picked":["Cold Snap+1","Turbo+1"],"picked":"Conserve Battery","floor":19.0},{"not_picked":["Turbo+1","Rebound","Steam+1"],"picked":"SKIP","floor":21.0},{"not_picked":["Compile Driver","Stack"],"picked":"Core Surge","floor":22.0},{"not_picked":["Steam","All For One"],"picked":"Redo+1","floor":24.0},{"not_picked":["Thunder Strike","Undo","Loop"],"picked":"SKIP","floor":27.0},{"not_picked":["Creative AI","Machine Learning"],"picked":"Meteor Strike","floor":33.0},{"not_picked":["Go for the Eyes+1","Force Field+1","Hologram+1"],"picked":"SKIP","floor":35.0},{"not_picked":["Master of Strategy","Good Instincts"],"picked":"Purity","floor":41.0},{"not_picked":["Barrage+1","Coolheaded+1","Turbo"],"picked":"SKIP","floor":42.0},{"not_picked":["Reinforced Body","Melter+1","Sweeping Beam+1"],"picked":"SKIP","floor":47.0}],"player_experience":358602,"relics_obtained":[{"floor":9.0,"key":"Sundial"},{"floor":13.0,"key":"Symbiotic Virus"},{"floor":14.0,"key":"Bottled Tornado"},{"floor":24.0,"key":"Happy Flower"},{"floor":27.0,"key":"Unceasing Top"},{"floor":30.0,"key":"Bag of Preparation"},{"floor":38.0,"key":"Dodecahedron"},{"floor":43.0,"key":"Pear"}],"event_choices":[{"damage_healed":0.0,"max_hp_gain":0.0,"max_hp_loss":0.0,"gold_gain":0.0,"event_name":"Golden Idol","player_choice":"Take Damage","floor":5.0,"gold_loss":0.0,"damage_taken":18.0,"relics_obtained":["Golden Idol"]},{"damage_healed":0.0,"max_hp_gain":0.0,"max_hp_loss":0.0,"gold_gain":0.0,"event_name":"Living Wall","player_choice":"Grow","floor":6.0,"gold_loss":0.0,"damage_taken":0.0,"cards_upgraded":["Recycle"]},{"damage_healed":0.0,"max_hp_gain":0.0,"max_hp_loss":0.0,"gold_gain":0.0,"event_name":"Shining Light","player_choice":"Entered Light","floor":8.0,"gold_loss":0.0,"damage_taken":15.0,"cards_upgraded":["Melter","Strike_B"]},{"damage_healed":25.0,"max_hp_gain":0.0,"max_hp_loss":0.0,"gold_gain":0.0,"event_name":"Big Fish","player_choice":"Banana","floor":11.0,"gold_loss":0.0,"damage_taken":0.0},{"damage_healed":0.0,"max_hp_gain":0.0,"max_hp_loss":0.0,"gold_gain":0.0,"event_name":"Forgotten Altar","player_choice":"Gave Idol","floor":25.0,"relics_lost":["Golden Idol"],"gold_loss":0.0,"damage_taken":0.0,"relics_obtained":["Bloody Idol"]},{"damage_healed":0.0,"max_hp_gain":0.0,"max_hp_loss":0.0,"gold_gain":0.0,"event_name":"Drug Dealer","player_choice":"Inject Mutagens","floor":29.0,"gold_loss":0.0,"damage_taken":0.0,"relics_obtained":["MutagenicStrength"]},{"damage_healed":0.0,"max_hp_gain":0.0,"max_hp_loss":0.0,"gold_gain":0.0,"event_name":"Tomb of Lord Red Mask","player_choice":"Ignored","floor":36.0,"gold_loss":0.0,"damage_taken":0.0},{"damage_healed":0.0,"max_hp_gain":0.0,"max_hp_loss":0.0,"gold_gain":0.0,"event_name":"Winding Halls","player_choice":"Embrace Madness","floor":37.0,"gold_loss":0.0,"damage_taken":9.0,"cards_obtained":["Madness","Madness"]},{"damage_healed":0.0,"max_hp_gain":0.0,"max_hp_loss":0.0,"gold_gain":0.0,"event_name":"SensoryStone","player_choice":"Memory 1","floor":41.0,"gold_loss":0.0,"damage_taken":0.0}],"is_beta":false,"boss_relics":[{"not_picked":["Busted Crown","Cursed Key"],"picked":"Runic Pyramid"},{"not_picked":["Philosopher\u0027s Stone","Tiny House"],"picked":"FrozenCore"}],"items_purged_floors":[4],"is_endless":false,"potions_floor_spawned":[7,16,19,22,33,35],"killed_by":"Time Eater","ascension_level":5}