{"gold_per_floor":[216,227,239,239,257,295,295,334,334,334,347,361,99,274,274,274],"floor_reached":16,"playtime":2141,"items_purged":[],"score":118,"play_id":"3eb56a19-4a06-466f-b9e7-72b6f5493055","local_time":"20190206220201","is_ascension_mode":true,"campfire_choices":[{"floor":7,"key":"RECALL"},{"floor":15,"key":"REST"}],"neow_cost":"NONE","seed_source_timestamp":260340781814611,"circlet_count":0,"master_deck":["Strike_R","Strike_R","Strike_R","Strike_R","Strike_R","Defend_R","Defend_R","Defend_R","Defend_R","Bash","Wild Strike","Armaments","Armaments","Spot Weakness","Battle Trance","Shrug It Off","Dramatic Entrance","Barricade","Spot Weakness","Shrug It Off","Blind","Carnage","Infernal Blade","Warcry","Doubt"],"relics":["Burning Blood","Golden Idol","PreservedInsect","Red Skull"],"potions_floor_usage":[6,6,16,16],"damage_taken":[{"damage":6,"enemies":"Cultist","floor":1,"turns":5},{"damage":7,"enemies":"2 Louse","floor":2,"turns":3},{"damage":5,"enemies":"Small Slimes","floor":3,"turns":4},{"damage":3,"enemies":"Red Slaver","floor":5,"turns":5},{"damage":8,"enemies":"Gremlin Nob","floor":6,"turns":3},{"damage":34,"enemies":"Lagavulin","floor":8,"turns":6},{"damage":2,"enemies":"Looter","floor":11,"turns":2},{"damage":1,"enemies":"Large Slime","floor":12,"turns":6},{"damage":69,"enemies":"Slime Boss","floor":16,"turns":17}],"seed_played":"6044781266520187722","potions_obtained":[{"floor":1,"key":"Explosive Potion"},{"floor":2,"key":"Fire Potion"},{"floor":8,"key":"FearPotion"},{"floor":12,"key":"Energy Potion"}],"is_trial":false,"path_per_floor":["M","M","M","?","M","E","R","E","T","?","M","M","$","?","R","B"],"character_chosen":"IRONCLAD","items_purchased":["Blind","Carnage","Infernal Blade","Warcry"],"campfire_rested":1,"item_purchase_floors":[13,13,13,13],"current_hp_per_floor":[80,79,80,60,63,61,61,33,33,33,37,42,42,42,66,0],"gold":274,"neow_bonus":"HUNDRED_GOLD","is_prod":false,"is_daily":false,"chose_seed":false,"campfire_upgraded":0,"win_rate":0,"timestamp":1549486921,"path_taken":["M","?","M","?","M","E","R","E","T","?","?","M","$","?","R","BOSS"],"build_version":"2019-01-23","purchased_purges":0,"victory":false,"max_hp_per_floor":[80,80,80,80,80,80,80,80,80,80,80,80,80,80,80,80],"card_choices":[{"not_picked":["Intimidate","Fire Breathing"],"picked":"Wild Strike","floor":1},{"not_picked":["Metallicize","Body Slam"],"picked":"Armaments","floor":2},{"not_picked":["Perfected Strike","Blood for Blood"],"picked":"Armaments","floor":3},{"not_picked":["Thunderclap","Inflame"],"picked":"Spot Weakness","floor":5},{"not_picked":["Pommel Strike","Thunderclap"],"picked":"Battle Trance","floor":6},{"not_picked":["Berserk","Iron Wave"],"picked":"Shrug It Off","floor":8},{"not_picked":["Pommel Strike","Armaments"],"picked":"Spot Weakness","floor":11},{"not_picked":["Havoc","Clothesline"],"picked":"Shrug It Off","floor":12}],"player_experience":196537,"relics_obtained":[{"floor":6,"key":"PreservedInsect"},{"floor":8,"key":"Red Skull"}],"event_choices":[{"damage_healed":0,"gold_gain":0,"player_choice":"Take Damage","damage_taken":20,"relics_obtained":["Golden Idol"],"max_hp_gain":0,"max_hp_loss":0,"event_name":"Golden Idol","floor":4,"gold_loss":0},{"damage_healed":0,"gold_gain":0,"player_choice":"2 cards matched","damage_taken":0,"max_hp_gain":0,"max_hp_loss":0,"event_name":"Match and Keep!","floor":10,"gold_loss":0,"cards_obtained":["Dramatic Entrance","Barricade"]},{"damage_healed":0,"gold_gain":0,"player_choice":"2 cards matched","damage_taken":0,"max_hp_gain":0,"max_hp_loss":0,"event_name":"Match and Keep!","floor":10,"gold_loss":0,"cards_obtained":["Dramatic Entrance","Barricade"]},{"damage_healed":0,"gold_gain":0,"player_choice":"2 cards matched","damage_taken":0,"max_hp_gain":0,"max_hp_loss":0,"event_name":"Match and Keep!","floor":10,"gold_loss":0,"cards_obtained":["Dramatic Entrance","Barricade"]},{"damage_healed":0,"gold_gain":175,"player_choice":"AGREE","damage_taken":0,"max_hp_gain":0,"max_hp_loss":0,"event_name":"Liars Game","floor":14,"gold_loss":0,"cards_obtained":["Doubt"]}],"is_beta":false,"boss_relics":[],"items_purged_floors":[],"is_endless":false,"potions_floor_spawned":[1,2,8,12],"killed_by":"Slime Boss","ascension_level":1}