{"gold_per_floor":[118,43,43,8,23,84,84,84,84,57,118,137,168,178,178,178],"floor_reached":16,"playtime":691,"items_purged":["Strike_B"],"score":133,"play_id":"211d380a-3573-4685-ab54-8429cb168c09","local_time":"20190203192757","is_ascension_mode":false,"campfire_choices":[{"floor":7,"key":"RECALL"},{"floor":15,"key":"REST"}],"neow_cost":"NONE","seed_source_timestamp":586573636042823,"circlet_count":0,"master_deck":["Strike_B","Strike_B","Strike_B","Defend_B","Defend_B","Defend_B","Zap","Dualcast","FTL","Cold Snap","Loop","Turbo","Redo"],"relics":["Cracked Core","NeowsBlessing","Tiny Chest","Omamori","Singing Bowl","Juzu Bracelet"],"potions_floor_usage":[13,16,16],"damage_taken":[{"damage":0,"enemies":"Jaw Worm","floor":1,"turns":1},{"damage":0,"enemies":"2 Louse","floor":5,"turns":1},{"damage":0,"enemies":"3 Sentries","floor":6,"turns":1},{"damage":16,"enemies":"Gremlin Nob","floor":11,"turns":4},{"damage":3,"enemies":"Small Slimes","floor":12,"turns":2},{"damage":20,"enemies":"Lagavulin","floor":13,"turns":6},{"damage":6,"enemies":"Exordium Wildlife","floor":14,"turns":4},{"damage":60,"enemies":"Hexaghost","floor":16,"turns":12}],"seed_played":"2748467357525755050","potions_obtained":[{"floor":1,"key":"SpeedPotion"},{"floor":11,"key":"SkillPotion"},{"floor":12,"key":"SteroidPotion"}],"is_trial":false,"path_per_floor":["M","$","?","?","M","E","R","T","T","$","?","M","E","M","R","B"],"character_chosen":"DEFECT","items_purchased":["Turbo"],"campfire_rested":1,"item_purchase_floors":[10],"current_hp_per_floor":[75,75,68,75,75,75,75,75,75,75,61,58,40,36,60,0],"gold":178,"neow_bonus":"THREE_ENEMY_KILL","is_prod":false,"is_daily":false,"chose_seed":false,"campfire_upgraded":0,"win_rate":0,"timestamp":1549229277,"path_taken":["M","$","?","?","M","E","R","?","T","?","?","M","E","M","R","BOSS"],"build_version":"2019-01-23","purchased_purges":1,"victory":false,"max_hp_per_floor":[75,75,75,75,75,75,75,75,75,75,77,77,79,81,81,81],"card_choices":[{"not_picked":["Reinforced Body","Beam Cell"],"picked":"FTL","floor":1},{"not_picked":["Beam Cell","Stack"],"picked":"Cold Snap","floor":5},{"not_picked":["Sweeping Beam","Gash"],"picked":"Loop","floor":6},{"not_picked":["Stack","FTL","Steam"],"picked":"Singing Bowl","floor":11},{"not_picked":["All For One","Cold Snap"],"picked":"Redo","floor":12},{"not_picked":["Barrage","Machine Learning","Rip and Tear"],"picked":"Singing Bowl","floor":13},{"not_picked":["Scrape","Redo","Darkness"],"picked":"Singing Bowl","floor":14}],"player_experience":355760,"relics_obtained":[{"floor":6,"key":"Tiny Chest"},{"floor":9,"key":"Omamori"},{"floor":11,"key":"Singing Bowl"},{"floor":13,"key":"Juzu Bracelet"}],"event_choices":[{"cards_removed":["Defend_B"],"damage_healed":0,"gold_gain":0,"player_choice":"Card Removal","damage_taken":7,"max_hp_gain":0,"max_hp_loss":0,"event_name":"Golden Wing","floor":3,"gold_loss":0},{"damage_healed":18,"gold_gain":0,"player_choice":"Healed","damage_taken":0,"max_hp_gain":0,"max_hp_loss":0,"event_name":"The Cleric","floor":4,"gold_loss":35},{"damage_healed":0,"gold_gain":0,"player_choice":"Searched \u00271\u0027 times","damage_taken":0,"max_hp_gain":0,"max_hp_loss":0,"event_name":"Dead Adventurer","floor":11,"gold_loss":0}],"is_beta":false,"boss_relics":[],"items_purged_floors":[2],"is_endless":false,"potions_floor_spawned":[1,11,12],"killed_by":"Hexaghost","ascension_level":0}