{"gold_per_floor":[110,122,135,8,8,8,38,38,38,38,38,49,83,93,93,198,198,212,212,212,212,230,230,250,280,326,326,336,350,350,363,363,458,458,475,139,139,159,178,178,178,205,273,273,307,324,324,324,324,324],"floor_reached":51,"playtime":2407,"items_purged":["Normality","Dualcast"],"score":1201,"play_id":"f1b603c3-4bcd-47b7-ac78-348a981d8a69","local_time":"20190103223329","is_ascension_mode":true,"campfire_choices":[{"data":"Beam Cell","floor":6,"key":"SMITH"},{"data":"Zap","floor":11,"key":"SMITH"},{"floor":15,"key":"REST"},{"data":"Amplify","floor":23,"key":"SMITH"},{"floor":27,"key":"REST"},{"floor":30,"key":"REST"},{"floor":32,"key":"REST"},{"floor":40,"key":"DIG"},{"floor":44,"key":"DIG"},{"floor":47,"key":"REST"},{"floor":49,"key":"DIG"}],"neow_cost":"CURSE","seed_source_timestamp":965294166228237,"circlet_count":0,"master_deck":["AscendersBane","Zap+1","Gash","Steam","Sweeping Beam","Steam","FTL","Rebound","Beam Cell+1","Echo Form+1","Echo Form+1","Steam Power+1","Leap+1","Reinforced Body","BootSequence","Sweeping Beam","Amplify+1","Consume","Defragment+1","Defragment+1","Melter","Reboot","White Noise","Storm+1","Go for the Eyes","Gash","FTL","All For One","White Noise+1","Defragment+1","Loop+1","Stack+1","Thunder Strike","Biased Cognition+1","Hologram+1","Capacitor+1","Master of Strategy","Glacier+1","Conserve Battery+1","Madness","Madness"],"relics":["Cracked Core","Prayer Wheel","Frozen Egg 2","Mummified Hand","Pear","Juzu Bracelet","Pandora\u0027s Box","Shovel","War Paint","Eternal Feather","Lee\u0027s Waffle","Singing Bowl","Sundial","Symbiotic Virus","Happy Flower","Turnip","Bottled Tornado"],"potions_floor_usage":[16,45,46],"damage_taken":[{"damage":0,"enemies":"Small Slimes","floor":1,"turns":3},{"damage":7,"enemies":"Jaw Worm","floor":2,"turns":4},{"damage":5,"enemies":"2 Louse","floor":3,"turns":3},{"damage":15,"enemies":"3 Sentries","floor":7,"turns":6},{"damage":4,"enemies":"Red Slaver","floor":12,"turns":3},{"damage":29,"enemies":"Gremlin Nob","floor":13,"turns":5},{"damage":2,"enemies":"2 Fungi Beasts","floor":14,"turns":3},{"damage":11,"enemies":"The Guardian","floor":16,"turns":10},{"damage":14,"enemies":"Chosen","floor":18,"turns":5},{"damage":23,"enemies":"Colosseum Slavers","floor":19,"turns":3},{"damage":8,"enemies":"3 Byrds","floor":22,"turns":3},{"damage":18,"enemies":"Snake Plant","floor":24,"turns":3},{"damage":25,"enemies":"Book of Stabbing","floor":25,"turns":4},{"damage":0,"enemies":"Shelled Parasite and Fungi","floor":28,"turns":3},{"damage":31,"enemies":"Snecko","floor":29,"turns":5},{"damage":0,"enemies":"Cultist and Chosen","floor":31,"turns":3},{"damage":19,"enemies":"Collector","floor":33,"turns":5},{"damage":21,"enemies":"3 Shapes","floor":35,"turns":3},{"damage":1,"enemies":"Orb Walker","floor":38,"turns":2},{"damage":40,"enemies":"Maw","floor":39,"turns":5},{"damage":13,"enemies":"Giant Head","floor":42,"turns":5},{"damage":68,"enemies":"Reptomancer","floor":45,"turns":4},{"damage":2,"enemies":"Transient","floor":46,"turns":5},{"damage":36,"enemies":"Time Eater","floor":50,"turns":13}],"seed_played":"-5093663896650549063","potions_obtained":[{"floor":2,"key":"Ancient Potion"},{"floor":7,"key":"Energy Potion"},{"floor":16,"key":"Ancient Potion"},{"floor":45,"key":"SmokeBomb"}],"is_trial":false,"path_per_floor":["M","M","M","$","?","R","E","T","T","?","R","M","E","M","R","B",null,"M","?","?","?","M","R","M","E","T","R","M","M","R","M","R","B",null,"M","$","?","M","M","R","?","E","T","R","E","M","R","?","R","B",null],"character_chosen":"DEFECT","items_purchased":["Beam Cell","Capacitor+1","Lee\u0027s Waffle"],"campfire_rested":5,"item_purchase_floors":[4,36,36],"current_hp_per_floor":[68,61,56,56,56,56,41,41,51,51,51,47,18,16,41,30,71,57,34,34,62,54,54,36,11,11,36,36,5,30,30,55,36,73,52,92,92,91,51,72,60,49,49,73,7,9,63,63,87,51],"gold":324,"neow_bonus":"ONE_RARE_RELIC","is_prod":false,"is_daily":false,"chose_seed":false,"campfire_upgraded":3,"win_rate":0,"timestamp":1546572809,"path_taken":["M","M","M","$","?","R","E","?","T","?","R","?","E","M","R","BOSS","M","?","?","?","M","R","M","E","T","R","M","M","R","M","R","BOSS","M","$","?","M","M","R","?","E","T","R","E","M","R","?","R","BOSS"],"build_version":"2019-01-03","purchased_purges":2,"victory":true,"max_hp_per_floor":[75,75,75,75,75,75,75,75,85,85,85,85,85,85,85,85,85,85,85,85,85,85,85,85,85,85,85,85,85,85,85,85,85,85,85,92,92,92,92,92,92,94,94,94,96,100,100,100,100,100],"card_choices":[{"not_picked":["Steam Power","Coolheaded"],"picked":"Gash","floor":1},{"not_picked":["Recycle","Turbo"],"picked":"Steam","floor":1},{"not_picked":["Rebound","Self Repair"],"picked":"Sweeping Beam","floor":2},{"not_picked":["Melter","Static Discharge"],"picked":"Steam","floor":2},{"not_picked":["Hello World","Barrage"],"picked":"FTL","floor":3},{"not_picked":["Ball Lightning","Cold Snap"],"picked":"Rebound","floor":3},{"not_picked":["Barrage","Hologram"],"picked":"Echo Form","floor":7},{"not_picked":["Barrage","Cold Snap"],"picked":"Steam Power","floor":12},{"not_picked":["Fusion","Stack"],"picked":"Leap","floor":12},{"not_picked":["Redo","Sweeping Beam"],"picked":"Reinforced Body","floor":13},{"not_picked":["Compile Driver","Chaos"],"picked":"BootSequence","floor":14},{"not_picked":["Stack","Streamline"],"picked":"Sweeping Beam","floor":14},{"not_picked":["Biased Cognition+1","Echo Form+1"],"picked":"Amplify","floor":16},{"not_picked":["Cold Snap+1","Sweeping Beam"],"picked":"Storm+1","floor":18},{"not_picked":["Streamline","Heatsinks+1"],"picked":"Go for the Eyes","floor":18},{"not_picked":["Barrage","Double Energy+1"],"picked":"Gash","floor":22},{"not_picked":["Genetic Algorithm+1","Ball Lightning+1"],"picked":"FTL","floor":22},{"not_picked":["Streamline+1","Sweeping Beam"],"picked":"All For One","floor":24},{"not_picked":["Turbo","Undo+1"],"picked":"White Noise+1","floor":24},{"not_picked":["Blizzard","Sweeping Beam","Redo"],"picked":"SKIP","floor":25},{"not_picked":["Rebound","Turbo"],"picked":"Defragment+1","floor":28},{"not_picked":["Turbo","Recycle+1","Barrage+1"],"picked":"SKIP","floor":28},{"not_picked":["Beam Cell+1","Stack"],"picked":"Loop+1","floor":29},{"not_picked":["Conserve Battery","Streamline"],"picked":"Stack+1","floor":29},{"not_picked":["Sweeping Beam+1","Loop+1"],"picked":"Thunder Strike","floor":31},{"not_picked":["Blizzard","Stack","Chaos"],"picked":"SKIP","floor":31},{"not_picked":["Thunder Strike","Electrodynamics+1"],"picked":"Biased Cognition+1","floor":33},{"not_picked":["Beam Cell+1","Reinforced Body+1"],"picked":"Hologram+1","floor":35},{"not_picked":["Beam Cell+1","Rebound+1","Coolheaded+1"],"picked":"SKIP","floor":35},{"not_picked":["Bandage Up","Blind"],"picked":"Master of Strategy","floor":37},{"not_picked":["Darkness+1","Leap"],"picked":"Glacier+1","floor":38},{"not_picked":["Beam Cell","Fusion"],"picked":"Conserve Battery+1","floor":38},{"not_picked":["Streamline","Glacier","Rip and Tear"],"picked":"SKIP","floor":39},{"not_picked":["Barrage","Redo+1","Blizzard+1"],"picked":"SKIP","floor":39},{"not_picked":["Go for the Eyes+1","Barrage+1","Conserve Battery"],"picked":"Singing Bowl","floor":42},{"not_picked":["Streamline+1","Beam Cell","Storm+1"],"picked":"Singing Bowl","floor":45},{"not_picked":["Hello World+1","Reinforced Body","Steam"],"picked":"Singing Bowl","floor":46},{"not_picked":["Rip and Tear","Sunder+1","Genetic Algorithm"],"picked":"Singing Bowl","floor":46}],"player_experience":459674,"relics_obtained":[{"floor":7,"key":"Frozen Egg 2"},{"floor":8,"key":"Mummified Hand"},{"floor":9,"key":"Pear"},{"floor":13,"key":"Juzu Bracelet"},{"floor":25,"key":"Shovel"},{"floor":26,"key":"War Paint"},{"floor":40,"key":"Singing Bowl"},{"floor":42,"key":"Sundial"},{"floor":43,"key":"Symbiotic Virus"},{"floor":44,"key":"Happy Flower"},{"floor":45,"key":"Turnip"},{"floor":49,"key":"Bottled Tornado"}],"event_choices":[{"damage_healed":0,"gold_gain":0,"player_choice":"Ignored","damage_taken":0,"max_hp_gain":0,"max_hp_loss":0,"event_name":"Golden Idol","floor":5,"gold_loss":0},{"damage_healed":0,"gold_gain":0,"cards_transformed":["Strike_B"],"player_choice":"Transformed","damage_taken":0,"max_hp_gain":0,"max_hp_loss":0,"event_name":"Transmorgrifier","floor":10,"gold_loss":0,"cards_obtained":["Echo Form"]},{"damage_healed":0,"gold_gain":0,"player_choice":"Fight","damage_taken":0,"max_hp_gain":0,"max_hp_loss":0,"event_name":"Colosseum","floor":19,"gold_loss":0},{"damage_healed":0,"gold_gain":0,"player_choice":"Fled From Nobs","damage_taken":0,"max_hp_gain":0,"max_hp_loss":0,"event_name":"Colosseum","floor":19,"gold_loss":0},{"cards_removed":["Meteor Strike"],"damage_healed":0,"gold_gain":0,"player_choice":"Purged","damage_taken":0,"max_hp_gain":0,"max_hp_loss":0,"event_name":"Purifier","floor":20,"gold_loss":0},{"damage_healed":28,"gold_gain":0,"player_choice":"Heal","damage_taken":0,"max_hp_gain":0,"max_hp_loss":0,"event_name":"The Library","floor":21,"gold_loss":0},{"damage_healed":0,"gold_gain":0,"player_choice":"Memory 1","damage_taken":0,"max_hp_gain":0,"max_hp_loss":0,"event_name":"SensoryStone","floor":37,"gold_loss":0},{"damage_healed":0,"gold_gain":0,"player_choice":"Embrace Madness","damage_taken":12,"max_hp_gain":0,"max_hp_loss":0,"event_name":"Winding Halls","floor":41,"gold_loss":0,"cards_obtained":["Madness","Madness"]},{"damage_healed":0,"gold_gain":0,"player_choice":"Ignored","damage_taken":0,"max_hp_gain":0,"max_hp_loss":0,"event_name":"Mysterious Sphere","floor":48,"gold_loss":0}],"is_beta":false,"boss_relics":[{"not_picked":["Lizard Tail","Nuclear Battery"],"picked":"Pandora\u0027s Box"},{"not_picked":["Empty Cage","Runic Pyramid"],"picked":"Eternal Feather"}],"items_purged_floors":[4,36],"is_endless":false,"potions_floor_spawned":[2,7,16,19,22,35,45],"ascension_level":11}