{"gold_per_floor":[12,12,32,48,64,91,91,78,102,131,131,131,131,145,145,145],"floor_reached":16,"playtime":634,"items_purged":[],"score":193,"play_id":"20c9caad-3ae5-4030-b67b-a1e7135c874c","local_time":"20181222232237","is_ascension_mode":true,"campfire_choices":[{"floor":7,"key":"REST"},{"floor":12,"key":"REST"},{"data":"Searing Blow","floor":15,"key":"SMITH"}],"neow_cost":"NO_GOLD","seed_source_timestamp":797311379391054,"circlet_count":0,"master_deck":["AscendersBane","Strike_R","Strike_R","Strike_R","Strike_R","Strike_R","Defend_R","Defend_R","Defend_R","Defend_R","Bash","Feed","Cleave","Pommel Strike","True Grit","Shrug It Off","Searing Blow+1","Disarm"],"relics":["Burning Blood","Singing Bowl","Dream Catcher","Oddly Smooth Stone"],"potions_floor_usage":[6,16],"damage_taken":[{"damage":10,"enemies":"Jaw Worm","floor":1,"turns":6},{"damage":23,"enemies":"Small Slimes","floor":3,"turns":5},{"damage":10,"enemies":"2 Louse","floor":4,"turns":3},{"damage":19,"enemies":"Lots of Slimes","floor":5,"turns":4},{"damage":32,"enemies":"Gremlin Nob","floor":6,"turns":4},{"damage":6,"enemies":"Exordium Thugs","floor":8,"turns":4},{"damage":35,"enemies":"3 Sentries","floor":10,"turns":8},{"damage":22,"enemies":"Gremlin Gang","floor":14,"turns":5},{"damage":54,"enemies":"Slime Boss","floor":16,"turns":11}],"seed_played":"-3948180317587311067","potions_obtained":[{"floor":3,"key":"Swift Potion"},{"floor":5,"key":"FearPotion"}],"is_trial":false,"path_per_floor":["M","?","M","M","M","E","R","M","T","E","?","R","?","M","R","B"],"character_chosen":"IRONCLAD","items_purchased":[],"campfire_rested":2,"item_purchase_floors":[],"current_hp_per_floor":[71,71,57,56,46,22,50,50,50,24,24,55,55,44,44,0],"gold":145,"neow_bonus":"THREE_RARE_CARDS","is_prod":false,"is_daily":false,"chose_seed":false,"campfire_upgraded":1,"win_rate":0,"timestamp":1545538957,"path_taken":["M","?","M","M","M","E","R","M","T","E","?","R","?","M","R","BOSS"],"build_version":"2018-12-20","purchased_purges":0,"victory":false,"max_hp_per_floor":[83,83,86,89,92,94,94,94,94,97,97,99,99,104,104,104],"card_choices":[{"not_picked":["Exhume","Offering"],"picked":"Feed","floor":0},{"not_picked":["Power Through","Warcry"],"picked":"Cleave","floor":1},{"not_picked":["Thunderclap","Twin Strike"],"picked":"Pommel Strike","floor":3},{"not_picked":["Rampage","Pommel Strike"],"picked":"True Grit","floor":4},{"not_picked":["Body Slam","True Grit"],"picked":"Shrug It Off","floor":5},{"not_picked":["Clothesline","True Grit","Fire Breathing"],"picked":"Singing Bowl","floor":6},{"not_picked":["Anger","Offering"],"picked":"Searing Blow","floor":8},{"not_picked":["Wild Strike","Anger"],"picked":"Disarm","floor":10},{"not_picked":["Cleave","Body Slam","Searing Blow"],"picked":"Singing Bowl","floor":12},{"not_picked":["Sword Boomerang","Evolve","Flex"],"picked":"Singing Bowl","floor":14}],"player_experience":423260,"relics_obtained":[{"floor":6,"key":"Singing Bowl"},{"floor":9,"key":"Dream Catcher"},{"floor":10,"key":"Oddly Smooth Stone"}],"event_choices":[{"damage_healed":0,"gold_gain":0,"player_choice":"Leave","damage_taken":0,"max_hp_gain":0,"max_hp_loss":0,"event_name":"The Cleric","floor":2,"gold_loss":0},{"damage_healed":0,"gold_gain":0,"player_choice":"Ignored","damage_taken":0,"max_hp_gain":0,"max_hp_loss":0,"event_name":"Golden Idol","floor":11,"gold_loss":0},{"damage_healed":0,"gold_gain":0,"player_choice":"Fled","damage_taken":0,"max_hp_gain":0,"max_hp_loss":0,"event_name":"Scrap Ooze","floor":13,"gold_loss":0}],"is_beta":false,"boss_relics":[],"items_purged_floors":[],"is_endless":false,"potions_floor_spawned":[3,5],"killed_by":"Slime Boss","ascension_level":10}