{"gold_per_floor":[163,113,113,133,146,180,194,194,194,224,243,263,143,172,172,172],"floor_reached":16,"playtime":1215,"items_purged":["Strike_G"],"score":183,"play_id":"949d427e-ea00-4847-bdb4-354cf87eb6d3","local_time":"20181212135531","is_ascension_mode":true,"campfire_choices":[{"floor":8,"key":"REST"},{"floor":15,"key":"REST"}],"neow_cost":"NONE","seed_source_timestamp":8452407001997,"circlet_count":0,"master_deck":["AscendersBane","Defend_G+1","Defend_G","Defend_G","Defend_G","Defend_G","Strike_G","Strike_G","Strike_G","Survivor","Neutralize","Predator","Sucker Punch","Pain","Cloak And Dagger","Deadly Poison","Backstab","Poisoned Stab","Crippling Poison","Dagger Spray","Backflip","PiercingWail","Bullet Time","Backflip","Quick Slash"],"relics":["Tiny House","WarpedTongs","Prayer Wheel","FossilizedHelix","Unceasing Top","Ornamental Fan"],"potions_floor_usage":[1,6,6,14,14,14],"damage_taken":[{"damage":6,"enemies":"2 Louse","floor":1,"turns":3},{"damage":11,"enemies":"Jaw Worm","floor":4,"turns":4},{"damage":2,"enemies":"Cultist","floor":5,"turns":4},{"damage":20,"enemies":"Gremlin Nob","floor":6,"turns":4},{"damage":11,"enemies":"Gremlin Gang","floor":7,"turns":5},{"damage":25,"enemies":"3 Sentries","floor":10,"turns":10},{"damage":3,"enemies":"2 Fungi Beasts","floor":11,"turns":2},{"damage":6,"enemies":"Looter","floor":12,"turns":3},{"damage":5,"enemies":"Lagavulin","floor":14,"turns":5},{"damage":51,"enemies":"Slime Boss","floor":16,"turns":12}],"seed_played":"-4095323009611867225","potions_obtained":[{"floor":0,"key":"EntropicBrew"},{"floor":10,"key":"Block Potion"},{"floor":11,"key":"SkillPotion"}],"is_trial":false,"path_per_floor":["M","?","?","M","M","E","M","R","T","E","M","M","$","E","R","B"],"character_chosen":"THE_SILENT","items_purchased":["Backflip"],"campfire_rested":2,"item_purchase_floors":[13],"current_hp_per_floor":[62,62,62,51,49,43,32,54,54,29,26,20,20,15,37,0],"gold":172,"neow_bonus":"BOSS_RELIC","is_prod":false,"is_daily":false,"chose_seed":false,"campfire_upgraded":0,"win_rate":0,"timestamp":1544622931,"path_taken":["M","?","?","M","M","E","M","R","T","E","M","M","$","E","R","BOSS"],"build_version":"2018-12-06","purchased_purges":1,"victory":false,"max_hp_per_floor":[75,75,75,75,75,75,75,75,75,75,75,75,75,75,75,75],"card_choices":[{"not_picked":["Dagger Spray","Outmaneuver"],"picked":"Predator","floor":0},{"not_picked":["Underhanded Strike","Deadly Poison"],"picked":"Sucker Punch","floor":1},{"not_picked":["Prepared","Sucker Punch"],"picked":"Cloak And Dagger","floor":4},{"not_picked":["Catalyst","Setup"],"picked":"Deadly Poison","floor":5},{"not_picked":["Dagger Throw","Outmaneuver"],"picked":"Backstab","floor":6},{"not_picked":["PiercingWail","Well Laid Plans"],"picked":"Poisoned Stab","floor":7},{"not_picked":["Flying Knee","Bane"],"picked":"Crippling Poison","floor":7},{"not_picked":["Reflex","PiercingWail"],"picked":"Dagger Spray","floor":10},{"not_picked":["Deadly Poison","Acrobatics"],"picked":"Backflip","floor":11},{"not_picked":["Prepared","Outmaneuver","Tactician"],"picked":"SKIP","floor":11},{"not_picked":["Flying Knee","Underhanded Strike"],"picked":"PiercingWail","floor":12},{"not_picked":["Finisher","Heel Hook"],"picked":"Bullet Time","floor":12},{"not_picked":["Flechettes","Dagger Throw"],"picked":"Quick Slash","floor":14}],"player_experience":1031734,"relics_obtained":[{"floor":6,"key":"Prayer Wheel"},{"floor":9,"key":"FossilizedHelix"},{"floor":10,"key":"Unceasing Top"},{"floor":14,"key":"Ornamental Fan"}],"event_choices":[{"cards_removed":["Strike_G"],"damage_healed":0,"gold_gain":0,"player_choice":"Card Removal","damage_taken":0,"max_hp_gain":0,"max_hp_loss":0,"event_name":"The Cleric","floor":2,"gold_loss":50},{"damage_healed":0,"gold_gain":0,"player_choice":"Rummage","damage_taken":0,"relics_obtained":["WarpedTongs"],"max_hp_gain":0,"max_hp_loss":0,"event_name":"Accursed Blacksmith","floor":3,"gold_loss":0,"cards_obtained":["Pain"]}],"is_beta":false,"boss_relics":[],"items_purged_floors":[13],"is_endless":false,"potions_floor_spawned":[5,10,11],"killed_by":"Slime Boss","ascension_level":10}