{"gold_per_floor":[112,124,139,64,64,96,112,12,12,12,12,30,41,74,74,169,169,185,212,230,105,117,117,117,132,132,150,80,99,110,110,110,205,205,222,235,457,457,473,473,499,518,541,553,287,299,314,29,29,29],"floor_reached":51,"playtime":4306,"items_purged":["Strike_R","Defend_R","Normality","Defend_R"],"score":670,"play_id":"0cebecde-b0a9-434b-81f1-b83400be2a6d","local_time":"20180627103347","is_ascension_mode":false,"campfire_choices":[{"data":"Uppercut","floor":15,"key":"SMITH"},{"data":"Warcry","floor":23,"key":"SMITH"},{"data":"Warcry","floor":32,"key":"SMITH"},{"data":"Burning Pact","floor":40,"key":"SMITH"},{"floor":49,"key":"REST"}],"neow_cost":"NONE","seed_source_timestamp":7187251246154,"circlet_count":0,"master_deck":["Strike_R","Strike_R","Strike_R+1","Defend_R","Defend_R","Bash+1","Thunderclap","Uppercut+1","Twin Strike","Feed","Warcry+1","Warcry+1","Pummel+1","Offering","Cleave+1","Pommel Strike+1","Rage","Flex+1","Pommel Strike+1","Burning Pact+1","Whirlwind+1","Cleave+1","Thunderclap+1","Demon Form","Metallicize+1","Rage","Headbutt+1","Mind Blast+1","Flex","Pommel Strike+1","Inflame","Panache"],"relics":["Burning Blood","Whetstone","Self Forming Clay","Meat on the Bone","Molten Egg 2","Matryoshka","Runic Cube","Red Mask","Lantern","Pantograph","Anchor","Toolbox","Sozu","Blood Vial","Regal Pillow"],"potions_floor_usage":[16,16,19,33],"damage_taken":[{"damage":3,"enemies":"Small Slimes","floor":1,"turns":3},{"damage":6,"enemies":"Cultist","floor":2,"turns":3},{"damage":10,"enemies":"Jaw Worm","floor":3,"turns":3},{"damage":23,"enemies":"Gremlin Nob","floor":6,"turns":4},{"damage":12,"enemies":"Exordium Thugs","floor":7,"turns":4},{"damage":8,"enemies":"2 Fungi Beasts","floor":12,"turns":3},{"damage":0,"enemies":"Large Slime","floor":13,"turns":4},{"damage":21,"enemies":"3 Sentries","floor":14,"turns":6},{"damage":32,"enemies":"Slime Boss","floor":16,"turns":11},{"damage":14,"enemies":"Chosen","floor":18,"turns":4},{"damage":37,"floor":19,"turns":5},{"damage":22,"enemies":"Shell Parasite","floor":20,"turns":5},{"damage":19,"enemies":"Snake Plant","floor":22,"turns":4},{"damage":19,"enemies":"Cultist and Chosen","floor":25,"turns":4},{"damage":4,"enemies":"Centurion and Healer","floor":27,"turns":3},{"damage":8,"enemies":"Snecko","floor":29,"turns":4},{"damage":12,"enemies":"Snake Plant","floor":30,"turns":3},{"damage":91,"enemies":"Automaton","floor":33,"turns":9},{"damage":4,"enemies":"Orb Walker","floor":35,"turns":2},{"damage":26,"enemies":"3 Darklings","floor":36,"turns":3},{"damage":34,"enemies":"Maw","floor":39,"turns":6},{"damage":8,"enemies":"Nemesis","floor":41,"turns":5},{"damage":9,"enemies":"4 Shapes","floor":42,"turns":2},{"damage":4,"enemies":"3 Darklings","floor":44,"turns":1},{"damage":11,"enemies":"Sphere and 2 Shapes","floor":46,"turns":3},{"damage":32,"enemies":"Maw","floor":47,"turns":5},{"damage":80,"enemies":"Donu and Deca","floor":50,"turns":7}],"seed_played":"8117448855194569359","potions_obtained":[{"floor":2,"key":"Dexterity Potion"},{"floor":3,"key":"Strength Potion"},{"floor":12,"key":"Block Potion"},{"floor":14,"key":"Fruit Juice"},{"floor":20,"key":"SteroidPotion"},{"floor":27,"key":"GamblersBrew"},{"floor":29,"key":"Swift Potion"},{"floor":33,"key":"EssenceOfSteel"}],"is_trial":false,"path_per_floor":["M","M","M","$","?","E","M","$","T","$","?","M","M","E","R","B",null,"M","?","M","$","M","R","T","M","T","M","$","M","M","$","R","B",null,"M","M","?","?","M","R","E","M","T","M","$","M","M","$","R","B"],"character_chosen":"IRONCLAD","items_purchased":["Whirlwind+1","Mind Blast+1","Flex","Inflame","Panache"],"campfire_rested":1,"item_purchase_floors":[28,45,45,48,48],"current_hp_per_floor":[80,80,76,76,76,59,53,53,53,53,46,59,68,56,56,47,94,86,58,57,57,56,56,56,55,55,60,60,58,67,67,67,19,106,106,86,86,86,70,70,68,67,67,71,71,71,59,59,106,47],"gold":29,"neow_bonus":"RANDOM_COMMON_RELIC","is_prod":false,"is_daily":false,"chose_seed":false,"campfire_upgraded":4,"win_rate":0.0,"timestamp":1530063227,"path_taken":["M","M","M","$","?","E","M","$","T","?","?","?","M","E","R","BOSS","M","?","M","?","M","R","?","?","T","M","$","M","M","$","R","BOSS","M","M","?","?","M","R","E","M","T","M","$","?","?","$","R","BOSS"],"build_version":"2018-06-21v2","purchased_purges":4,"victory":true,"max_hp_per_floor":[80,80,80,80,80,80,80,80,80,80,80,83,86,89,89,94,94,94,97,100,100,100,100,100,100,100,103,103,103,106,106,106,106,106,106,106,106,106,106,106,106,106,106,106,106,109,109,109,109,109],"card_choices":[{"not_picked":["Clash","Shockwave"],"picked":"Thunderclap","floor":1},{"not_picked":["Entrench","True Grit"],"picked":"Uppercut","floor":2},{"not_picked":["Hemokinesis","Perfected Strike"],"picked":"Twin Strike","floor":3},{"not_picked":["Uppercut","Thunderclap"],"picked":"Feed","floor":6},{"not_picked":["Power Through","Searing Blow"],"picked":"Warcry","floor":7},{"not_picked":["Anger+1","Feel No Pain","Body Slam+1"],"picked":"SKIP","floor":12},{"not_picked":["Disarm","Rampage+1"],"picked":"Warcry","floor":13},{"not_picked":["Armaments","Shrug It Off"],"picked":"Pummel+1","floor":14},{"not_picked":["Berserk","Brutality"],"picked":"Offering","floor":16},{"not_picked":["Heavy Blade+1","Clash+1"],"picked":"Cleave+1","floor":18},{"not_picked":["Flame Barrier","Rampage+1"],"picked":"Pommel Strike+1","floor":19},{"not_picked":["Warcry","True Grit"],"picked":"Rage","floor":20},{"not_picked":["Heavy Blade+1","Clash+1"],"picked":"Flex+1","floor":22},{"not_picked":["Feel No Pain+1","Sever Soul+1"],"picked":"Pommel Strike+1","floor":25},{"not_picked":["Anger+1","Dark Embrace"],"picked":"Burning Pact","floor":27},{"not_picked":["Hemokinesis+1","Body Slam+1"],"picked":"Cleave+1","floor":29},{"not_picked":["Armaments+1","Twin Strike+1"],"picked":"Thunderclap+1","floor":30},{"not_picked":["Berserk","Double Tap"],"picked":"Demon Form","floor":33},{"not_picked":["Entrench+1","Intimidate","Iron Wave+1"],"picked":"SKIP","floor":35},{"not_picked":["Clothesline+1","Pommel Strike+1"],"picked":"Whirlwind+1","floor":36},{"not_picked":["Warcry+1","Hemokinesis+1"],"picked":"Metallicize+1","floor":39},{"not_picked":["Disarm","Second Wind+1"],"picked":"Rage","floor":41},{"not_picked":["Metallicize","Clash+1","Disarm+1"],"picked":"SKIP","floor":42},{"not_picked":["Cleave+1","True Grit+1"],"picked":"Headbutt+1","floor":44},{"not_picked":["Perfected Strike+1","Cleave+1","Intimidate"],"picked":"SKIP","floor":46},{"not_picked":["Twin Strike+1","Rupture"],"picked":"Pommel Strike+1","floor":47}],"player_experience":11764,"relics_obtained":[{"floor":6,"key":"Meat on the Bone"},{"floor":9,"key":"Molten Egg 2"},{"floor":14,"key":"Matryoshka"},{"floor":19,"key":"Red Mask"},{"floor":24,"key":"Lantern"},{"floor":24,"key":"Pantograph"},{"floor":26,"key":"Anchor"},{"floor":26,"key":"Toolbox"},{"floor":41,"key":"Blood Vial"},{"floor":43,"key":"Regal Pillow"}],"event_choices":[{"event_name":"Accursed Blacksmith","player_choice":"Rummage","floor":5,"damage_taken":0},{"event_name":"Golden Wing","player_choice":"Card Removal","floor":11,"damage_taken":0},{"event_name":"Masked Bandits","player_choice":"Fought over 185 gold","floor":19,"damage_taken":0},{"event_name":"Tomb of Lord Red Mask","player_choice":"Wore Mask","floor":37,"damage_taken":0},{"event_name":"Falling","player_choice":"Removed Attack","floor":38,"damage_taken":0}],"boss_relics":[{"not_picked":["Snecko Eye","Black Blood"],"picked":"Runic Cube"},{"not_picked":["Calling Bell","Cursed Key"],"picked":"Sozu"}],"items_purged_floors":[4,8,21,45],"is_endless":false,"potions_floor_spawned":[2,3,12,13,14,20,27,29,33,39,41,44],"ascension_level":0}