{"gold_per_floor":[116,127,12,31,31,31,49,81,81,93,18,18],"floor_reached":12,"playtime":1425,"items_purged":["Defend_R"],"score":84,"play_id":"baec7bc1-880d-4039-a069-0eaecee209d0","local_time":"20190206010218","is_ascension_mode":true,"campfire_choices":[{"floor":6,"key":"RECALL"}],"neow_cost":"NONE","seed_source_timestamp":185478721790168,"circlet_count":0,"master_deck":["Strike_R","Strike_R","Strike_R","Strike_R","Strike_R","Defend_R","Defend_R","Defend_R","Bash","Brutality","Whirlwind","Power Through","Combust","Armaments","Armaments","Metallicize","Dual Wield","Combust","Combust"],"relics":["Burning Blood","Prayer Wheel"],"potions_floor_usage":[8,8],"damage_taken":[{"damage":5,"enemies":"Small Slimes","floor":1,"turns":4},{"damage":1,"enemies":"Cultist","floor":2,"turns":3},{"damage":7,"enemies":"2 Louse","floor":4,"turns":4},{"damage":12,"enemies":"Exordium Thugs","floor":7,"turns":10},{"damage":36,"enemies":"Gremlin Nob","floor":8,"turns":4},{"damage":16,"enemies":"Lots of Slimes","floor":10,"turns":4},{"damage":38,"enemies":"Lagavulin","floor":12,"turns":4}],"seed_played":"4465687398383699099","potions_obtained":[{"floor":1,"key":"AttackPotion"},{"floor":5,"key":"SmokeBomb"},{"floor":5,"key":"PowerPotion"},{"floor":8,"key":"Regen Potion"}],"is_trial":false,"path_per_floor":["M","M","$","M","?","R","M","E","T","M","$","E"],"character_chosen":"IRONCLAD","items_purchased":["Combust","Armaments"],"campfire_rested":0,"item_purchase_floors":[3,3],"current_hp_per_floor":[80,80,80,79,79,79,73,43,43,33,33,0],"gold":18,"neow_bonus":"ONE_RANDOM_RARE_CARD","is_prod":false,"is_daily":false,"chose_seed":false,"campfire_upgraded":0,"win_rate":0,"timestamp":1549411338,"path_taken":["M","M","$","M","?","R","?","E","T","M","$","E"],"build_version":"2019-01-23","purchased_purges":1,"victory":false,"max_hp_per_floor":[80,80,80,80,80,80,80,80,80,80,80,80],"card_choices":[{"not_picked":["Havoc","Feel No Pain"],"picked":"Whirlwind","floor":1},{"not_picked":["Sword Boomerang","True Grit"],"picked":"Power Through","floor":2},{"not_picked":["Flame Barrier","Thunderclap"],"picked":"Armaments","floor":4},{"not_picked":["Searing Blow","Iron Wave"],"picked":"Metallicize","floor":7},{"not_picked":["Perfected Strike","Clash"],"picked":"Dual Wield","floor":8},{"not_picked":["Anger","Armaments"],"picked":"Combust","floor":10},{"not_picked":["Perfected Strike","True Grit"],"picked":"Combust","floor":10}],"player_experience":163700,"relics_obtained":[{"floor":8,"key":"Prayer Wheel"}],"event_choices":[{"damage_healed":0,"gold_gain":0,"player_choice":"Got Potions","damage_taken":0,"max_hp_gain":0,"max_hp_loss":0,"event_name":"Lab","floor":5,"gold_loss":0}],"is_beta":false,"boss_relics":[],"items_purged_floors":[11],"is_endless":false,"potions_floor_spawned":[1,7,8],"killed_by":"Lagavulin","ascension_level":1}