{"gold_per_floor":[142,154,154,174,174,174,189,364,364,379,395,424,442,442,442,543,543,557,582,270,270,270,280,180,180,229,229,229],"floor_reached":28,"playtime":1609,"items_purged":["Normality","Decay"],"score":217,"play_id":"445e69cd-a0db-4c22-a7ac-489161ca50e0","local_time":"20190206185947","is_ascension_mode":false,"campfire_choices":[{"floor":6,"key":"RECALL"},{"floor":15,"key":"REST"}],"neow_cost":"NONE","seed_source_timestamp":775867140709249,"circlet_count":0,"master_deck":["Strike_R","Strike_R","Strike_R+1","Strike_R","Defend_R","Defend_R+1","Defend_R","Defend_R","Bash","Burning Pact","Anger","Wild Strike","Iron Wave","Bloodletting","Infernal Blade","Shrug It Off","Demon Form","Shame","Sentinel+1","Feed","Inflame","Heavy Blade"],"relics":["Burning Blood","Tiny Chest","Thread and Needle","Spirit Poop","Calling Bell","Pen Nib","Paper Frog","Bird Faced Urn","Juzu Bracelet","Potion Belt","Blood Vial","Art of War","Enchiridion"],"potions_floor_usage":[12,16,16,18,23],"damage_taken":[{"damage":15,"enemies":"Jaw Worm","floor":1,"turns":4},{"damage":0,"enemies":"Small Slimes","floor":2,"turns":5},{"damage":1,"enemies":"Cultist","floor":4,"turns":3},{"damage":1,"enemies":"Exordium Wildlife","floor":7,"turns":3},{"damage":9,"enemies":"Blue Slaver","floor":10,"turns":4},{"damage":0,"enemies":"Large Slime","floor":11,"turns":4},{"damage":63,"enemies":"3 Sentries","floor":12,"turns":12},{"damage":3,"enemies":"Exordium Thugs","floor":13,"turns":4},{"damage":56,"enemies":"The Guardian","floor":16,"turns":12},{"damage":24,"enemies":"Spheric Guardian","floor":18,"turns":5},{"damage":2,"enemies":"Chosen","floor":23,"turns":4},{"damage":66,"enemies":"Gremlin Leader","floor":28,"turns":6}],"seed_played":"-5775588795540344759","potions_obtained":[{"floor":2,"key":"Energy Potion"},{"floor":10,"key":"Regen Potion"},{"floor":11,"key":"FearPotion"},{"floor":13,"key":"Strength Potion"},{"floor":18,"key":"GamblersBrew"}],"is_trial":false,"path_per_floor":["M","M","?","M","?","R","M","?","T","M","M","E","M","?","R","B",null,"M","T","$","?","T","M","$","T","T","?","E"],"character_chosen":"IRONCLAD","items_purchased":["Feed","Inflame","AttackPotion"],"campfire_rested":1,"item_purchase_floors":[20,20,20],"current_hp_per_floor":[71,77,77,80,64,64,69,69,69,66,72,30,33,33,57,7,80,64,64,64,64,64,73,73,73,73,57,0],"gold":229,"neow_bonus":"RANDOM_COMMON_RELIC","is_prod":false,"is_daily":false,"chose_seed":false,"campfire_upgraded":0,"win_rate":0,"timestamp":1549486787,"path_taken":["M","M","?","M","?","R","?","?","T","M","M","E","M","?","R","BOSS","M","?","$","?","?","M","$","?","T","?","E"],"build_version":"2019-01-23","purchased_purges":2,"victory":false,"max_hp_per_floor":[80,80,80,80,80,80,80,80,80,80,80,80,80,80,80,80,80,80,80,80,80,80,83,83,83,83,83,83],"card_choices":[{"not_picked":["True Grit","Sword Boomerang"],"picked":"Burning Pact","floor":1},{"not_picked":["Clothesline","Rupture"],"picked":"Anger","floor":2},{"not_picked":["True Grit","Sever Soul","Searing Blow"],"picked":"SKIP","floor":4},{"not_picked":["Body Slam","Sentinel","Warcry"],"picked":"SKIP","floor":7},{"not_picked":["Seeing Red","Sentinel"],"picked":"Iron Wave","floor":10},{"not_picked":["Reaper","True Grit"],"picked":"Bloodletting","floor":11},{"not_picked":["Shrug It Off","Wild Strike"],"picked":"Infernal Blade","floor":12},{"not_picked":["Combust","Perfected Strike"],"picked":"Shrug It Off","floor":13},{"not_picked":["Immolate","Double Tap"],"picked":"Demon Form","floor":16},{"not_picked":["Iron Wave","Headbutt"],"picked":"Sentinel+1","floor":18},{"not_picked":["Combust+1","Hemokinesis","Sword Boomerang+1"],"picked":"SKIP","floor":23}],"player_experience":367616,"relics_obtained":[{"floor":12,"key":"Thread and Needle"},{"floor":17,"key":"Pen Nib"},{"floor":17,"key":"Paper Frog"},{"floor":17,"key":"Bird Faced Urn"},{"floor":19,"key":"Juzu Bracelet"},{"floor":22,"key":"Potion Belt"},{"floor":25,"key":"Blood Vial"},{"floor":26,"key":"Art of War"},{"floor":27,"key":"Enchiridion"}],"event_choices":[{"damage_healed":0,"gold_gain":0,"cards_transformed":["Strike_R"],"player_choice":"Change","damage_taken":0,"max_hp_gain":0,"max_hp_loss":0,"event_name":"Living Wall","floor":3,"gold_loss":0,"cards_obtained":["Wild Strike"]},{"damage_healed":0,"gold_gain":0,"player_choice":"Entered Light","damage_taken":16,"max_hp_gain":0,"max_hp_loss":0,"event_name":"Shining Light","floor":5,"gold_loss":0,"cards_upgraded":["Strike_R","Defend_R"]},{"damage_healed":0,"gold_gain":175,"player_choice":"AGREE","damage_taken":0,"max_hp_gain":0,"max_hp_loss":0,"event_name":"Liars Game","floor":8,"gold_loss":0,"cards_obtained":["Doubt"]},{"cards_removed":["Doubt"],"damage_healed":0,"gold_gain":0,"player_choice":"Offered Curse","damage_taken":0,"relics_obtained":["Spirit Poop"],"max_hp_gain":0,"max_hp_loss":0,"event_name":"Bonfire Elementals","floor":14,"gold_loss":0},{"damage_healed":0,"gold_gain":0,"player_choice":"Read","damage_taken":0,"max_hp_gain":0,"max_hp_loss":0,"event_name":"The Library","floor":21,"gold_loss":0,"cards_obtained":["Heavy Blade"]},{"damage_healed":0,"gold_gain":0,"player_choice":"Obtained Book","damage_taken":16,"max_hp_gain":0,"max_hp_loss":0,"event_name":"Cursed Tome","floor":27,"gold_loss":0}],"is_beta":false,"boss_relics":[{"not_picked":["Cursed Key","Astrolabe"],"picked":"Calling Bell"}],"items_purged_floors":[20,24],"is_endless":false,"potions_floor_spawned":[2,10,11,13,18],"killed_by":"Gremlin Leader","ascension_level":0}