{"gold_per_floor":[118,130,141,141,141,141,141,73,73,88,88],"floor_reached":11,"playtime":623,"items_purged":[],"score":63,"play_id":"d0ef3be3-26b2-4fe1-8db0-42a4f577680a","local_time":"20190210034510","is_ascension_mode":false,"campfire_choices":[{"data":"Double Tap","floor":6,"key":"SMITH"}],"neow_cost":"NONE","seed_source_timestamp":165211743816308,"circlet_count":0,"master_deck":["Strike_R","Strike_R","Strike_R","Strike_R","Strike_R","Defend_R","Defend_R","Defend_R","Defend_R","Bash","Bloodletting","Double Tap+1","Warcry","Metallicize","Burning Pact"],"relics":["Burning Blood","Regal Pillow","Golden Idol","Darkstone Periapt"],"potions_floor_usage":[],"damage_taken":[{"damage":6,"enemies":"Cultist","floor":1,"turns":3},{"damage":3,"enemies":"2 Louse","floor":2,"turns":3},{"damage":14,"enemies":"Jaw Worm","floor":3,"turns":2},{"damage":16,"enemies":"3 Louse","floor":10,"turns":5},{"damage":40,"enemies":"3 Sentries","floor":11,"turns":9}],"seed_played":"1416029322794289818","potions_obtained":[{"floor":1,"key":"Weak Potion"},{"floor":2,"key":"BloodPotion"},{"floor":3,"key":"Ancient Potion"}],"is_trial":false,"path_per_floor":["M","M","M","$","?","R","?","$","T","M","E"],"character_chosen":"IRONCLAD","items_purchased":["Metallicize"],"campfire_rested":0,"item_purchase_floors":[8],"current_hp_per_floor":[88,88,80,80,68,68,46,46,46,36,0],"gold":88,"neow_bonus":"TEN_PERCENT_HP_BONUS","is_prod":false,"is_daily":false,"chose_seed":false,"campfire_upgraded":1,"win_rate":0.0,"timestamp":1549766710,"path_taken":["M","?","M","$","?","R","?","?","T","M","E"],"build_version":"2019-01-23","purchased_purges":0,"victory":false,"max_hp_per_floor":[88,88,88,88,88,88,88,88,88,88,88],"card_choices":[{"not_picked":["Wild Strike","Warcry"],"picked":"Bloodletting","floor":1},{"not_picked":["Wild Strike","Headbutt"],"picked":"Double Tap","floor":2},{"not_picked":["Cleave","Disarm"],"picked":"Warcry","floor":3},{"not_picked":["Hemokinesis","Iron Wave"],"picked":"Burning Pact","floor":10}],"player_experience":122050,"relics_obtained":[{"floor":9,"key":"Darkstone Periapt"}],"event_choices":[{"damage_healed":0,"gold_gain":0,"player_choice":"Success","damage_taken":12,"relics_obtained":["Regal Pillow"],"max_hp_gain":0,"max_hp_loss":0,"event_name":"Scrap Ooze","floor":5,"gold_loss":0},{"damage_healed":0,"gold_gain":0,"player_choice":"Take Damage","damage_taken":22,"relics_obtained":["Golden Idol"],"max_hp_gain":0,"max_hp_loss":0,"event_name":"Golden Idol","floor":7,"gold_loss":0}],"is_beta":false,"boss_relics":[],"items_purged_floors":[],"is_endless":false,"potions_floor_spawned":[1,2,3],"killed_by":"3 Sentries","ascension_level":0}