{"gold_per_floor":[111,186,186,336,28,28,56,67,67,83,110,24,24,74],"floor_reached":14,"playtime":396,"items_purged":["Doubt"],"score":178,"play_id":"eaa13ebb-7eea-4007-b421-c88e0c091eee","local_time":"20190209173406","is_ascension_mode":true,"campfire_choices":[{"data":"Bludgeon","floor":6,"key":"SMITH"}],"neow_cost":"PERCENT_DAMAGE","seed_source_timestamp":1767094520520615,"circlet_count":0,"master_deck":["AscendersBane","Strike_R","Strike_R","Strike_R+1","Strike_R","Strike_R","Defend_R","Defend_R","Defend_R","Defend_R+1","Bash","Bludgeon+1","Seeing Red","Feel No Pain","Feel No Pain","Disarm","Thunderclap"],"relics":["Burning Blood","Membership Card","Bag of Preparation","Matryoshka","Bottled Lightning","Pen Nib"],"potions_floor_usage":[],"damage_taken":[{"damage":4,"enemies":"Jaw Worm","floor":1,"turns":4},{"damage":17,"enemies":"3 Sentries","floor":7,"turns":6},{"damage":1,"enemies":"Small Slimes","floor":8,"turns":2},{"damage":0,"enemies":"Cultist","floor":10,"turns":2},{"damage":36,"enemies":"Lagavulin","floor":11,"turns":6}],"seed_played":"4495256569188681110","potions_obtained":[{"floor":1,"key":"GamblersBrew"},{"floor":8,"key":"SneckoOil"}],"is_trial":false,"path_per_floor":["M","?","?","?","$","R","E","M","T","M","E","$","?","?"],"character_chosen":"IRONCLAD","items_purchased":["Membership Card","Feel No Pain","Pen Nib"],"campfire_rested":0,"item_purchase_floors":[5,5,12],"current_hp_per_floor":[52,52,57,57,57,57,46,51,51,57,27,27,3,0],"gold":74,"neow_bonus":"THREE_RARE_CARDS","is_prod":false,"is_daily":false,"chose_seed":false,"campfire_upgraded":1,"win_rate":0,"timestamp":1549751646,"path_taken":["M","?","?","?","$","R","E","M","T","M","E","?","?","?"],"build_version":"2019-02-06","purchased_purges":1,"victory":false,"max_hp_per_floor":[75,75,80,80,80,80,80,80,80,80,80,80,80,80],"card_choices":[{"not_picked":["Berserk","Demon Form"],"picked":"Bludgeon","floor":0},{"not_picked":["Wild Strike","Body Slam"],"picked":"Seeing Red","floor":1},{"not_picked":["Thunderclap","Carnage"],"picked":"Feel No Pain","floor":7},{"not_picked":["Clothesline","Perfected Strike","Armaments"],"picked":"SKIP","floor":8},{"not_picked":["Power Through","Seeing Red"],"picked":"Disarm","floor":10},{"not_picked":["Combust","Heavy Blade"],"picked":"Thunderclap","floor":11}],"player_experience":656164,"relics_obtained":[{"floor":7,"key":"Bag of Preparation"},{"floor":9,"key":"Matryoshka"},{"floor":11,"key":"Bottled Lightning"}],"event_choices":[{"damage_healed":0,"gold_gain":75,"player_choice":"Gained Gold","damage_taken":0,"max_hp_gain":0,"max_hp_loss":0,"event_name":"Golden Wing","floor":2,"gold_loss":0},{"damage_healed":0,"gold_gain":0,"player_choice":"Donut","damage_taken":0,"max_hp_gain":5,"max_hp_loss":0,"event_name":"Big Fish","floor":3,"gold_loss":0},{"damage_healed":0,"gold_gain":150,"player_choice":"AGREE","damage_taken":0,"max_hp_gain":0,"max_hp_loss":0,"event_name":"Liars Game","floor":4,"gold_loss":0,"cards_obtained":["Doubt"]},{"damage_healed":0,"gold_gain":0,"player_choice":"Entered Light","damage_taken":24,"max_hp_gain":0,"max_hp_loss":0,"event_name":"Shining Light","floor":13,"gold_loss":0,"cards_upgraded":["Strike_R","Defend_R"]},{"damage_healed":0,"gold_gain":50,"player_choice":"Touch","damage_taken":8,"max_hp_gain":0,"max_hp_loss":0,"event_name":"FaceTrader","floor":14,"gold_loss":0}],"is_beta":true,"boss_relics":[],"items_purged_floors":[5],"is_endless":false,"potions_floor_spawned":[1,8],"ascension_level":17}