{"gold_per_floor":[110,110,110,110,120,155,155,173,199,224,149,165,65,85,85,85],"floor_reached":16,"playtime":709,"items_purged":["Strike_B","Strike_B"],"score":110,"play_id":"197a4c39-702a-4105-83b1-17d609476dfe","local_time":"20181102190034","is_ascension_mode":false,"campfire_choices":[{"floor":7,"key":"REST"},{"data":"Chaos","floor":15,"key":"SMITH"}],"neow_cost":"PERCENT_DAMAGE","seed_source_timestamp":262441195190769,"circlet_count":0,"master_deck":["Strike_B+1","Defend_B","Defend_B+1","Defend_B","Defend_B","Zap","Dualcast","Blind","Panacea","Rip and Tear","Chaos+1","Chaos","Defragment"],"special_seed":0,"relics":["Cracked Core","CultistMask","Centennial Puzzle","Ancient Tea Set","Kunai"],"potions_floor_usage":[10,16],"damage_taken":[{"damage":0.0,"enemies":"Small Slimes","floor":1.0,"turns":3.0},{"damage":0,"enemies":"2 Louse","floor":5,"turns":2},{"damage":30,"enemies":"Gremlin Nob","floor":6,"turns":5},{"damage":0,"enemies":"Cultist","floor":8,"turns":2},{"damage":4,"enemies":"Lagavulin","floor":10,"turns":7},{"damage":8,"enemies":"Exordium Wildlife","floor":12,"turns":3},{"damage":0,"enemies":"Looter","floor":14,"turns":3},{"damage":14,"enemies":"Hexaghost","floor":16,"turns":9}],"seed_played":"-4530576969869014322","potions_obtained":[{"floor":5,"key":"Energy Potion"},{"floor":6,"key":"SpeedPotion"},{"floor":12,"key":"Energy Potion"},{"floor":14,"key":"Strength Potion"}],"is_trial":false,"path_per_floor":["M","M","?","?","?","M","E","R","M","T","E","$","M","$","M","R","B"],"character_chosen":"DEFECT","items_purchased":[],"campfire_rested":1,"item_purchase_floors":[],"current_hp_per_floor":[54,47,32,32,32,2,24,24,24,20,20,12,12,12,12,0],"gold":85,"neow_bonus":"RANDOM_COLORLESS_2","is_prod":false,"is_daily":false,"chose_seed":false,"campfire_upgraded":1,"win_rate":0,"timestamp":1541199634,"path_taken":["M","?","?","?","?","E","R","M","T","E","$","M","$","M","R","BOSS"],"build_version":"2018-11-01v2","purchased_purges":2,"victory":false,"max_hp_per_floor":[75,75,75,75,75,75,75,75,75,75,75,75,75,75,75,75],"card_choices":[{"not_picked":["Turbo","Barrage"],"picked":"Rip and Tear","floor":1},{"not_picked":["Stack","Turbo","Reprogram"],"picked":"SKIP","floor":5},{"not_picked":["Hologram","Doom and Gloom","Steam"],"picked":"SKIP","floor":6},{"not_picked":["Tempest","Coolheaded","Force Field"],"picked":"SKIP","floor":8},{"not_picked":["Buffer","Go for the Eyes"],"picked":"Chaos","floor":10},{"not_picked":["Static Discharge","Self Repair"],"picked":"Chaos","floor":12},{"not_picked":["Undo","Steam"],"picked":"Defragment","floor":14}],"player_experience":541455,"relics_obtained":[{"floor":6,"key":"Centennial Puzzle"},{"floor":9,"key":"Ancient Tea Set"},{"floor":10,"key":"Kunai"}],"event_choices":[{"cards_removed":["Strike_B"],"damage_healed":0,"gold_gain":0,"player_choice":"Card Removal","damage_taken":7,"max_hp_gain":0,"max_hp_loss":0,"event_name":"Golden Wing","floor":2,"gold_loss":0},{"damage_healed":0,"gold_gain":0,"player_choice":"Entered Light","damage_taken":15,"max_hp_gain":0,"max_hp_loss":0,"event_name":"Shining Light","floor":3,"gold_loss":0,"cards_upgraded":["Defend_B","Strike_B"]},{"damage_healed":0,"gold_gain":0,"player_choice":"Trade","damage_taken":0,"relics_obtained":["CultistMask"],"max_hp_gain":0,"max_hp_loss":0,"event_name":"FaceTrader","floor":4,"gold_loss":0}],"is_beta":true,"boss_relics":[],"items_purged_floors":[11,13],"is_endless":false,"potions_floor_spawned":[5,6,12,14],"killed_by":"Hexaghost","ascension_level":0}