{"gold_per_floor":[115,290,290,308,327,353,13,44,44,79,0,13,13,29,29,131,131,143,153,252,77,77,77,105,123,177,177,191,219,64,78,78,180,180,197,297,297,297,310,341,341,341],"floor_reached":42,"playtime":1979,"items_purged":["Strike_B","Defend_B"],"score":751,"play_id":"84680491-f8c1-4bee-bac0-ea39d321d479","local_time":"20190124220438","is_ascension_mode":true,"campfire_choices":[{"floor":13,"key":"REST"},{"data":"Zap","floor":15,"key":"SMITH"},{"floor":23,"key":"REST"},{"floor":32,"key":"REST"},{"data":"Seek","floor":41,"key":"SMITH"}],"neow_cost":"NONE","seed_source_timestamp":522095061966511,"circlet_count":0,"master_deck":["AscendersBane","Strike_B","Strike_B","Defend_B","Defend_B","Defend_B","Zap+1","Dualcast","Hologram","Streamline","BootSequence","Electrodynamics","Self Repair","BootSequence","Cold Snap","Sunder","FTL","Defragment","Defragment","Undo","Leap","Seek+1","Auto Shields","Multi-Cast","Ball Lightning+1","Coolheaded","Darkness+1","Ball Lightning+1"],"relics":["Cracked Core","NeowsBlessing","Juzu Bracelet","Art of War","Sundial","Bag of Preparation","Pear","Philosopher\u0027s Stone","Lantern","Ancient Tea Set","Oddly Smooth Stone","Black Star","Calipers","Omamori","Incense Burner"],"potions_floor_usage":[6,6,24,24,33],"damage_taken":[{"damage":0,"enemies":"Jaw Worm","floor":1,"turns":1},{"damage":0,"enemies":"2 Louse","floor":4,"turns":1},{"damage":0,"enemies":"Cultist","floor":5,"turns":1},{"damage":30,"enemies":"3 Sentries","floor":6,"turns":10},{"damage":19,"enemies":"Gremlin Nob","floor":8,"turns":4},{"damage":25,"enemies":"Lagavulin","floor":10,"turns":7},{"damage":1,"enemies":"Red Slaver","floor":12,"turns":3},{"damage":0,"enemies":"2 Fungi Beasts","floor":14,"turns":3},{"damage":42,"enemies":"Slime Boss","floor":16,"turns":10},{"damage":10,"enemies":"Spheric Guardian","floor":18,"turns":3},{"damage":28,"enemies":"2 Thieves","floor":19,"turns":5},{"damage":34,"enemies":"Book of Stabbing","floor":24,"turns":4},{"damage":10,"enemies":"Cultist and Chosen","floor":25,"turns":5},{"damage":6,"enemies":"Snecko","floor":28,"turns":5},{"damage":2,"enemies":"Gremlin Leader","floor":29,"turns":5},{"damage":3,"enemies":"Centurion and Healer","floor":31,"turns":5},{"damage":44,"enemies":"Collector","floor":33,"turns":15},{"damage":13,"enemies":"Orb Walker","floor":35,"turns":5},{"damage":0,"enemies":"Mind Bloom Boss Battle","floor":36,"turns":5},{"damage":19,"enemies":"3 Darklings","floor":39,"turns":5},{"damage":35,"enemies":"Reptomancer","floor":40,"turns":9},{"damage":46,"enemies":"Nemesis","floor":42,"turns":2}],"seed_played":"854396759056920649","potions_obtained":[{"floor":4,"key":"GamblersBrew"},{"floor":5,"key":"Dexterity Potion"},{"floor":8,"key":"Explosive Potion"},{"floor":10,"key":"Explosive Potion"},{"floor":12,"key":"FearPotion"},{"floor":19,"key":"Ancient Potion"},{"floor":28,"key":"SkillPotion"},{"floor":31,"key":"Energy Potion"},{"floor":33,"key":"PowerPotion"}],"is_trial":false,"path_per_floor":["M","?","?","M","M","E","$","E","T","E","$","M","R","M","R","B",null,"M","M","?","$","?","R","E","M","T","?","M","E","$","M","R","B",null,"M","?","?","?","M","E","R","E"],"character_chosen":"DEFECT","items_purchased":["Self Repair","Art of War","BootSequence","FTL","Defragment","Seek"],"campfire_rested":3,"item_purchase_floors":[7,7,7,11,21,30],"current_hp_per_floor":[68,68,68,68,68,38,38,26,26,18,18,24,49,49,49,14,67,57,36,36,36,36,61,27,24,24,24,25,30,30,27,52,15,68,62,69,69,85,73,45,45,0],"gold":341,"neow_bonus":"THREE_ENEMY_KILL","is_prod":false,"is_daily":false,"chose_seed":false,"campfire_upgraded":2,"win_rate":0,"timestamp":1548389078,"path_taken":["M","?","?","M","?","E","$","E","T","E","$","M","R","M","R","BOSS","M","M","?","$","?","R","E","M","T","?","M","E","?","M","R","BOSS","M","?","?","?","M","E","R","E"],"build_version":"2019-01-23","purchased_purges":2,"victory":false,"max_hp_per_floor":[75,75,75,75,75,75,75,75,75,85,85,85,85,85,85,85,85,85,85,85,85,85,85,85,85,85,85,85,85,85,85,85,85,85,85,85,85,85,85,85,85,85],"card_choices":[{"not_picked":["Leap","Reinforced Body"],"picked":"Hologram","floor":1},{"not_picked":["Consume","Coolheaded"],"picked":"Streamline","floor":4},{"not_picked":["Capacitor","Storm"],"picked":"BootSequence","floor":5},{"not_picked":["Capacitor","Reprogram"],"picked":"Electrodynamics","floor":6},{"not_picked":["Steam Power","Streamline"],"picked":"Cold Snap","floor":8},{"not_picked":["Loop","Chill"],"picked":"Sunder","floor":10},{"not_picked":["Sunder","Self Repair","Leap"],"picked":"SKIP","floor":12},{"not_picked":["Genetic Algorithm","Force Field","Leap"],"picked":"SKIP","floor":14},{"not_picked":["Fission","Electrodynamics"],"picked":"Machine Learning","floor":16},{"not_picked":["Reinforced Body","Blizzard"],"picked":"Defragment","floor":18},{"not_picked":["Sweeping Beam","Beam Cell","Double Energy"],"picked":"SKIP","floor":19},{"not_picked":["Cold Snap","Force Field"],"picked":"Undo","floor":24},{"not_picked":["Streamline","Double Energy","Rebound"],"picked":"SKIP","floor":25},{"not_picked":["Chaos","Defragment","Gash+1"],"picked":"SKIP","floor":28},{"not_picked":["Beam Cell","Rebound"],"picked":"Leap","floor":29},{"not_picked":["Fusion+1","Sunder+1"],"picked":"Auto Shields","floor":31},{"not_picked":["Fission","Electrodynamics"],"picked":"Multi-Cast","floor":33},{"not_picked":["Heatsinks+1","Beam Cell+1"],"picked":"Ball Lightning+1","floor":35},{"not_picked":["Turbo+1","Compile Driver+1"],"picked":"Coolheaded","floor":36},{"not_picked":["Steam","Beam Cell+1"],"picked":"Darkness+1","floor":39},{"not_picked":["Rebound","Reinforced Body"],"picked":"Ball Lightning+1","floor":40}],"player_experience":207484,"relics_obtained":[{"floor":6,"key":"Juzu Bracelet"},{"floor":8,"key":"Sundial"},{"floor":9,"key":"Bag of Preparation"},{"floor":10,"key":"Pear"},{"floor":24,"key":"Lantern"},{"floor":26,"key":"Ancient Tea Set"},{"floor":29,"key":"Oddly Smooth Stone"},{"floor":36,"key":"Calipers"},{"floor":40,"key":"Omamori"},{"floor":40,"key":"Incense Burner"}],"event_choices":[{"damage_healed":0,"gold_gain":175,"player_choice":"AGREE","damage_taken":0,"max_hp_gain":0,"max_hp_loss":0,"event_name":"Liars Game","floor":2,"gold_loss":0,"cards_obtained":["Doubt"]},{"cards_removed":["Doubt"],"damage_healed":0,"gold_gain":0,"player_choice":"Removed Curses","damage_taken":0,"max_hp_gain":0,"max_hp_loss":0,"event_name":"Fountain of Cleansing","floor":3,"gold_loss":0},{"damage_healed":0,"gold_gain":99,"player_choice":"Stole From Cult","damage_taken":0,"max_hp_gain":0,"max_hp_loss":0,"event_name":"Nest","floor":20,"gold_loss":0},{"cards_removed":["Strike_B"],"damage_healed":0,"gold_gain":0,"player_choice":"Elegance","damage_taken":0,"max_hp_gain":0,"max_hp_loss":0,"event_name":"Back to Basics","floor":22,"gold_loss":0},{"damage_healed":0,"gold_gain":0,"player_choice":"Ignored","damage_taken":0,"max_hp_gain":0,"max_hp_loss":0,"event_name":"Vampires","floor":27,"gold_loss":0},{"damage_healed":0,"gold_gain":0,"player_choice":"Fight","damage_taken":0,"max_hp_gain":0,"max_hp_loss":0,"event_name":"MindBloom","floor":36,"gold_loss":0},{"cards_removed":["Machine Learning"],"damage_healed":0,"gold_gain":0,"player_choice":"Removed Power","damage_taken":0,"max_hp_gain":0,"max_hp_loss":0,"event_name":"Falling","floor":37,"gold_loss":0},{"damage_healed":16,"gold_gain":0,"player_choice":"Full Heal","damage_taken":0,"max_hp_gain":0,"max_hp_loss":0,"event_name":"Wheel of Change","floor":38,"gold_loss":0}],"is_beta":false,"boss_relics":[{"not_picked":["Astrolabe","Nuclear Battery"],"picked":"Philosopher\u0027s Stone"},{"not_picked":["Busted Crown","White Beast Statue"],"picked":"Black Star"}],"items_purged_floors":[7,21],"is_endless":false,"potions_floor_spawned":[4,5,8,10,12,19,28,31,33,36],"killed_by":"Nemesis","ascension_level":10}