{"gold_per_floor":[112,165,177,177,177,177,191,191,236,236,248,266,329,359,359,359],"floor_reached":16,"playtime":422,"items_purged":[],"score":200,"play_id":"d8399f4d-c94d-4d0e-9d5d-2e380cd11b60","local_time":"20181108045255","is_ascension_mode":true,"campfire_choices":[{"data":"Blizzard","floor":6,"key":"SMITH"},{"data":"Creative AI","floor":8,"key":"SMITH"},{"data":"Zap","floor":10,"key":"SMITH"},{"floor":15,"key":"REST"}],"neow_cost":"NONE","seed_source_timestamp":1280295354121,"circlet_count":0,"master_deck":["AscendersBane","Strike_B","Strike_B","Strike_B","Defend_B","Defend_B","Defend_B","Defend_B","Zap+1","Dualcast","Blizzard+1","Cold Snap","Creative AI+1","Cold Snap"],"relics":["Cracked Core","NeowsBlessing","Anchor","Bronze Scales","Regal Pillow","Mercury Hourglass"],"potions_floor_usage":[13,13],"damage_taken":[{"damage":0,"enemies":"Cultist","floor":1,"turns":1},{"damage":0,"enemies":"2 Louse","floor":3,"turns":1},{"damage":0,"enemies":"Small Slimes","floor":7,"turns":1},{"damage":6,"enemies":"Looter","floor":11,"turns":3},{"damage":0,"enemies":"3 Louse","floor":12,"turns":2},{"damage":37,"enemies":"Lagavulin Event","floor":13,"turns":6},{"damage":16,"enemies":"3 Sentries","floor":14,"turns":8},{"damage":41,"enemies":"The Guardian","floor":16,"turns":6}],"seed_played":"-421650249834370333","potions_obtained":[{"floor":7,"key":"Strength Potion"},{"floor":11,"key":"Poison Potion"},{"floor":14,"key":"GamblersBrew"}],"is_trial":false,"path_per_floor":["M","T","M","?","?","R","M","R","T","R","M","M","?","E","R","B"],"character_chosen":"DEFECT","items_purchased":[],"campfire_rested":1,"item_purchase_floors":[],"current_hp_per_floor":[64,64,64,69,62,62,62,62,62,62,56,56,19,3,40,0],"gold":359,"neow_bonus":"THREE_ENEMY_KILL","is_prod":false,"is_daily":false,"chose_seed":false,"campfire_upgraded":3,"win_rate":0,"timestamp":1541670775,"path_taken":["M","?","M","?","?","R","M","R","T","R","M","M","?","E","R","BOSS"],"build_version":"2018-11-07","purchased_purges":0,"victory":false,"max_hp_per_floor":[71,71,71,76,76,76,76,76,76,76,76,76,76,76,76,76],"card_choices":[{"not_picked":["Barrage","Turbo"],"picked":"Blizzard","floor":1},{"not_picked":["Recycle","Streamline"],"picked":"Cold Snap","floor":3},{"not_picked":["Sunder","Gash"],"picked":"Creative AI","floor":7},{"not_picked":["Recycle","Fusion","Melter"],"picked":"SKIP","floor":11},{"not_picked":["Coolheaded","Aggregate","Compile Driver"],"picked":"SKIP","floor":12},{"not_picked":["Barrage","Coolheaded"],"picked":"Cold Snap","floor":14}],"player_experience":555883,"relics_obtained":[{"floor":2,"key":"Anchor"},{"floor":9,"key":"Bronze Scales"},{"floor":13,"key":"Regal Pillow"},{"floor":14,"key":"Mercury Hourglass"}],"event_choices":[{"damage_healed":0,"gold_gain":0,"player_choice":"Donut","damage_taken":0,"max_hp_gain":5,"max_hp_loss":0,"event_name":"Big Fish","floor":4,"gold_loss":0},{"cards_removed":["Strike_B"],"damage_healed":0,"gold_gain":0,"player_choice":"Card Removal","damage_taken":7,"max_hp_gain":0,"max_hp_loss":0,"event_name":"Golden Wing","floor":5,"gold_loss":0},{"damage_healed":0,"gold_gain":0,"player_choice":"Searched \u00271\u0027 times","damage_taken":0,"max_hp_gain":0,"max_hp_loss":0,"event_name":"Dead Adventurer","floor":13,"gold_loss":0}],"is_beta":true,"boss_relics":[],"items_purged_floors":[],"is_endless":false,"potions_floor_spawned":[7,11,14],"killed_by":"The Guardian","ascension_level":20}