{"gold_per_floor":[114,114,114,129,44,78,98,123,146,17,34,47,72,85,85,187,187,205,43,44,44,44,71,71,71],"floor_reached":25,"playtime":1313,"items_purged":["Strike_B"],"score":364,"play_id":"8861e43f-5bd8-4181-9a02-1beee3375cad","local_time":"20190203222235","is_ascension_mode":true,"campfire_choices":[{"data":"Buffer","floor":15,"key":"SMITH"},{"floor":24,"key":"REST"}],"neow_cost":"NONE","seed_source_timestamp":1288022355003100,"circlet_count":0,"master_deck":["Defend_B","Defend_B","Defend_B","Defend_B","Zap+1","Dualcast","Beam Cell","Defragment","Conserve Battery","Rainbow","Glacier","Buffer+1","Defragment","Ball Lightning","Hologram","Meteor Strike","Self Repair+1","Thunder Strike","White Noise+1"],"relics":["Cracked Core","NeowsBlessing","Centennial Puzzle","Omamori","Smiling Mask","Dead Branch","Empty Cage","Frozen Egg 2","Cables"],"potions_floor_usage":[13,16,18,23,23],"damage_taken":[{"damage":0,"enemies":"Small Slimes","floor":1,"turns":1},{"damage":0,"enemies":"2 Louse","floor":4,"turns":1},{"damage":0,"enemies":"Lagavulin","floor":6,"turns":1},{"damage":0,"enemies":"Cultist","floor":7,"turns":3},{"damage":7,"enemies":"3 Sentries","floor":8,"turns":10},{"damage":3,"enemies":"2 Fungi Beasts","floor":11,"turns":5},{"damage":7,"enemies":"Red Slaver","floor":12,"turns":4},{"damage":0,"enemies":"Lagavulin","floor":13,"turns":7},{"damage":22,"enemies":"3 Louse","floor":14,"turns":4},{"damage":9,"enemies":"Hexaghost","floor":16,"turns":10},{"damage":0,"enemies":"Chosen","floor":18,"turns":6},{"damage":20,"enemies":"2 Thieves","floor":20,"turns":4},{"damage":49,"enemies":"Book of Stabbing","floor":23,"turns":7},{"damage":46,"enemies":"3 Cultists","floor":25,"turns":6}],"seed_played":"5246082946382617472","potions_obtained":[{"floor":4,"key":"Ancient Potion"},{"floor":6,"key":"Poison Potion"},{"floor":11,"key":"PowerPotion"},{"floor":16,"key":"Ancient Potion"},{"floor":18,"key":"Block Potion"},{"floor":20,"key":"Fire Potion"}],"is_trial":false,"path_per_floor":["M","?","?","M","$","E","M","E","T","$","M","M","E","M","R","B",null,"M","$","M","?","?","E","R","M"],"character_chosen":"DEFECT","items_purchased":["Defragment","Conserve Battery","Defragment","Thunder Strike"],"campfire_rested":1,"item_purchase_floors":[5,5,10,19],"current_hp_per_floor":[75,80,80,80,80,80,80,73,73,73,70,63,63,41,41,32,68,68,68,58,58,58,19,43,0],"gold":71,"neow_bonus":"THREE_ENEMY_KILL","is_prod":false,"is_daily":false,"chose_seed":false,"campfire_upgraded":1,"win_rate":0,"timestamp":1549228955,"path_taken":["M","?","?","M","$","E","M","E","T","$","M","M","E","M","R","BOSS","M","$","M","?","?","E","R","M"],"build_version":"2019-01-23","purchased_purges":1,"victory":false,"max_hp_per_floor":[75,80,80,80,80,80,80,80,80,80,80,80,80,80,80,80,80,80,80,80,80,80,80,80,80],"card_choices":[{"not_picked":["Barrage","Rebound","Turbo"],"picked":"SKIP","floor":1},{"not_picked":["Cold Snap","Blizzard"],"picked":"Beam Cell","floor":4},{"not_picked":["Conserve Battery","Gash"],"picked":"Rainbow","floor":6},{"not_picked":["Barrage","Coolheaded"],"picked":"Glacier","floor":7},{"not_picked":["Leap","Go for the Eyes"],"picked":"Buffer","floor":8},{"not_picked":["Hologram","Storm","Glacier"],"picked":"SKIP","floor":11},{"not_picked":["Reinforced Body","Beam Cell"],"picked":"Ball Lightning","floor":12},{"not_picked":["Barrage","Reprogram"],"picked":"Hologram","floor":13},{"not_picked":["Streamline","Beam Cell","Hologram"],"picked":"SKIP","floor":14},{"not_picked":["Hyperbeam","Machine Learning"],"picked":"Meteor Strike","floor":16},{"not_picked":["Storm+1","Stack"],"picked":"Self Repair+1","floor":18},{"not_picked":["Sweeping Beam","Recycle+1","Conserve Battery"],"picked":"SKIP","floor":20},{"not_picked":["Reboot","Gash+1"],"picked":"White Noise+1","floor":23}],"player_experience":857315,"relics_obtained":[{"floor":6,"key":"Centennial Puzzle"},{"floor":8,"key":"Omamori"},{"floor":9,"key":"Smiling Mask"},{"floor":13,"key":"Dead Branch"},{"floor":23,"key":"Cables"}],"event_choices":[{"damage_healed":0,"gold_gain":0,"player_choice":"Donut","damage_taken":0,"max_hp_gain":5,"max_hp_loss":0,"event_name":"Big Fish","floor":2,"gold_loss":0},{"damage_healed":0,"gold_gain":0,"player_choice":"Grow","damage_taken":0,"max_hp_gain":0,"max_hp_loss":0,"event_name":"Living Wall","floor":3,"gold_loss":0,"cards_upgraded":["Zap"]},{"damage_healed":0,"gold_gain":0,"player_choice":"Opened","damage_taken":0,"relics_obtained":["Frozen Egg 2"],"max_hp_gain":0,"max_hp_loss":0,"event_name":"The Mausoleum","floor":21,"gold_loss":0},{"cards_removed":["Strike_B"],"damage_healed":0,"gold_gain":0,"player_choice":"Purged","damage_taken":0,"max_hp_gain":0,"max_hp_loss":0,"event_name":"Purifier","floor":22,"gold_loss":0}],"is_beta":false,"boss_relics":[{"not_picked":["Snecko Eye","Coffee Dripper"],"picked":"Empty Cage"}],"items_purged_floors":[10],"is_endless":false,"potions_floor_spawned":[4,6,11,16,18,20],"killed_by":"3 Cultists","ascension_level":5}