{"gold_per_floor":[116,41,41,41,56,91,91,120,120,130,150,41,69,69,69,146,146,156,156,81,81,81,81,81],"floor_reached":24,"playtime":589,"items_purged":["Strike_R"],"score":411,"play_id":"6c932772-c822-44be-8f8d-65ac2fa83f8d","local_time":"20190128184813","is_ascension_mode":true,"campfire_choices":[{"data":"Armaments","floor":7,"key":"SMITH"},{"data":"True Grit","floor":15,"key":"SMITH"},{"data":"1","floor":23,"key":"LIFT"}],"neow_cost":"NONE","seed_source_timestamp":734549662873231,"circlet_count":0,"master_deck":["AscendersBane","Strike_R","Strike_R","Defend_R","Defend_R","Defend_R","Defend_R","Bash","Sword Boomerang+1","Armaments+1","Shrug It Off","True Grit+1","Cleave","Uppercut","Rage","Double Tap","Shame"],"relics":["Burning Blood","NeowsBlessing","Pantograph","Incense Burner","Bottled Lightning","Vajra","Black Star","Girya"],"potions_floor_usage":[16,24],"damage_taken":[{"damage":0,"enemies":"2 Louse","floor":1,"turns":1},{"damage":0,"enemies":"Cultist","floor":5,"turns":1},{"damage":0,"enemies":"Lagavulin","floor":6,"turns":2},{"damage":41,"enemies":"Gremlin Nob","floor":8,"turns":5},{"damage":3,"enemies":"Jaw Worm","floor":10,"turns":4},{"damage":0,"enemies":"3 Louse","floor":11,"turns":3},{"damage":24,"enemies":"3 Sentries","floor":13,"turns":8},{"damage":41,"enemies":"Slime Boss","floor":16,"turns":13},{"damage":7,"enemies":"Chosen","floor":18,"turns":5},{"damage":52,"enemies":"Gremlin Leader","floor":24,"turns":8}],"seed_played":"3085805085860803161","potions_obtained":[{"floor":1,"key":"FearPotion"},{"floor":10,"key":"GamblersBrew"},{"floor":13,"key":"BloodPotion"}],"is_trial":false,"path_per_floor":["M","?","$","?","M","E","R","E","T","M","M","$","E","$","R","B",null,"M","?","?","$","?","R","E"],"character_chosen":"IRONCLAD","items_purchased":["Uppercut"],"campfire_rested":0,"item_purchase_floors":[12],"current_hp_per_floor":[74,74,74,74,75,75,75,40,40,43,49,49,31,31,31,21,62,61,40,40,40,40,40,0],"gold":81,"neow_bonus":"THREE_ENEMY_KILL","is_prod":false,"is_daily":false,"chose_seed":false,"campfire_upgraded":2,"win_rate":0,"timestamp":1548719293,"path_taken":["M","?","$","?","M","E","R","E","T","?","M","$","E","?","R","BOSS","M","?","?","?","?","R","E"],"build_version":"2019-01-23","purchased_purges":1,"victory":false,"max_hp_per_floor":[75,75,75,75,75,75,75,75,75,75,75,75,75,75,75,75,75,75,80,80,80,80,80,80],"card_choices":[{"not_picked":["Reckless Charge","Dropkick"],"picked":"Sword Boomerang","floor":1},{"not_picked":["Pommel Strike","Seeing Red"],"picked":"Armaments","floor":5},{"not_picked":["Reckless Charge","Headbutt"],"picked":"Shrug It Off","floor":6},{"not_picked":["Wild Strike","Searing Blow"],"picked":"True Grit","floor":8},{"not_picked":["Headbutt","Anger"],"picked":"Cleave","floor":10},{"not_picked":["Cleave","Twin Strike","Ghostly Armor"],"picked":"SKIP","floor":11},{"not_picked":["Wild Strike","Carnage"],"picked":"Rage","floor":13},{"not_picked":["Barricade","Fiend Fire"],"picked":"Double Tap","floor":16},{"not_picked":["Headbutt","Evolve","Battle Trance"],"picked":"SKIP","floor":18}],"player_experience":631945,"relics_obtained":[{"floor":6,"key":"Pantograph"},{"floor":8,"key":"Incense Burner"},{"floor":9,"key":"Bottled Lightning"},{"floor":13,"key":"Vajra"}],"event_choices":[{"cards_removed":["Strike_R"],"damage_healed":0,"gold_gain":0,"player_choice":"Card Removal","damage_taken":0,"max_hp_gain":0,"max_hp_loss":0,"event_name":"The Cleric","floor":2,"gold_loss":75},{"damage_healed":0,"gold_gain":0,"player_choice":"Upgraded","damage_taken":0,"max_hp_gain":0,"max_hp_loss":0,"event_name":"Upgrade Shrine","floor":4,"gold_loss":0,"cards_upgraded":["Sword Boomerang"]},{"damage_healed":0,"gold_gain":0,"player_choice":"Shed Blood","damage_taken":26,"max_hp_gain":5,"max_hp_loss":0,"event_name":"Forgotten Altar","floor":19,"gold_loss":0},{"cards_removed":["Strike_R"],"damage_healed":0,"gold_gain":0,"player_choice":"Gave Gold","damage_taken":0,"max_hp_gain":0,"max_hp_loss":0,"event_name":"Beggar","floor":20,"gold_loss":75},{"damage_healed":0,"gold_gain":0,"player_choice":"Stole Relic","damage_taken":0,"relics_obtained":["Girya"],"max_hp_gain":0,"max_hp_loss":0,"event_name":"Addict","floor":22,"gold_loss":0,"cards_obtained":["Shame"]}],"is_beta":true,"boss_relics":[{"not_picked":["Tiny House","Coffee Dripper"],"picked":"Black Star"}],"items_purged_floors":[12],"is_endless":false,"potions_floor_spawned":[1,10,13],"killed_by":"Gremlin Leader","ascension_level":15}