{"gold_per_floor":[115,115,40,60,76,102,102,122,122,148,148,48,48,76,76,178,228,244,244,244,259,134,134,66,78,78,78,97,107,121,140,140,140],"floor_reached":33,"playtime":4380,"items_purged":["Strike_G","Parasite","Defend_G"],"score":426,"play_id":"0b73440b-541b-422a-af06-f2d077edd1d5","local_time":"20181212172622","is_ascension_mode":true,"campfire_choices":[{"floor":11,"key":"REST"},{"floor":13,"key":"REST"},{"floor":15,"key":"REST"},{"floor":23,"key":"RECALL"},{"floor":32,"key":"REST"}],"neow_cost":"NONE","seed_source_timestamp":17945693914010,"circlet_count":0,"master_deck":["AscendersBane","Defend_G+1","Defend_G+1","Defend_G+1","Defend_G+1","Survivor","Neutralize","Backflip+1","Blade Dance","Predator","Backflip+1","Masterful Stab","Caltrops","Dagger Spray","Corpse Explosion","Quick Slash","Footwork","Bite","Bite","Bite","Bite","Bite","Blur","Dagger Spray","Blade Dance+1","Sucker Punch+1","Caltrops","Caltrops+1"],"relics":["Cursed Key","Pear","Gremlin Horn","Nunchaku","Tiny House"],"potions_floor_usage":[6,14,21,21,25,28,33],"damage_taken":[{"damage":3,"enemies":"2 Louse","floor":1,"turns":3},{"damage":2,"enemies":"Cultist","floor":4,"turns":5},{"damage":5,"enemies":"Jaw Worm","floor":5,"turns":4},{"damage":24,"enemies":"Gremlin Nob","floor":6,"turns":4},{"damage":1,"enemies":"3 Louse","floor":8,"turns":4},{"damage":22,"enemies":"3 Sentries","floor":10,"turns":16},{"damage":30,"enemies":"Gremlin Nob","floor":14,"turns":4},{"damage":33,"enemies":"The Guardian","floor":16,"turns":12},{"damage":8,"enemies":"Shell Parasite","floor":18,"turns":6},{"damage":0,"enemies":"3 Byrds","floor":21,"turns":3},{"damage":37,"enemies":"Snake Plant","floor":25,"turns":6},{"damage":21,"enemies":"Sentry and Sphere","floor":28,"turns":8},{"damage":18,"enemies":"Chosen and Byrds","floor":29,"turns":6},{"damage":24,"enemies":"Snake Plant","floor":30,"turns":5},{"damage":13,"enemies":"Centurion and Healer","floor":31,"turns":7},{"damage":92,"enemies":"Collector","floor":33,"turns":7}],"seed_played":"-4200661125507120388","potions_obtained":[{"floor":4,"key":"FairyPotion"},{"floor":5,"key":"Regen Potion"},{"floor":10,"key":"EssenceOfSteel"},{"floor":16,"key":"Weak Potion"},{"floor":17,"key":"Explosive Potion"},{"floor":18,"key":"Fruit Juice"},{"floor":21,"key":"Energy Potion"},{"floor":25,"key":"SkillPotion"},{"floor":31,"key":"SkillPotion"}],"is_trial":false,"path_per_floor":["M","?","$","M","M","E","?","M","T","E","R","$","R","E","R","B",null,"M","?","?","M","$","R","$","M","T","?","M","M","M","M","R","B"],"character_chosen":"THE_SILENT","items_purchased":["Blur"],"campfire_rested":4,"item_purchase_floors":[24],"current_hp_per_floor":[60,60,60,58,53,51,35,34,34,12,36,36,59,29,52,19,68,60,57,48,59,59,59,59,34,34,34,29,23,9,12,32,0],"gold":140,"neow_bonus":"BOSS_RELIC","is_prod":false,"is_daily":false,"chose_seed":false,"campfire_upgraded":0,"win_rate":0,"timestamp":1544635582,"path_taken":["M","?","$","M","?","E","?","M","T","E","R","$","R","E","R","BOSS","M","?","?","M","$","R","$","M","T","?","M","M","M","M","R","BOSS"],"build_version":"2018-12-06","purchased_purges":3,"victory":false,"max_hp_per_floor":[70,70,70,70,70,80,80,80,80,80,80,77,77,77,77,77,82,82,57,62,67,67,67,67,67,67,67,67,67,67,67,67,67],"card_choices":[{"not_picked":["Dodge and Roll","Deflect"],"picked":"Backflip","floor":1},{"not_picked":["Slice","Finisher"],"picked":"Blade Dance","floor":4},{"not_picked":["Glass Knife","Bane"],"picked":"Predator","floor":5},{"not_picked":["Die Die Die","A Thousand Cuts"],"picked":"Backflip","floor":6},{"not_picked":["Backstab","Backflip"],"picked":"Masterful Stab","floor":8},{"not_picked":["Riddle With Holes","Sucker Punch"],"picked":"Caltrops","floor":10},{"not_picked":["Acrobatics","Sucker Punch"],"picked":"Dagger Spray","floor":14},{"not_picked":["Adrenaline","Phantasmal Killer"],"picked":"Corpse Explosion","floor":16},{"not_picked":["Escape Plan","Outmaneuver"],"picked":"Quick Slash","floor":17},{"not_picked":["Dagger Spray+1","PiercingWail"],"picked":"Footwork","floor":18},{"not_picked":["Accuracy+1","Prepared","Underhanded Strike"],"picked":"SKIP","floor":21},{"not_picked":["Slice","Choke"],"picked":"Dagger Spray","floor":25},{"not_picked":["Bane","Flying Knee"],"picked":"Blade Dance+1","floor":28},{"not_picked":["Outmaneuver","All Out Attack"],"picked":"Sucker Punch+1","floor":29},{"not_picked":["Setup+1","Calculated Gamble"],"picked":"Caltrops","floor":30},{"not_picked":["Crippling Poison","Dodge and Roll"],"picked":"Caltrops+1","floor":31}],"player_experience":1032949,"relics_obtained":[{"floor":6,"key":"Pear"},{"floor":10,"key":"Gremlin Horn"},{"floor":14,"key":"Nunchaku"}],"event_choices":[{"cards_removed":["Strike_G"],"damage_healed":0,"gold_gain":0,"player_choice":"Offered Basic","damage_taken":0,"max_hp_gain":0,"max_hp_loss":0,"event_name":"Bonfire Elementals","floor":2,"gold_loss":0},{"damage_healed":0,"gold_gain":0,"player_choice":"Entered Light","damage_taken":16,"max_hp_gain":0,"max_hp_loss":0,"event_name":"Shining Light","floor":7,"gold_loss":0,"cards_upgraded":["Backflip","Backflip"]},{"damage_healed":0,"gold_gain":0,"player_choice":"Became a vampire","damage_taken":0,"max_hp_gain":0,"max_hp_loss":25,"event_name":"Vampires","floor":19,"gold_loss":0,"cards_obtained":["Bite","Bite","Bite","Bite","Bite"]},{"damage_healed":0,"gold_gain":0,"player_choice":"Shed Blood","damage_taken":14,"max_hp_gain":5,"max_hp_loss":0,"event_name":"Forgotten Altar","floor":20,"gold_loss":0},{"damage_healed":0,"gold_gain":0,"player_choice":"Simplicity","damage_taken":0,"max_hp_gain":0,"max_hp_loss":0,"event_name":"Back to Basics","floor":27,"gold_loss":0,"cards_upgraded":["Defend_G","Defend_G","Defend_G"]}],"is_beta":false,"boss_relics":[{"not_picked":["Sozu","Ectoplasm"],"picked":"Tiny House"}],"items_purged_floors":[3,12,22],"is_endless":false,"potions_floor_spawned":[4,5,10,16,18,21,25,31],"killed_by":"Collector","ascension_level":10}