{"gold_per_floor":[113,132,132,34,44,44,76,76,76,76,36,36,70,70,70,70],"floor_reached":16,"playtime":751,"items_purged":["Strike_B"],"score":154,"play_id":"6a9df379-7384-46c7-9255-f5b9bd39cb79","local_time":"20181205231144","is_ascension_mode":true,"campfire_choices":[{"floor":6,"key":"RECALL"},{"data":"Strike_B","floor":8,"key":"PURGE"},{"data":"Strike_B","floor":10,"key":"PURGE"},{"floor":15,"key":"REST"}],"neow_cost":"PERCENT_DAMAGE","seed_source_timestamp":432434516546562,"circlet_count":0,"master_deck":["Defend_B","Defend_B","Defend_B","Defend_B","Zap","Dualcast","Ball Lightning","Sweeping Beam","Compile Driver","Machine Learning","Defragment","Biased Cognition","Ball Lightning"],"relics":["Cracked Core","Peace Pipe","Thread and Needle","The Courier","Dream Catcher"],"potions_floor_usage":[7,13],"damage_taken":[{"damage":4,"enemies":"Small Slimes","floor":1,"turns":3},{"damage":0,"enemies":"Cultist","floor":2,"turns":3},{"damage":1,"enemies":"2 Louse","floor":5,"turns":2},{"damage":4,"enemies":"Gremlin Nob","floor":7,"turns":3},{"damage":18,"enemies":"Lagavulin","floor":13,"turns":7},{"damage":38,"enemies":"The Guardian","floor":16,"turns":6}],"seed_played":"-912233904678599330","potions_obtained":[{"floor":1,"key":"Block Potion"},{"floor":7,"key":"Swift Potion"}],"is_trial":false,"path_per_floor":["M","M","?","$","M","R","E","R","T","R","$","$","E","?","R","B"],"character_chosen":"DEFECT","items_purchased":["Sweeping Beam","Defragment"],"campfire_rested":1,"item_purchase_floors":[4,11],"current_hp_per_floor":[60,60,60,60,59,59,55,55,55,55,55,55,37,12,38,0],"gold":70,"neow_bonus":"TWENTY_PERCENT_HP_BONUS","is_prod":false,"is_daily":false,"chose_seed":false,"campfire_upgraded":0,"win_rate":0,"timestamp":1544051504,"path_taken":["M","M","?","$","?","R","E","R","T","R","?","$","E","?","R","BOSS"],"build_version":"2018-11-15","purchased_purges":1,"victory":false,"max_hp_per_floor":[89,89,89,89,89,89,89,89,89,89,89,89,89,89,89,89],"card_choices":[{"not_picked":["Scrape","Heatsinks","Turbo"],"picked":"SKIP","floor":1},{"not_picked":["BootSequence","Beam Cell"],"picked":"Ball Lightning","floor":2},{"not_picked":["Scrape","Aggregate"],"picked":"Compile Driver","floor":5},{"not_picked":["FTL","Rebound"],"picked":"Machine Learning","floor":7},{"not_picked":["Coolheaded","Recycle"],"picked":"Biased Cognition","floor":13},{"not_picked":["Stack","Turbo"],"picked":"Ball Lightning","floor":15}],"player_experience":971743,"relics_obtained":[{"floor":7,"key":"Peace Pipe"},{"floor":9,"key":"Thread and Needle"},{"floor":13,"key":"The Courier"}],"event_choices":[{"cards_removed":["Strike_B"],"damage_healed":0,"gold_gain":0,"player_choice":"Purged","damage_taken":0,"max_hp_gain":0,"max_hp_loss":0,"event_name":"Purifier","floor":3,"gold_loss":0},{"damage_healed":0,"gold_gain":0,"player_choice":"Success","damage_taken":25,"relics_obtained":["Dream Catcher"],"max_hp_gain":0,"max_hp_loss":0,"event_name":"Scrap Ooze","floor":14,"gold_loss":0}],"is_beta":false,"boss_relics":[],"items_purged_floors":[4],"is_endless":false,"potions_floor_spawned":[1,7],"killed_by":"The Guardian","ascension_level":9}