{"gold_per_floor":[121,133,163,195,227,239,201,213,225,237,269,281,321,353,365,451,463,488,500],"floor_reached":19,"playtime":584,"items_purged":[],"score":287,"play_id":"cb698b98-caf4-4440-a46c-38089aea597f","local_time":"20190107040356","is_ascension_mode":true,"campfire_choices":[{"data":"Self Repair","floor":6,"key":"SMITH"},{"data":"Zap","floor":12,"key":"SMITH"},{"floor":15,"key":"REST"}],"neow_cost":"NONE","seed_source_timestamp":1246163639390605,"circlet_count":0,"master_deck":["AscendersBane","Zap+1","Dualcast","Sunder","Self Repair+1","Gash","Go for the Eyes","Hologram","Auto Shields","Buffer","Go for the Eyes","Chaos","Meteor Strike","Sweeping Beam","Rebound","Static Discharge","Streamline+1"],"relics":["Cracked Core","MawBank","Gambling Chip","StoneCalendar","Ancient Tea Set","Pandora\u0027s Box"],"potions_floor_usage":[16],"damage_taken":[{"damage":4,"enemies":"2 Louse","floor":1,"turns":2},{"damage":0,"enemies":"Cultist","floor":3,"turns":3},{"damage":2,"enemies":"Jaw Worm","floor":4,"turns":3},{"damage":8,"enemies":"3 Louse","floor":5,"turns":4},{"damage":1,"enemies":"2 Fungi Beasts","floor":11,"turns":2},{"damage":35,"enemies":"Lagavulin","floor":13,"turns":5},{"damage":28,"enemies":"Exordium Wildlife","floor":14,"turns":5},{"damage":37,"enemies":"Slime Boss","floor":16,"turns":7},{"damage":51,"enemies":"Chosen","floor":18,"turns":6}],"seed_played":"2217403868131064390","potions_obtained":[{"floor":3,"key":"EssenceOfSteel"},{"floor":11,"key":"LiquidBronze"}],"is_trial":false,"path_per_floor":["M","?","M","M","M","R","?","?","T","?","M","R","E","M","R","B",null,"M","$"],"character_chosen":"DEFECT","items_purchased":[],"campfire_rested":1,"item_purchase_floors":[],"current_hp_per_floor":[60,60,60,58,57,57,57,62,62,55,64,64,39,21,43,16,61,20,20],"gold":500,"neow_bonus":"RANDOM_COMMON_RELIC","is_prod":false,"is_daily":false,"chose_seed":false,"campfire_upgraded":2,"win_rate":0,"timestamp":1546851836,"path_taken":["M","?","?","M","M","R","?","?","T","?","M","R","E","M","R","BOSS","M","$"],"build_version":"2019-01-03v4","purchased_purges":0,"victory":false,"max_hp_per_floor":[71,71,71,71,71,71,71,76,76,76,76,76,76,76,76,76,76,76,76],"card_choices":[{"not_picked":["Streamline","Compile Driver"],"picked":"Turbo","floor":1},{"not_picked":["Rebound","Redo"],"picked":"Sunder","floor":3},{"not_picked":["Redo","FTL"],"picked":"Self Repair","floor":4},{"not_picked":["Rebound","Redo"],"picked":"Gash","floor":5},{"not_picked":["Coolheaded","Static Discharge"],"picked":"Go for the Eyes","floor":11},{"not_picked":["Rainbow","Rebound"],"picked":"Hologram","floor":13},{"not_picked":["Reinforced Body","Capacitor"],"picked":"Auto Shields","floor":14},{"not_picked":["Fission","Amplify"],"picked":"Buffer","floor":16},{"not_picked":["Chill","Barrage"],"picked":"Streamline+1","floor":18}],"player_experience":479921,"relics_obtained":[{"floor":9,"key":"StoneCalendar"},{"floor":13,"key":"Ancient Tea Set"}],"event_choices":[{"cards_removed":["Turbo"],"damage_healed":0,"gold_gain":0,"player_choice":"Gave Card","damage_taken":0,"relics_obtained":["Gambling Chip"],"max_hp_gain":0,"max_hp_loss":0,"event_name":"WeMeetAgain","floor":2,"gold_loss":0},{"cards_removed":["Strike_B"],"damage_healed":0,"gold_gain":0,"player_choice":"Card Removal","damage_taken":0,"max_hp_gain":0,"max_hp_loss":0,"event_name":"The Cleric","floor":7,"gold_loss":50},{"damage_healed":0,"gold_gain":0,"player_choice":"Donut","damage_taken":0,"max_hp_gain":5,"max_hp_loss":0,"event_name":"Big Fish","floor":8,"gold_loss":0},{"cards_removed":["Strike_B"],"damage_healed":0,"gold_gain":0,"player_choice":"Card Removal","damage_taken":7,"max_hp_gain":0,"max_hp_loss":0,"event_name":"Golden Wing","floor":10,"gold_loss":0}],"is_beta":false,"boss_relics":[{"not_picked":["Fusion Hammer","Empty Cage"],"picked":"Pandora\u0027s Box"}],"items_purged_floors":[],"is_endless":false,"potions_floor_spawned":[3,11,14],"ascension_level":14}