{"gold_per_floor":[19,19,19,33,53,53,80,80,80,115,133,162,162,187,187,286,286,306,322,322,332,432,460,460,493,538,549,549,580,580,599,599,695,695,713,730,186,206,206,52,69,69,92,124,22,39,39,57,57,57],"floor_reached":51,"playtime":4061,"items_purged":["Strike_R","Strike_R","Defend_R"],"score":864,"play_id":"9ac8d1ad-4862-4403-8575-b8c304d06903","local_time":"20181031013830","is_ascension_mode":true,"campfire_choices":[{"data":"Metallicize","floor":6,"key":"SMITH"},{"data":"Shockwave","floor":8,"key":"SMITH"},{"data":"Immolate","floor":13,"key":"SMITH"},{"data":"Disarm","floor":15,"key":"SMITH"},{"data":"Armaments","floor":28,"key":"SMITH"},{"data":"Armaments","floor":30,"key":"SMITH"},{"floor":32,"key":"REST"},{"data":"1","floor":42,"key":"LIFT"},{"data":"2","floor":47,"key":"LIFT"},{"data":"3","floor":49,"key":"LIFT"}],"neow_cost":"NO_GOLD","seed_source_timestamp":123304343892847,"circlet_count":0,"master_deck":["Defend_R","Defend_R","Defend_R","Bash","Rampage+1","Shockwave+1","Reckless Charge","Metallicize+1","Thunderclap","Seeing Red","Headbutt+1","Hemokinesis","Immolate+1","Disarm+1","Feed+1","Shrug It Off+1","Armaments+1","Decay","Clothesline","Feel No Pain+1","Armaments+1","Shame","Evolve","Combust","Iron Wave+1","Warcry","Exhume","Iron Wave+1","Clothesline+1","Iron Wave","Burning Pact","Sentinel"],"relics":["Burning Blood","Pantograph","Ancient Tea Set","Du-Vu Doll","Happy Flower","Matryoshka","Mark of Pain","Gambling Chip","Pear","Oddly Smooth Stone","Pocketwatch","Vajra","Smiling Mask","Pen Nib","Gremlin Horn","Fusion Hammer","Girya","Toolbox","Question Card","Whetstone","Bottled Tornado"],"potions_floor_usage":[12,22,23,41,50,50,50],"damage_taken":[{"damage":6,"enemies":"Cultist","floor":1,"turns":3},{"damage":5,"enemies":"2 Louse","floor":4,"turns":3},{"damage":2,"enemies":"Small Slimes","floor":5,"turns":4},{"damage":18,"enemies":"Lagavulin","floor":7,"turns":6},{"damage":15,"enemies":"3 Sentries","floor":10,"turns":9},{"damage":6,"enemies":"Looter","floor":11,"turns":2},{"damage":12,"enemies":"Gremlin Nob","floor":12,"turns":4},{"damage":12,"enemies":"3 Sentries","floor":14,"turns":3},{"damage":46,"enemies":"The Guardian","floor":16,"turns":8},{"damage":25,"enemies":"Spheric Guardian","floor":18,"turns":4},{"damage":2,"enemies":"3 Byrds","floor":19,"turns":3},{"damage":0,"enemies":"Snake Plant","floor":21,"turns":4},{"damage":24,"enemies":"Colosseum Slavers","floor":22,"turns":4},{"damage":34,"enemies":"Colosseum Nobs","floor":22,"turns":4},{"damage":10,"enemies":"Book of Stabbing","floor":23,"turns":6},{"damage":19,"enemies":"Gremlin Leader","floor":25,"turns":8},{"damage":2,"enemies":"3 Cultists","floor":27,"turns":4},{"damage":8,"enemies":"Book of Stabbing","floor":29,"turns":5},{"damage":1,"enemies":"Cultist and Chosen","floor":31,"turns":1},{"damage":18,"enemies":"Champ","floor":33,"turns":8},{"damage":11,"enemies":"3 Shapes","floor":35,"turns":4},{"damage":4,"enemies":"3 Darklings","floor":36,"turns":5},{"damage":12,"enemies":"Spire Growth","floor":38,"turns":4},{"damage":11,"enemies":"Jaw Worm Horde","floor":41,"turns":2},{"damage":0,"enemies":"Reptomancer","floor":44,"turns":2},{"damage":43,"enemies":"Writhing Mass","floor":46,"turns":5},{"damage":7,"enemies":"Spire Growth","floor":48,"turns":3},{"damage":31,"enemies":"Donu and Deca","floor":50,"turns":8}],"seed_played":"5680525296313084772","potions_obtained":[{"floor":1,"key":"Block Potion"},{"floor":10,"key":"BloodPotion"},{"floor":11,"key":"BloodPotion"},{"floor":18,"key":"PowerPotion"},{"floor":22,"key":"Poison Potion"},{"floor":29,"key":"Swift Potion"},{"floor":35,"key":"FearPotion"}],"is_trial":false,"path_per_floor":["M","?","?","M","M","R","E","R","T","E","M","E","R","E","R","B",null,"M","M","?","M","?","E","?","E","T","M","R","E","R","M","R","B",null,"M","M","$","M","?","$","M","R","T","E","$","M","R","M","R","B"],"character_chosen":"IRONCLAD","items_purchased":["Girya","Toolbox","Fruit Juice","Strength Potion"],"campfire_rested":1,"item_purchase_floors":[37,37,40,45],"current_hp_per_floor":[80,80,80,80,80,80,68,68,68,59,59,53,53,47,47,32,80,64,68,68,77,47,43,43,33,33,40,40,42,42,47,80,93,112,110,112,112,106,106,106,106,106,106,112,112,75,75,74,74,98],"gold":57,"neow_bonus":"TRANSFORM_TWO_CARDS","is_prod":false,"is_daily":false,"chose_seed":false,"campfire_upgraded":6,"win_rate":0,"timestamp":1540964310,"path_taken":["M","?","?","M","M","R","E","R","T","E","?","E","R","E","R","BOSS","M","M","?","?","?","E","?","E","T","M","R","E","R","?","R","BOSS","M","M","$","M","?","$","M","R","T","E","$","M","R","M","R","BOSS"],"build_version":"2018-10-25v2","purchased_purges":3,"victory":true,"max_hp_per_floor":[80,80,80,80,80,80,80,80,80,80,80,80,80,80,80,80,80,83,83,83,86,102,102,102,105,105,108,108,112,112,112,112,112,112,115,115,115,115,115,115,120,120,120,120,120,120,120,120,120,120],"card_choices":[{"not_picked":["Feel No Pain","Clash"],"picked":"Reckless Charge","floor":1},{"not_picked":["Power Through","Flex"],"picked":"Metallicize","floor":4},{"not_picked":["Whirlwind","Pummel"],"picked":"Thunderclap","floor":5},{"not_picked":["Twin Strike","Heavy Blade"],"picked":"Seeing Red","floor":7},{"not_picked":["Pommel Strike","Heavy Blade"],"picked":"Headbutt","floor":10},{"not_picked":["Body Slam","Spot Weakness"],"picked":"Hemokinesis","floor":11},{"not_picked":["Warcry","Feel No Pain"],"picked":"Immolate","floor":12},{"not_picked":["Flex","Battle Trance"],"picked":"Disarm","floor":14},{"not_picked":["Limit Break","Impervious"],"picked":"Feed","floor":16},{"not_picked":["Hemokinesis","Blood for Blood"],"picked":"Shrug It Off+1","floor":18},{"not_picked":["Body Slam","Clash"],"picked":"Armaments","floor":19},{"not_picked":["Sword Boomerang+1","Inflame"],"picked":"Clothesline","floor":21},{"not_picked":["Reckless Charge","True Grit"],"picked":"Feel No Pain+1","floor":22},{"not_picked":["Limit Break","Heavy Blade"],"picked":"Armaments","floor":23},{"not_picked":["Spot Weakness","Perfected Strike+1"],"picked":"Evolve","floor":25},{"not_picked":["Second Wind","True Grit"],"picked":"Combust","floor":27},{"not_picked":["Havoc","Rage"],"picked":"Iron Wave+1","floor":29},{"not_picked":["Seeing Red+1","Sword Boomerang+1"],"picked":"Warcry","floor":31},{"not_picked":["Demon Form","Fiend Fire"],"picked":"Exhume","floor":33},{"not_picked":["Twin Strike","Hemokinesis+1"],"picked":"Iron Wave+1","floor":35},{"not_picked":["Twin Strike","Second Wind"],"picked":"Clothesline+1","floor":36},{"not_picked":["Cleave+1","Armaments"],"picked":"Iron Wave","floor":38},{"not_picked":["Heavy Blade","Perfected Strike"],"picked":"Burning Pact","floor":41},{"not_picked":["Entrench+1","Sword Boomerang+1","Berserk"],"picked":"Sentinel","floor":44},{"not_picked":["Flex","Anger","Clothesline+1","Entrench"],"picked":"SKIP","floor":46},{"not_picked":["Sentinel","Heavy Blade+1","Body Slam+1","Flex"],"picked":"SKIP","floor":48}],"player_experience":199403,"relics_obtained":[{"floor":7,"key":"Pantograph"},{"floor":9,"key":"Ancient Tea Set"},{"floor":10,"key":"Du-Vu Doll"},{"floor":12,"key":"Happy Flower"},{"floor":14,"key":"Matryoshka"},{"floor":22,"key":"Gambling Chip"},{"floor":22,"key":"Pear"},{"floor":23,"key":"Oddly Smooth Stone"},{"floor":25,"key":"Vajra"},{"floor":26,"key":"Smiling Mask"},{"floor":26,"key":"Pen Nib"},{"floor":29,"key":"Gremlin Horn"},{"floor":43,"key":"Question Card"},{"floor":43,"key":"Whetstone"},{"floor":44,"key":"Bottled Tornado"}],"event_choices":[{"cards_removed":["Strike_R"],"damage_healed":0,"gold_gain":0,"player_choice":"Forget","damage_taken":0,"max_hp_gain":0,"max_hp_loss":0,"event_name":"Living Wall","floor":2,"gold_loss":0},{"damage_healed":0,"gold_gain":0,"player_choice":"Upgraded","damage_taken":0,"max_hp_gain":0,"max_hp_loss":0,"event_name":"Upgrade Shrine","floor":3,"gold_loss":0,"cards_upgraded":["Rampage"]},{"damage_healed":0,"gold_gain":0,"player_choice":"Smashed Altar","damage_taken":0,"max_hp_gain":0,"max_hp_loss":0,"event_name":"Forgotten Altar","floor":20,"gold_loss":0,"cards_obtained":["Decay"]},{"damage_healed":0,"gold_gain":0,"player_choice":"Fight","damage_taken":0,"max_hp_gain":0,"max_hp_loss":0,"event_name":"Colosseum","floor":22,"gold_loss":0},{"damage_healed":0,"gold_gain":0,"player_choice":"Fought Nobs","damage_taken":0,"max_hp_gain":0,"max_hp_loss":0,"event_name":"Colosseum","floor":22,"gold_loss":0},{"damage_healed":0,"gold_gain":0,"player_choice":"Stole Relic","damage_taken":0,"relics_obtained":["Pocketwatch"],"max_hp_gain":0,"max_hp_loss":0,"event_name":"Addict","floor":24,"gold_loss":0,"cards_obtained":["Shame"]},{"damage_healed":0,"gold_gain":0,"player_choice":"Ignored","damage_taken":0,"max_hp_gain":0,"max_hp_loss":0,"event_name":"Tomb of Lord Red Mask","floor":39,"gold_loss":0}],"is_beta":false,"boss_relics":[{"not_picked":["Runic Pyramid","Black Star"],"picked":"Mark of Pain"},{"not_picked":["Runic Cube","Lizard Tail"],"picked":"Fusion Hammer"}],"items_purged_floors":[37,40,45],"is_endless":false,"potions_floor_spawned":[1,10,11,18,21,22,29,31,35,46,48],"ascension_level":2}