{"gold_per_floor":[114,114,289,307,307,307,340,360,385,385,335,369,34,73,73,217,217,258,291,327,391,427,427,491,73,73,156,216,216,216,216,216,336,336,349,389,448,14,14,41,55,55],"floor_reached":42,"playtime":3753,"items_purged":["Strike_R","Strike_R"],"score":575,"play_id":"e164e707-43ea-433c-8dd2-fa938ac92eed","local_time":"20190201210602","is_ascension_mode":true,"campfire_choices":[{"data":"Sword Boomerang","floor":6.0,"key":"SMITH"},{"floor":10.0,"key":"REST"},{"data":"Metallicize","floor":15,"key":"SMITH"},{"data":"Demon Form","floor":23,"key":"SMITH"},{"data":"Writhe","floor":32,"key":"PURGE"}],"neow_cost":"NONE","seed_source_timestamp":0,"circlet_count":0,"master_deck":["Strike_R","Strike_R","Defend_R","Defend_R","Defend_R","Defend_R","Bash","Corruption","Sword Boomerang+1","Shrug It Off","Metallicize+1","Thunderclap","HandOfGreed","Demon Form+1","Shockwave","Reaper","Burning Pact+1","Infernal Blade+1","Barricade","Iron Wave+1","Disarm","Disarm","Inflame","J.A.X.","Juggernaut","Sentinel+1","True Grit+1","Warcry+1","Feel No Pain","Dark Shackles","Reckless Charge"],"special_seed":0,"relics":["Burning Blood","Bag of Preparation","Orichalcum","Bloody Idol","Bottled Tornado","Vajra","Meat on the Bone","Snecko Eye","Kunai","Sundial","Gremlin Horn","Peace Pipe","Boot","Eternal Feather","Incense Burner","Molten Egg 2"],"potions_floor_usage":[16,16,42],"damage_taken":[{"damage":1.0,"enemies":"Cultist","floor":1.0,"turns":3.0},{"damage":4.0,"enemies":"Jaw Worm","floor":4.0,"turns":4.0},{"damage":43.0,"enemies":"Lagavulin","floor":7.0,"turns":6.0},{"damage":4.0,"enemies":"Small Slimes","floor":8.0,"turns":3.0},{"damage":7.0,"enemies":"Gremlin Nob","floor":12.0,"turns":4.0},{"damage":6,"enemies":"2 Fungi Beasts","floor":14,"turns":3},{"damage":31,"enemies":"The Guardian","floor":16,"turns":10},{"damage":4,"enemies":"Spheric Guardian","floor":18,"turns":4},{"damage":8,"enemies":"Chosen","floor":19,"turns":5},{"damage":30,"enemies":"Snake Plant","floor":20,"turns":4},{"damage":0,"enemies":"Cultist and Chosen","floor":21,"turns":4},{"damage":16,"enemies":"Snecko","floor":22,"turns":4},{"damage":24,"enemies":"Book of Stabbing","floor":24,"turns":3},{"damage":31,"enemies":"Slavers","floor":27,"turns":5},{"damage":0,"enemies":"Shelled Parasite and Fungi","floor":28,"turns":4},{"damage":52,"enemies":"Automaton","floor":33,"turns":8},{"damage":46,"enemies":"3 Darklings","floor":35,"turns":4},{"damage":5,"enemies":"Orb Walker","floor":36,"turns":3},{"damage":22,"enemies":"Jaw Worm Horde","floor":37,"turns":4},{"damage":31,"enemies":"Giant Head","floor":40,"turns":6},{"damage":43,"enemies":"Spire Growth","floor":41,"turns":7},{"damage":60,"enemies":"Reptomancer","floor":42,"turns":2}],"seed_played":"-5047225500208128934","potions_obtained":[{"floor":4.0,"key":"FearPotion"},{"floor":12.0,"key":"SpeedPotion"},{"floor":14,"key":"Explosive Potion"},{"floor":16,"key":"Regen Potion"},{"floor":19,"key":"Dexterity Potion"},{"floor":21,"key":"Dexterity Potion"},{"floor":22,"key":"FearPotion"},{"floor":37,"key":"EssenceOfSteel"}],"is_trial":false,"path_per_floor":["M","?","?","M","?","R","E","M","T","R","?","E","$","M","R","B",null,"M","M","M","M","M","R","E","$","T","E","M","?","?","?","R","B",null,"M","M","M","$","?","E","M","E"],"character_chosen":"IRONCLAD","items_purchased":["HandOfGreed","Demon Form","Sundial","Disarm","Incense Burner","Feel No Pain","Dark Shackles"],"campfire_rested":1,"item_purchase_floors":[13,13,25,25,38,38,38],"current_hp_per_floor":[80,77,77,79,59,59,22,24,24,48,48,47,47,47,47,34,80,80,80,56,76,72,72,54,54,54,50,63,63,63,63,63,63,80,57,68,80,80,80,60,52,0],"gold":55,"neow_bonus":"RANDOM_COMMON_RELIC","is_prod":false,"is_daily":false,"chose_seed":false,"campfire_upgraded":3,"win_rate":0,"timestamp":1549076762,"path_taken":["M","?","?","M","?","R","E","M","T","R","?","E","$","M","R","BOSS","M","M","M","M","M","R","E","$","T","E","M","?","?","?","R","BOSS","M","M","M","$","?","E","M","E"],"build_version":"2019-01-23","purchased_purges":2,"victory":false,"max_hp_per_floor":[80,80,80,80,80,80,80,80,80,80,80,80,80,80,80,80,80,80,80,80,80,80,80,80,80,80,80,80,80,80,80,80,80,80,80,80,80,80,80,80,80,80],"card_choices":[{"not_picked":["Cleave","Reckless Charge"],"picked":"Corruption","floor":1.0},{"not_picked":["Twin Strike","Iron Wave"],"picked":"Sword Boomerang","floor":4.0},{"not_picked":["Infernal Blade","Combust"],"picked":"Shrug It Off","floor":7.0},{"not_picked":["Heavy Blade","Clothesline"],"picked":"Metallicize","floor":8.0},{"not_picked":["Clothesline","Rupture"],"picked":"Thunderclap","floor":12.0},{"not_picked":["Iron Wave","Searing Blow"],"picked":"Shockwave","floor":14},{"not_picked":["Double Tap","Limit Break"],"picked":"Reaper","floor":16},{"not_picked":["Twin Strike","Sword Boomerang","True Grit"],"picked":"SKIP","floor":18},{"not_picked":["Shrug It Off","Wild Strike"],"picked":"Burning Pact+1","floor":19},{"not_picked":["Searing Blow","Second Wind","Thunderclap"],"picked":"SKIP","floor":20},{"not_picked":["Combust+1","Reckless Charge"],"picked":"Infernal Blade+1","floor":21},{"not_picked":["Shrug It Off","Second Wind+1"],"picked":"Barricade","floor":22},{"not_picked":["Reckless Charge+1","Shrug It Off"],"picked":"Iron Wave+1","floor":24},{"not_picked":["Thunderclap","Hemokinesis"],"picked":"Disarm","floor":27},{"not_picked":["Warcry","Flex"],"picked":"Inflame","floor":28},{"not_picked":["Bludgeon","Immolate"],"picked":"Juggernaut","floor":33},{"not_picked":["Headbutt","Perfected Strike+1"],"picked":"Sentinel+1","floor":35},{"not_picked":["Sever Soul","Rage"],"picked":"True Grit+1","floor":36},{"not_picked":["Pommel Strike","Flex"],"picked":"Warcry+1","floor":37},{"not_picked":["Warcry","Rampage+1","Havoc"],"picked":"SKIP","floor":40},{"not_picked":["Entrench","Rampage+1","Sentinel"],"picked":"SKIP","floor":41}],"player_experience":327421,"relics_obtained":[{"floor":7.0,"key":"Bottled Tornado"},{"floor":9.0,"key":"Vajra"},{"floor":12.0,"key":"Meat on the Bone"},{"floor":24,"key":"Kunai"},{"floor":26,"key":"Gremlin Horn"},{"floor":27,"key":"Peace Pipe"},{"floor":40,"key":"Molten Egg 2"}],"event_choices":[{"damage_healed":0.0,"max_hp_gain":0.0,"max_hp_loss":0.0,"gold_gain":0.0,"event_name":"Scrap Ooze","player_choice":"Success","floor":2.0,"gold_loss":0.0,"damage_taken":3.0,"relics_obtained":["Orichalcum"]},{"damage_healed":0.0,"max_hp_gain":0.0,"max_hp_loss":0.0,"gold_gain":175.0,"event_name":"Liars Game","player_choice":"AGREE","floor":3.0,"gold_loss":0.0,"damage_taken":0.0,"cards_obtained":["Doubt"]},{"damage_healed":0.0,"max_hp_gain":0.0,"max_hp_loss":0.0,"gold_gain":0.0,"event_name":"Golden Idol","player_choice":"Take Damage","floor":5.0,"gold_loss":0.0,"damage_taken":20.0,"relics_obtained":["Golden Idol"]},{"cards_removed":["Doubt"],"damage_healed":0.0,"max_hp_gain":0.0,"max_hp_loss":0.0,"gold_gain":0.0,"event_name":"The Cleric","player_choice":"Card Removal","floor":11.0,"gold_loss":50.0,"damage_taken":0.0},{"damage_healed":0,"gold_gain":0,"player_choice":"Gave Idol","damage_taken":0,"relics_obtained":["Bloody Idol"],"max_hp_gain":0,"max_hp_loss":0,"event_name":"Forgotten Altar","floor":29,"relics_lost":["Golden Idol"],"gold_loss":0},{"damage_healed":0,"gold_gain":0,"player_choice":"Opened","damage_taken":0,"relics_obtained":["Boot"],"max_hp_gain":0,"max_hp_loss":0,"event_name":"The Mausoleum","floor":30,"gold_loss":0,"cards_obtained":["Writhe"]},{"damage_healed":0,"gold_gain":0,"player_choice":"Obtain J.A.X.","damage_taken":0,"max_hp_gain":0,"max_hp_loss":0,"event_name":"Drug Dealer","floor":31,"gold_loss":0,"cards_obtained":["J.A.X."]},{"damage_healed":0,"gold_gain":0,"cards_transformed":["Strike_R"],"player_choice":"Transformed","damage_taken":0,"max_hp_gain":0,"max_hp_loss":0,"event_name":"Transmorgrifier","floor":39,"gold_loss":0,"cards_obtained":["Reckless Charge"]}],"is_beta":false,"boss_relics":[{"not_picked":["Orrery","Mark of Pain"],"picked":"Snecko Eye"},{"not_picked":["Runic Pyramid","Lizard Tail"],"picked":"Eternal Feather"}],"items_purged_floors":[13,25],"is_endless":false,"potions_floor_spawned":[4,12,14,16,19,21,22,28,36,37],"killed_by":"Reptomancer","ascension_level":3}