{"gold_per_floor":[209,209,209,209,224,252,252,279,333,287,287,287,300,180,180,282,282,248,41,41,41,58,58,75,49,120,120,131,148,177,188,188,188],"floor_reached":33,"playtime":2086,"items_purged":[],"score":302,"play_id":"a1d47f03-7556-4c46-b3cc-6e91d185dc83","local_time":"20190207212420","is_ascension_mode":false,"campfire_choices":[{"floor":7,"key":"REST"},{"data":"Noxious Fumes","floor":15,"key":"SMITH"},{"floor":23,"key":"REST"},{"data":"Bane","floor":27,"key":"SMITH"},{"floor":32,"key":"REST"}],"neow_cost":"NONE","seed_source_timestamp":1013575247959344,"circlet_count":0,"master_deck":["Defend_G+1","Defend_G+1","Defend_G+1","Defend_G+1","Defend_G+1","Strike_G+1","Strike_G+1","Strike_G+1","Strike_G+1","Strike_G+1","Survivor","Neutralize","Poisoned Stab","Sucker Punch","Deadly Poison","Poisoned Stab","Noxious Fumes+1","Deadly Poison","Bullet Time","Deadly Poison","Bane+1","Noxious Fumes","Crippling Poison","Deadly Poison","Necronomicurse","Poisoned Stab","Deadly Poison","Noxious Fumes+1"],"relics":["Ring of the Snake","Whetstone","Question Card","Vajra","Centennial Puzzle","Tiny Chest","Eternal Feather","Necronomicon","Kunai","Ice Cream"],"potions_floor_usage":[28,28,30,31,33],"damage_taken":[{"damage":0,"enemies":"Jaw Worm","floor":1,"turns":6},{"damage":0,"enemies":"Small Slimes","floor":3,"turns":4},{"damage":0,"enemies":"Cultist","floor":4,"turns":4},{"damage":1,"enemies":"3 Louse","floor":5,"turns":4},{"damage":43,"enemies":"3 Sentries","floor":6,"turns":12},{"damage":13,"enemies":"Lagavulin","floor":8,"turns":7},{"damage":4,"enemies":"Exordium Wildlife","floor":13,"turns":5},{"damage":25,"enemies":"Hexaghost","floor":16,"turns":8},{"damage":29,"enemies":"2 Thieves","floor":18,"turns":5},{"damage":0,"enemies":"Chosen","floor":22,"turns":4},{"damage":21,"enemies":"Snake Plant","floor":24,"turns":4},{"damage":6,"enemies":"Shelled Parasite and Fungi","floor":28,"turns":3},{"damage":2,"enemies":"Centurion and Healer","floor":29,"turns":5},{"damage":40,"enemies":"Slavers","floor":30,"turns":5},{"damage":3,"enemies":"3 Cultists","floor":31,"turns":4},{"damage":41,"enemies":"Champ","floor":33,"turns":6}],"seed_played":"4325288023312277796","potions_obtained":[{"floor":1,"key":"EssenceOfSteel"},{"floor":6,"key":"Explosive Potion"},{"floor":28,"key":"SpeedPotion"},{"floor":30,"key":"EssenceOfSteel"},{"floor":31,"key":"PowerPotion"}],"is_trial":false,"path_per_floor":["M","$","M","M","M","E","R","E","T","?","?","?","M","$","R","B",null,"M","$","?","?","M","R","M","$","T","R","M","M","E","M","R","B"],"character_chosen":"THE_SILENT","items_purchased":["Tiny Chest","Bane","Noxious Fumes","Crippling Poison","Deadly Poison","Deadly Poison"],"campfire_rested":3,"item_purchase_floors":[14,19,19,19,19,25],"current_hp_per_floor":[70,70,70,70,69,26,47,34,34,34,57,50,46,46,46,21,70,41,41,25,25,25,61,40,40,40,55,49,47,7,4,40,0],"gold":188,"neow_bonus":"HUNDRED_GOLD","is_prod":false,"is_daily":false,"chose_seed":false,"campfire_upgraded":2,"win_rate":0,"timestamp":1549592660,"path_taken":["M","$","M","M","M","E","R","E","T","?","?","?","M","?","R","BOSS","M","$","?","?","M","R","M","?","T","R","M","M","E","M","R","BOSS"],"build_version":"2019-01-23","purchased_purges":0,"victory":false,"max_hp_per_floor":[70,70,70,70,70,70,70,70,70,70,70,70,70,70,70,70,70,70,70,70,70,70,70,70,70,70,70,70,70,70,70,70,70],"card_choices":[{"not_picked":["Escape Plan","Masterful Stab"],"picked":"Poisoned Stab","floor":1},{"not_picked":["Acrobatics","Noxious Fumes"],"picked":"Sucker Punch","floor":3},{"not_picked":["Choke","Flying Knee"],"picked":"Deadly Poison","floor":4},{"not_picked":["Acrobatics","Quick Slash"],"picked":"Poisoned Stab","floor":5},{"not_picked":["Underhanded Strike","Dagger Throw"],"picked":"Noxious Fumes","floor":6},{"not_picked":["Backstab","Skewer"],"picked":"Deadly Poison","floor":8},{"not_picked":["Backflip","Acrobatics","Blade Dance","Predator"],"picked":"SKIP","floor":13},{"not_picked":["Glass Knife","Wraith Form v2","Tools of the Trade"],"picked":"Bullet Time","floor":16},{"not_picked":["Dagger Spray","Cloak And Dagger","Backflip"],"picked":"Deadly Poison","floor":18},{"not_picked":["Crippling Poison","Dodge and Roll+1","Choke"],"picked":"Poisoned Stab","floor":22},{"not_picked":["Sucker Punch","Expertise+1","Dagger Spray","Acrobatics"],"picked":"SKIP","floor":24},{"not_picked":["Skewer","Infinite Blades","Flying Knee","Caltrops+1"],"picked":"SKIP","floor":28},{"not_picked":["Glass Knife","Poisoned Stab","Well Laid Plans"],"picked":"Noxious Fumes+1","floor":29},{"not_picked":["Slice","Setup","Prepared","Underhanded Strike"],"picked":"SKIP","floor":30},{"not_picked":["Dagger Throw","Deflect","Dodge and Roll","Quick Slash+1"],"picked":"SKIP","floor":31}],"player_experience":82378,"relics_obtained":[{"floor":6,"key":"Whetstone"},{"floor":8,"key":"Question Card"},{"floor":9,"key":"Vajra"},{"floor":20,"key":"Necronomicon"},{"floor":26,"key":"Kunai"},{"floor":30,"key":"Ice Cream"}],"event_choices":[{"damage_healed":0,"gold_gain":0,"player_choice":"Left Gold","damage_taken":0,"max_hp_gain":0,"max_hp_loss":0,"event_name":"World of Goop","floor":10,"gold_loss":46},{"damage_healed":23,"gold_gain":0,"player_choice":"Banana","damage_taken":0,"max_hp_gain":0,"max_hp_loss":0,"event_name":"Big Fish","floor":11,"gold_loss":0},{"damage_healed":0,"gold_gain":0,"player_choice":"Success","damage_taken":7,"relics_obtained":["Centennial Puzzle"],"max_hp_gain":0,"max_hp_loss":0,"event_name":"Scrap Ooze","floor":12,"gold_loss":0},{"damage_healed":0,"gold_gain":0,"player_choice":"Obtained Book","damage_taken":16,"max_hp_gain":0,"max_hp_loss":0,"event_name":"Cursed Tome","floor":20,"gold_loss":0},{"damage_healed":0,"gold_gain":0,"player_choice":"Simplicity","damage_taken":0,"max_hp_gain":0,"max_hp_loss":0,"event_name":"Back to Basics","floor":21,"gold_loss":0,"cards_upgraded":["Defend_G","Defend_G","Defend_G","Defend_G","Defend_G","Strike_G","Strike_G","Strike_G"]}],"is_beta":false,"boss_relics":[{"not_picked":["Cursed Key","Ectoplasm"],"picked":"Eternal Feather"}],"items_purged_floors":[],"is_endless":false,"potions_floor_spawned":[1,6,28,30,31],"killed_by":"Champ","ascension_level":0}