{"gold_per_floor":[118,118,118,138,152,152,177,177,177,207,269,319,319,330,330,435,435,447,497,547,96,159,159,10,41,41,91,106,173,223,236,236,338,338,349,399,86,136,200,250,277,277,323,69,69,88,103,167,167,167],"floor_reached":51,"playtime":1707,"items_purged":["Strike_R"],"score":1243,"play_id":"94df7236-1350-4f24-a8f4-4c6d31c876b4","local_time":"20190209194359","is_ascension_mode":true,"campfire_choices":[{"data":"Cleave","floor":6.0,"key":"SMITH"},{"floor":8.0,"key":"DIG"},{"floor":10.0,"key":"DIG"},{"floor":13.0,"key":"DIG"},{"floor":15.0,"key":"DIG"},{"floor":23.0,"key":"DIG"},{"floor":32.0,"key":"REST"},{"floor":42,"key":"DIG"},{"floor":45,"key":"DIG"},{"floor":49,"key":"DIG"}],"neow_cost":"NONE","seed_source_timestamp":699251399954900,"circlet_count":0,"master_deck":["AscendersBane","Strike_R","Strike_R","Strike_R","Strike_R","Defend_R","Defend_R","Defend_R","Bash","Finesse","True Grit","Sword Boomerang","Cleave+1","Flex","Thunderclap","Impervious","Flex","Corruption","Bludgeon","Feed+1","Flame Barrier","Whirlwind+1","Necronomicurse","Exhume","Infernal Blade+1","Exhume","Demon Form","Second Wind+1","Warcry+1"],"special_seed":0,"relics":["Burning Blood","SsserpentHead","Shovel","Lantern","Turnip","Tiny Chest","Orichalcum","Mercury Hourglass","Blue Candle","Fusion Hammer","Mummified Hand","Magic Flower","Molten Egg 2","Strawberry","Gambling Chip","Necronomicon","Sozu","Charon\u0027s Ashes","Bottled Lightning","Bird Faced Urn","Ice Cream","Dream Catcher","Dead Branch","Boot","Calipers"],"potions_floor_usage":[33],"damage_taken":[{"damage":14.0,"enemies":"Jaw Worm","floor":1.0,"turns":4.0},{"damage":1.0,"enemies":"Small Slimes","floor":4.0,"turns":4.0},{"damage":0.0,"enemies":"Cultist","floor":5.0,"turns":3.0},{"damage":40.0,"enemies":"Lagavulin","floor":7.0,"turns":6.0},{"damage":25.0,"enemies":"Exordium Wildlife","floor":11.0,"turns":3.0},{"damage":0.0,"enemies":"Exordium Thugs","floor":14.0,"turns":1.0},{"damage":0.0,"enemies":"Slime Boss","floor":16.0,"turns":6.0},{"damage":11.0,"enemies":"Chosen","floor":18.0,"turns":4.0},{"damage":20.0,"enemies":"Shell Parasite","floor":22.0,"turns":6.0},{"damage":33.0,"enemies":"Gremlin Leader","floor":25.0,"turns":6.0},{"damage":16.0,"enemies":"Centurion and Healer","floor":28.0,"turns":7.0},{"damage":10.0,"enemies":"3 Cultists","floor":29.0,"turns":4.0},{"damage":0.0,"enemies":"Snecko","floor":31.0,"turns":2.0},{"damage":40,"enemies":"Champ","floor":33,"turns":9},{"damage":5,"enemies":"3 Shapes","floor":35,"turns":4},{"damage":0,"enemies":"Orb Walker","floor":39,"turns":2},{"damage":25,"enemies":"Reptomancer","floor":41,"turns":4},{"damage":20,"enemies":"4 Shapes","floor":46,"turns":1},{"damage":4,"enemies":"Transient","floor":47,"turns":5},{"damage":0,"enemies":"Jaw Worm Horde","floor":48,"turns":1},{"damage":45,"enemies":"Time Eater","floor":50,"turns":5}],"seed_played":"-2122463075022939807","potions_obtained":[{"floor":1.0,"key":"Regen Potion"},{"floor":11.0,"key":"SteroidPotion"},{"floor":14.0,"key":"SneckoOil"},{"floor":28.0,"key":"AttackPotion"},{"floor":31.0,"key":"Fire Potion"}],"is_trial":false,"path_per_floor":["M","?","?","M","M","R","E","R","T","R","M","T","R","M","R","B",null,"M","T","?","$","M","R","$","E","T","$","M","M","?","M","R","B",null,"M","?","$","T","M","?","E","R","T","$","R","M","M","M","R","B",null],"character_chosen":"IRONCLAD","items_purchased":["Magic Flower","Corruption","Feed+1","Charon\u0027s Ashes","Dead Branch"],"campfire_rested":1,"item_purchase_floors":[21,21,24,37,44],"current_hp_per_floor":[64,57,57,62,68,68,48,48,48,48,29,29,29,35,35,41,70,65,65,90,90,79,79,79,62,62,62,61,66,50,59,90,59,94,104,104,104,104,113,113,103,103,103,103,103,95,117,117,117,86],"gold":167,"neow_bonus":"RANDOM_COLORLESS","is_prod":false,"is_daily":false,"chose_seed":false,"campfire_upgraded":1,"win_rate":0,"timestamp":1549766639,"path_taken":["M","?","?","M","M","R","E","R","T","R","?","?","R","M","R","BOSS","M","?","?","$","?","R","$","E","T","?","M","?","?","M","R","BOSS","M","?","$","?","?","?","E","R","T","?","R","M","M","?","R","BOSS"],"build_version":"2019-01-23","purchased_purges":1,"victory":true,"max_hp_per_floor":[80,80,80,80,80,80,80,80,80,80,80,80,80,80,80,80,80,80,80,90,90,90,90,90,97,97,97,101,105,105,105,105,105,105,109,109,109,109,113,113,117,117,117,117,117,117,117,117,117,117],"card_choices":[{"not_picked":["Warcry","Thunderclap"],"picked":"True Grit","floor":1.0},{"not_picked":["Havoc","Fire Breathing"],"picked":"Sword Boomerang","floor":4.0},{"not_picked":["Evolve","Twin Strike"],"picked":"Cleave","floor":5.0},{"not_picked":["Anger","Body Slam"],"picked":"Flex","floor":7.0},{"not_picked":["Shrug It Off","Headbutt"],"picked":"Thunderclap","floor":11.0},{"not_picked":["Intimidate","Cleave"],"picked":"Impervious","floor":14.0},{"not_picked":["Barricade","Brutality"],"picked":"Fiend Fire","floor":16.0},{"not_picked":["Heavy Blade","Pummel"],"picked":"Flex","floor":18.0},{"not_picked":["True Grit+1","Warcry"],"picked":"Bludgeon","floor":22.0},{"not_picked":["Shockwave","Clash+1"],"picked":"Flame Barrier","floor":25.0},{"not_picked":["Warcry","Anger+1","Evolve"],"picked":"SKIP","floor":28.0},{"not_picked":["Battle Trance","Clash+1"],"picked":"Whirlwind+1","floor":29.0},{"not_picked":["Rage","Dropkick+1","Rampage+1"],"picked":"SKIP","floor":31.0},{"not_picked":["Fiend Fire+1","Berserk"],"picked":"Exhume","floor":33},{"not_picked":["Armaments","Searing Blow+1","Anger+1"],"picked":"SKIP","floor":35},{"not_picked":["Warcry+1","Iron Wave+1"],"picked":"Infernal Blade+1","floor":39},{"not_picked":["Shrug It Off","Offering"],"picked":"Demon Form","floor":41},{"not_picked":["True Grit+1","Metallicize+1"],"picked":"Second Wind+1","floor":46},{"not_picked":["Dropkick+1","Sever Soul+1","Flex"],"picked":"SKIP","floor":47},{"not_picked":["Sentinel+1","Cleave+1"],"picked":"Warcry+1","floor":48}],"player_experience":336288,"relics_obtained":[{"floor":7.0,"key":"Shovel"},{"floor":8.0,"key":"Lantern"},{"floor":9.0,"key":"Turnip"},{"floor":10.0,"key":"Tiny Chest"},{"floor":12.0,"key":"Orichalcum"},{"floor":13.0,"key":"Mercury Hourglass"},{"floor":15.0,"key":"Blue Candle"},{"floor":19.0,"key":"Mummified Hand"},{"floor":23.0,"key":"Molten Egg 2"},{"floor":25.0,"key":"Strawberry"},{"floor":26.0,"key":"Gambling Chip"},{"floor":30.0,"key":"Necronomicon"},{"floor":38,"key":"Bottled Lightning"},{"floor":41,"key":"Bird Faced Urn"},{"floor":42,"key":"Ice Cream"},{"floor":43,"key":"Dream Catcher"},{"floor":45,"key":"Boot"},{"floor":49,"key":"Calipers"}],"event_choices":[{"cards_removed":["Defend_R"],"damage_healed":0.0,"max_hp_gain":0.0,"max_hp_loss":0.0,"gold_gain":0.0,"event_name":"Golden Wing","player_choice":"Card Removal","floor":2.0,"gold_loss":0.0,"damage_taken":7.0},{"damage_healed":0.0,"max_hp_gain":0.0,"max_hp_loss":0.0,"gold_gain":0.0,"event_name":"FaceTrader","player_choice":"Trade","floor":3.0,"gold_loss":0.0,"damage_taken":0.0,"relics_obtained":["SsserpentHead"]},{"cards_removed":["Fiend Fire"],"damage_healed":15.0,"max_hp_gain":10.0,"max_hp_loss":0.0,"gold_gain":0.0,"event_name":"Bonfire Elementals","player_choice":"Offered Rare","floor":20.0,"gold_loss":0.0,"damage_taken":0.0},{"damage_healed":0.0,"max_hp_gain":0.0,"max_hp_loss":0.0,"gold_gain":0.0,"event_name":"Cursed Tome","player_choice":"Obtained Book","floor":30.0,"gold_loss":0.0,"damage_taken":16.0},{"damage_healed":0,"gold_gain":0,"player_choice":"Bought 0 Potions","damage_taken":0,"max_hp_gain":0,"max_hp_loss":0,"event_name":"The Woman in Blue","floor":36,"gold_loss":0},{"damage_healed":0,"gold_gain":0,"player_choice":"Copied","damage_taken":0,"max_hp_gain":0,"max_hp_loss":0,"event_name":"Duplicator","floor":40,"gold_loss":0,"cards_obtained":["Exhume"]}],"is_beta":false,"boss_relics":[{"not_picked":["White Beast Statue","Coffee Dripper"],"picked":"Fusion Hammer"},{"not_picked":["Cursed Key","Busted Crown"],"picked":"Sozu"}],"items_purged_floors":[21],"is_endless":false,"potions_floor_spawned":[1,11,14,28,31,46,47],"ascension_level":10}