{"gold_per_floor":[114,6,6,6,6,6,41,57,106,136,149,161,161,176,176,280,280,299,76,76,92,112,144,144,175,175,203,243,255,297,319,331,445,457,485,497,155,174,20,45,45,57,57,89,89,89,116,132,132,132],"floor_reached":50,"playtime":2789,"items_purged":["Strike_G","Strike_G"],"score":1037,"play_id":"26f6acc9-5415-40a4-9d95-5c723a24c20c","local_time":"20190131002525","is_ascension_mode":true,"campfire_choices":[{"data":"Neutralize","floor":6,"key":"SMITH"},{"floor":15,"key":"REST"},{"floor":24,"key":"REST"},{"floor":29,"key":"REST"},{"floor":32,"key":"REST"},{"data":"Burst","floor":46,"key":"SMITH"},{"floor":49,"key":"REST"}],"neow_cost":"NONE","seed_source_timestamp":19363147622709,"circlet_count":0,"master_deck":["AscendersBane","Defend_G","Defend_G","Defend_G","Defend_G","Strike_G","Strike_G","Survivor","Neutralize+1","Flying Knee","Well Laid Plans","Blur","Dagger Spray","Deflect","Masterful Stab","Dash","Dagger Throw","Crippling Poison","After Image","Cloak And Dagger+1","Blade Dance+1","Skewer","Cloak And Dagger","Escape Plan","Burst+1","Backstab","Acrobatics+1","Panache","Adrenaline","Blade Dance"],"relics":["Ring of the Serpent","NeowsBlessing","Turnip","Omamori","Happy Flower","Pen Nib","Sozu","Bag of Marbles","Shovel","Boot","MawBank","Bag of Preparation","Red Mask","CultistMask","Mercury Hourglass","Blood Vial","Juzu Bracelet","Molten Egg 2","Oddly Smooth Stone","Ancient Tea Set"],"potions_floor_usage":[16,16,23],"damage_taken":[{"damage":0,"enemies":"Jaw Worm","floor":1,"turns":1},{"damage":0,"enemies":"3 Sentries","floor":7,"turns":2},{"damage":0,"enemies":"Small Slimes","floor":8,"turns":1},{"damage":27,"enemies":"Lagavulin","floor":10,"turns":10},{"damage":0,"enemies":"Cultist","floor":11,"turns":3},{"damage":5,"enemies":"Blue Slaver","floor":12,"turns":4},{"damage":0,"enemies":"3 Louse","floor":14,"turns":2},{"damage":19,"enemies":"The Guardian","floor":16,"turns":13},{"damage":0,"enemies":"3 Byrds","floor":18,"turns":5},{"damage":0,"enemies":"2 Thieves","floor":21,"turns":3},{"damage":5,"enemies":"Sentry and Sphere","floor":22,"turns":7},{"damage":16,"enemies":"Slavers","floor":23,"turns":4},{"damage":11,"enemies":"Gremlin Leader","floor":25,"turns":6},{"damage":0,"enemies":"Centurion and Healer","floor":27,"turns":6},{"damage":25,"enemies":"Book of Stabbing","floor":28,"turns":5},{"damage":5,"enemies":"Masked Bandits","floor":30,"turns":4},{"damage":0,"enemies":"Chosen and Byrds","floor":31,"turns":4},{"damage":42,"enemies":"Collector","floor":33,"turns":16},{"damage":0,"enemies":"3 Shapes","floor":35,"turns":4},{"damage":0,"enemies":"Orb Walker","floor":38,"turns":2},{"damage":13,"enemies":"Nemesis","floor":40,"turns":7},{"damage":3,"enemies":"3 Darklings","floor":42,"turns":4},{"damage":3,"enemies":"Reptomancer","floor":44,"turns":6},{"damage":0,"enemies":"Giant Head","floor":47,"turns":8},{"damage":7,"enemies":"4 Shapes","floor":48,"turns":3},{"damage":64,"enemies":"Time Eater","floor":50,"turns":8}],"seed_played":"-5271762455117210435","potions_obtained":[{"floor":7,"key":"Energy Potion"},{"floor":12,"key":"LiquidBronze"},{"floor":14,"key":"AttackPotion"},{"floor":16,"key":"AttackPotion"}],"is_trial":false,"path_per_floor":["M","$","?","?","?","R","E","M","T","E","M","M","?","M","R","B",null,"M","$","?","M","M","E","R","E","T","M","E","R","?","M","R","B",null,"M","?","$","M","$","E","?","M","T","E","$","R","E","M","R","B"],"character_chosen":"THE_SILENT","items_purchased":["Well Laid Plans","Blur","Bag of Marbles","Mercury Hourglass","Blood Vial"],"campfire_rested":5,"item_purchase_floors":[2,2,19,37,39],"current_hp_per_floor":[63,63,56,56,56,56,56,56,56,29,29,24,12,12,33,14,56,56,56,56,56,51,35,56,45,45,45,20,41,36,36,57,15,56,56,56,56,56,56,45,45,44,44,43,43,43,45,40,61,0],"gold":132,"neow_bonus":"THREE_ENEMY_KILL","is_prod":false,"is_daily":false,"chose_seed":false,"campfire_upgraded":2,"win_rate":0,"timestamp":1548915925,"path_taken":["M","$","?","?","?","R","E","?","T","E","M","M","?","M","R","BOSS","M","$","?","M","M","E","R","E","T","M","E","R","?","M","R","BOSS","M","?","$","?","?","E","?","M","T","E","$","R","E","M","R","BOSS"],"build_version":"2019-01-23","purchased_purges":2,"victory":false,"max_hp_per_floor":[70,70,70,70,70,70,70,70,70,70,70,70,70,70,70,70,70,70,70,70,70,70,70,70,70,70,70,70,70,70,70,70,70,70,70,70,70,70,70,70,70,70,70,70,70,70,70,70,70,70],"card_choices":[{"not_picked":["PiercingWail","Blur"],"picked":"Flying Knee","floor":1},{"not_picked":["Well Laid Plans","Slice"],"picked":"Dagger Spray","floor":7},{"not_picked":["Bouncing Flask","Slice"],"picked":"Deflect","floor":8},{"not_picked":["Flying Knee","Underhanded Strike"],"picked":"Masterful Stab","floor":10},{"not_picked":["Accuracy","Reflex"],"picked":"Dash","floor":11},{"not_picked":["Infinite Blades","Backflip"],"picked":"Dagger Throw","floor":12},{"not_picked":["Deadly Poison","Prepared"],"picked":"Crippling Poison","floor":14},{"not_picked":["Corpse Explosion","Night Terror"],"picked":"After Image","floor":16},{"not_picked":["Bane","All Out Attack"],"picked":"Cloak And Dagger+1","floor":18},{"not_picked":["Outmaneuver","Sucker Punch","Dagger Spray"],"picked":"SKIP","floor":21},{"not_picked":["Flying Knee","Eviscerate","Blade Dance+1"],"picked":"SKIP","floor":22},{"not_picked":["Blade Dance","Setup+1","Crippling Poison"],"picked":"SKIP","floor":23},{"not_picked":["Underhanded Strike","Masterful Stab"],"picked":"Blade Dance+1","floor":25},{"not_picked":["Quick Slash+1","Bullet Time"],"picked":"Skewer","floor":27},{"not_picked":["Deadly Poison","Quick Slash","Bane"],"picked":"SKIP","floor":28},{"not_picked":["Bane+1","Infinite Blades"],"picked":"Cloak And Dagger","floor":30},{"not_picked":["Flying Knee","PiercingWail"],"picked":"Escape Plan","floor":31},{"not_picked":["Storm of Steel","Bullet Time"],"picked":"Burst","floor":33},{"not_picked":["Deadly Poison","Outmaneuver+1"],"picked":"Backstab","floor":35},{"not_picked":["Blade Dance","Outmaneuver+1"],"picked":"Acrobatics+1","floor":38},{"not_picked":["Acrobatics","Choke","Deflect+1"],"picked":"SKIP","floor":40},{"not_picked":["Metamorphosis","Trip"],"picked":"Panache","floor":41},{"not_picked":["Quick Slash","Acrobatics","Deflect"],"picked":"SKIP","floor":42},{"not_picked":["Flying Knee+1","Backflip"],"picked":"Adrenaline","floor":44},{"not_picked":["Quick Slash+1","Dagger Spray+1"],"picked":"Blade Dance","floor":47},{"not_picked":["Skewer+1","Dagger Throw+1","Deflect"],"picked":"SKIP","floor":48}],"player_experience":233927,"relics_obtained":[{"floor":7,"key":"Turnip"},{"floor":9,"key":"Omamori"},{"floor":10,"key":"Happy Flower"},{"floor":23,"key":"Shovel"},{"floor":25,"key":"Boot"},{"floor":26,"key":"MawBank"},{"floor":28,"key":"Bag of Preparation"},{"floor":30,"key":"Red Mask"},{"floor":40,"key":"Juzu Bracelet"},{"floor":43,"key":"Molten Egg 2"},{"floor":44,"key":"Oddly Smooth Stone"},{"floor":47,"key":"Ancient Tea Set"}],"event_choices":[{"cards_removed":["Defend_G"],"damage_healed":0,"gold_gain":0,"player_choice":"Card Removal","damage_taken":7,"max_hp_gain":0,"max_hp_loss":0,"event_name":"Golden Wing","floor":3,"gold_loss":0},{"damage_healed":0,"gold_gain":0,"player_choice":"Leave","damage_taken":0,"max_hp_gain":0,"max_hp_loss":0,"event_name":"The Cleric","floor":4,"gold_loss":0},{"cards_removed":["Strike_G"],"damage_healed":0,"gold_gain":0,"player_choice":"Offered Basic","damage_taken":0,"max_hp_gain":0,"max_hp_loss":0,"event_name":"Bonfire Elementals","floor":5,"gold_loss":0},{"damage_healed":0,"gold_gain":0,"player_choice":"Success","damage_taken":12,"relics_obtained":["Pen Nib"],"max_hp_gain":0,"max_hp_loss":0,"event_name":"Scrap Ooze","floor":13,"gold_loss":0},{"damage_healed":0,"gold_gain":0,"player_choice":"Ignored","damage_taken":0,"max_hp_gain":0,"max_hp_loss":0,"event_name":"Ghosts","floor":20,"gold_loss":0},{"damage_healed":0,"gold_gain":0,"player_choice":"Fought Bandits","damage_taken":0,"max_hp_gain":0,"max_hp_loss":0,"event_name":"Masked Bandits","floor":30,"gold_loss":0},{"damage_healed":0,"gold_gain":0,"player_choice":"Trade","damage_taken":0,"relics_obtained":["CultistMask"],"max_hp_gain":0,"max_hp_loss":0,"event_name":"FaceTrader","floor":36,"gold_loss":0},{"damage_healed":0,"gold_gain":0,"player_choice":"Memory 1","damage_taken":0,"max_hp_gain":0,"max_hp_loss":0,"event_name":"SensoryStone","floor":41,"gold_loss":0}],"is_beta":false,"boss_relics":[{"not_picked":["Busted Crown","Snecko Eye"],"picked":"Sozu"},{"not_picked":["Tiny House","Black Star"],"picked":"Ring of the Serpent"}],"items_purged_floors":[19,37],"is_endless":false,"potions_floor_spawned":[7,12,14,16,22,25,28,31,38,40,48],"killed_by":"Time Eater","ascension_level":12}