{"gold_per_floor":[119,129,129,129,129,129,143,93,148,187,200,200,275,295,295,416,416,441,441,457,470,495,495,495,495,522,522,522,71,71,105,105,230,230,244,117,1116,1116,1116,1116,725,725,725,725,739,770,793,449,449,449],"floor_reached":51,"playtime":2217,"items_purged":["Rebound","Strike_B+1","Normality","Strike_B+1"],"score":1002,"play_id":"09aaea99-9de0-44a5-bc1b-d9185581a848","local_time":"20181213025136","is_ascension_mode":true,"campfire_choices":[{"data":"Dualcast","floor":6.0,"key":"SMITH"},{"floor":12.0,"key":"REST"},{"data":"Conserve Battery","floor":15.0,"key":"SMITH"},{"data":"Reboot","floor":23.0,"key":"SMITH"},{"floor":25.0,"key":"REST"},{"data":"Blind","floor":28.0,"key":"SMITH"},{"data":"Hologram","floor":30.0,"key":"SMITH"},{"floor":32.0,"key":"REST"},{"data":"Seek","floor":40,"key":"SMITH"},{"data":"Defragment","floor":42,"key":"SMITH"},{"data":"Capacitor","floor":44,"key":"SMITH"},{"data":"Amplify","floor":49,"key":"SMITH"}],"neow_cost":"NONE","seed_source_timestamp":0,"circlet_count":0,"master_deck":["Defend_B+1","Defend_B+1","Defend_B+1","Defend_B+1","Zap+1","Ball Lightning","Leap","Cold Snap","Thunder Strike","Conserve Battery+1","Reboot+1","Fusion+1","Compile Driver","Cold Snap+1","Defragment+1","White Noise","Blind+1","Reboot+1","Hologram+1","Ball Lightning+1","Seek+1","Coolheaded+1","Capacitor+1","Amplify+1","Trip"],"special_seed":0,"relics":["Cracked Core","Bag of Preparation","Golden Idol","Smiling Mask","Omamori","Sozu","WarpedTongs","Oddly Smooth Stone","Bronze Scales","DollysMirror","Vajra","Lizard Tail","Toolbox","Kunai","Dream Catcher","Lee\u0027s Waffle"],"potions_floor_usage":[47,50,50],"damage_taken":[{"damage":6.0,"enemies":"Jaw Worm","floor":1.0,"turns":4.0},{"damage":0.0,"enemies":"2 Louse","floor":2.0,"turns":2.0},{"damage":0.0,"enemies":"Small Slimes","floor":7.0,"turns":2.0},{"damage":17.0,"enemies":"Lagavulin","floor":10.0,"turns":5.0},{"damage":2.0,"enemies":"2 Fungi Beasts","floor":11.0,"turns":3.0},{"damage":1.0,"enemies":"Blue Slaver","floor":14.0,"turns":3.0},{"damage":25.0,"enemies":"The Guardian","floor":16.0,"turns":10.0},{"damage":4.0,"enemies":"Spheric Guardian","floor":18.0,"turns":5.0},{"damage":12.0,"enemies":"Shell Parasite","floor":20.0,"turns":5.0},{"damage":4.0,"enemies":"Centurion and Healer","floor":21.0,"turns":5.0},{"damage":5.0,"enemies":"Snake Plant","floor":22.0,"turns":4.0},{"damage":6.0,"enemies":"Book of Stabbing","floor":31.0,"turns":5.0},{"damage":25,"enemies":"Champ","floor":33,"turns":8},{"damage":6,"enemies":"3 Shapes","floor":35,"turns":4},{"damage":0,"enemies":"3 Darklings","floor":45,"turns":4},{"damage":16,"enemies":"Nemesis","floor":46,"turns":7},{"damage":0,"enemies":"Spire Growth","floor":47,"turns":5},{"damage":124,"enemies":"Time Eater","floor":50,"turns":11}],"seed_played":"-8738515625787974058","potions_obtained":[{"floor":2.0,"key":"SteroidPotion"},{"floor":7.0,"key":"Energy Potion"},{"floor":11.0,"key":"SteroidPotion"}],"is_trial":false,"path_per_floor":["M","M","?","?","?","R","M","?","T","E","M","R","?","M","R","B",null,"M","?","M","M","M","R","?","R","T","?","R","$","R","E","R","B",null,"M","$","?","?","?","R","$","R","T","R","M","E","M","$","R","B",null],"character_chosen":"DEFECT","items_purchased":["Bronze Scales","DollysMirror","Hologram","Capacitor","Toolbox","Amplify","Lee\u0027s Waffle","Trip"],"campfire_rested":3,"item_purchase_floors":[29,29,29,36,41,41,48,48],"current_hp_per_floor":[62,62,55,55,55,55,55,55,55,38,36,56,45,44,44,19,57,53,53,41,37,32,32,32,52,52,52,52,52,52,46,66,41,62,56,56,56,56,56,56,56,56,56,56,56,40,40,76,76,2],"gold":449,"neow_bonus":"RANDOM_COMMON_RELIC","is_prod":false,"is_daily":false,"chose_seed":false,"campfire_upgraded":9,"win_rate":0,"timestamp":1544687496,"path_taken":["M","M","?","?","?","R","?","?","T","E","M","R","?","M","R","BOSS","M","?","M","?","M","R","?","R","T","?","R","$","R","E","R","BOSS","M","$","?","?","?","R","$","R","T","R","M","E","M","$","R","BOSS"],"build_version":"2018-12-06","purchased_purges":4,"victory":true,"max_hp_per_floor":[75,75,75,69,69,69,69,69,69,69,69,69,69,69,69,69,69,69,69,69,69,69,69,69,69,69,69,69,69,69,69,69,69,69,69,69,69,69,69,69,69,69,69,69,69,69,69,76,76,76],"card_choices":[{"not_picked":["Go for the Eyes","Force Field"],"picked":"Ball Lightning","floor":1.0},{"not_picked":["Turbo","Streamline"],"picked":"Leap","floor":2.0},{"not_picked":["Coolheaded","Sunder"],"picked":"Rebound","floor":7.0},{"not_picked":["Fusion","Skim"],"picked":"Cold Snap","floor":10.0},{"not_picked":["Stack","Ball Lightning"],"picked":"Thunder Strike","floor":11.0},{"not_picked":["Steam","Go for the Eyes"],"picked":"Conserve Battery","floor":14.0},{"not_picked":["Buffer","Amplify"],"picked":"Reboot","floor":16.0},{"not_picked":["Gash","Heatsinks+1"],"picked":"Fusion+1","floor":18.0},{"not_picked":["Stack","Go for the Eyes+1"],"picked":"Compile Driver","floor":20.0},{"not_picked":["Hello World","Blizzard+1"],"picked":"Cold Snap+1","floor":21.0},{"not_picked":["Leap","Blizzard+1"],"picked":"Defragment","floor":22.0},{"not_picked":["Stack","Gash"],"picked":"Ball Lightning+1","floor":31.0},{"not_picked":["All For One","Electrodynamics"],"picked":"Seek","floor":33},{"not_picked":["Undo","White Noise+1"],"picked":"Coolheaded+1","floor":35},{"not_picked":["Conserve Battery+1","Turbo+1","Beam Cell"],"picked":"SKIP","floor":45},{"not_picked":["Force Field","Steam Power","FTL+1"],"picked":"SKIP","floor":46},{"not_picked":["Tempest","Rebound","Compile Driver"],"picked":"SKIP","floor":47}],"player_experience":384093,"relics_obtained":[{"floor":9.0,"key":"Smiling Mask"},{"floor":10.0,"key":"Omamori"},{"floor":26.0,"key":"Oddly Smooth Stone"},{"floor":31.0,"key":"Vajra"},{"floor":43,"key":"Kunai"},{"floor":46,"key":"Dream Catcher"}],"event_choices":[{"cards_removed":["Strike_B"],"damage_healed":0.0,"max_hp_gain":0.0,"max_hp_loss":0.0,"gold_gain":0.0,"event_name":"Golden Wing","player_choice":"Card Removal","floor":3.0,"gold_loss":0.0,"damage_taken":7.0},{"damage_healed":0.0,"max_hp_gain":0.0,"max_hp_loss":6.0,"gold_gain":0.0,"event_name":"Golden Idol","player_choice":"Lose Max HP","floor":4.0,"gold_loss":0.0,"damage_taken":0.0,"relics_obtained":["Golden Idol"]},{"damage_healed":0.0,"max_hp_gain":0.0,"max_hp_loss":0.0,"gold_gain":0.0,"event_name":"Living Wall","player_choice":"Grow","floor":5.0,"gold_loss":0.0,"damage_taken":0.0,"cards_upgraded":["Zap"]},{"cards_removed":["Strike_B"],"damage_healed":0.0,"max_hp_gain":0.0,"max_hp_loss":0.0,"gold_gain":0.0,"event_name":"The Cleric","player_choice":"Card Removal","floor":8.0,"gold_loss":50.0,"damage_taken":0.0},{"damage_healed":0.0,"max_hp_gain":0.0,"max_hp_loss":0.0,"gold_gain":75.0,"event_name":"World of Goop","player_choice":"Gather Gold","floor":13.0,"gold_loss":0.0,"damage_taken":11.0},{"damage_healed":0.0,"max_hp_gain":0.0,"max_hp_loss":0.0,"gold_gain":0.0,"event_name":"Accursed Blacksmith","player_choice":"Rummage","floor":19.0,"gold_loss":0.0,"damage_taken":0.0,"relics_obtained":["WarpedTongs"],"cards_obtained":["Pain"]},{"damage_healed":0.0,"max_hp_gain":0.0,"max_hp_loss":0.0,"gold_gain":0.0,"event_name":"Back to Basics","player_choice":"Simplicity","floor":24.0,"gold_loss":0.0,"damage_taken":0.0,"cards_upgraded":["Strike_B","Strike_B","Defend_B","Defend_B","Defend_B","Defend_B"]},{"damage_healed":0.0,"max_hp_gain":0.0,"max_hp_loss":0.0,"gold_gain":0.0,"event_name":"Match and Keep!","player_choice":"2 cards matched","floor":27.0,"gold_loss":0.0,"damage_taken":0.0,"cards_obtained":["White Noise","Blind"]},{"damage_healed":0,"gold_gain":999,"player_choice":"Gold","damage_taken":0,"max_hp_gain":0,"max_hp_loss":0,"event_name":"MindBloom","floor":37,"gold_loss":0,"cards_obtained":["Normality","Normality"]},{"cards_removed":["Dualcast"],"damage_healed":0,"gold_gain":0,"player_choice":"Removed Skill","damage_taken":0,"max_hp_gain":0,"max_hp_loss":0,"event_name":"Falling","floor":38,"gold_loss":0},{"damage_healed":0,"gold_gain":0,"player_choice":"Ignored","damage_taken":0,"max_hp_gain":0,"max_hp_loss":0,"event_name":"Tomb of Lord Red Mask","floor":39,"gold_loss":0}],"is_beta":false,"boss_relics":[{"not_picked":["Pandora\u0027s Box","Ectoplasm"],"picked":"Sozu"},{"not_picked":["Velvet Choker","Empty Cage"],"picked":"Lizard Tail"}],"items_purged_floors":[29,36,41,48],"is_endless":false,"potions_floor_spawned":[2,7,11,20,22,33,47],"ascension_level":9}