{"gold_per_floor":[111,125,125,125,138,138,174,174,224,248,248,323,323],"floor_reached":13,"playtime":685,"items_purged":[],"score":83,"play_id":"b4f641ca-3e3d-4701-84f6-f5f39659c08e","local_time":"20190210013710","is_ascension_mode":false,"campfire_choices":[{"data":"Feel No Pain","floor":6,"key":"SMITH"},{"data":"Second Wind","floor":8,"key":"SMITH"},{"data":"Dual Wield","floor":11,"key":"SMITH"}],"neow_cost":"NONE","seed_source_timestamp":157469456896491,"circlet_count":0,"master_deck":["Strike_R","Strike_R","Strike_R","Strike_R","Strike_R","Defend_R","Defend_R","Defend_R","Defend_R","Bash","Feel No Pain+1","Shrug It Off","Headbutt","Second Wind+1","Dual Wield+1","Blood for Blood"],"relics":["Burning Blood","NeowsBlessing","Golden Idol","Red Skull","Orichalcum","Regal Pillow"],"potions_floor_usage":[],"damage_taken":[{"damage":0,"enemies":"Cultist","floor":1,"turns":1},{"damage":0,"enemies":"2 Louse","floor":2,"turns":1},{"damage":0,"enemies":"Jaw Worm","floor":5,"turns":1},{"damage":32,"enemies":"Gremlin Nob","floor":7,"turns":5},{"damage":3,"enemies":"3 Louse","floor":10,"turns":4},{"damage":41,"enemies":"Lagavulin Event","floor":12,"turns":8},{"damage":13,"enemies":"Lagavulin","floor":13,"turns":3}],"seed_played":"-395771693832370609","potions_obtained":[{"floor":5,"key":"BloodPotion"},{"floor":10,"key":"Ancient Potion"},{"floor":12,"key":"SmokeBomb"}],"is_trial":false,"path_per_floor":["M","M","?","$","M","R","E","R","T","M","R","?","E"],"character_chosen":"IRONCLAD","items_purchased":[],"campfire_rested":0,"item_purchase_floors":[],"current_hp_per_floor":[80,80,60,60,66,66,40,40,40,43,43,8,0],"gold":323,"neow_bonus":"THREE_ENEMY_KILL","is_prod":false,"is_daily":false,"chose_seed":false,"campfire_upgraded":3,"win_rate":0.0,"timestamp":1549759030,"path_taken":["M","M","?","$","M","R","E","R","T","M","R","?","E"],"build_version":"2019-01-23","purchased_purges":0,"victory":false,"max_hp_per_floor":[80,80,80,80,80,80,80,80,80,80,80,80,80],"card_choices":[{"not_picked":["Clash","Clothesline"],"picked":"Feel No Pain","floor":1},{"not_picked":["Pommel Strike","Clash"],"picked":"Shrug It Off","floor":2},{"not_picked":["Havoc","Pommel Strike"],"picked":"Headbutt","floor":5},{"not_picked":["Havoc","Thunderclap"],"picked":"Second Wind","floor":7},{"not_picked":["Twin Strike","Clothesline"],"picked":"Dual Wield","floor":10},{"not_picked":["Seeing Red","Warcry"],"picked":"Blood for Blood","floor":12}],"player_experience":114389,"relics_obtained":[{"floor":7,"key":"Red Skull"},{"floor":9,"key":"Orichalcum"},{"floor":12,"key":"Regal Pillow"}],"event_choices":[{"damage_healed":0,"gold_gain":0,"player_choice":"Take Damage","damage_taken":20,"relics_obtained":["Golden Idol"],"max_hp_gain":0,"max_hp_loss":0,"event_name":"Golden Idol","floor":3,"gold_loss":0},{"damage_healed":0,"gold_gain":0,"player_choice":"Searched \u00271\u0027 times","damage_taken":0,"max_hp_gain":0,"max_hp_loss":0,"event_name":"Dead Adventurer","floor":12,"gold_loss":0}],"is_beta":false,"boss_relics":[],"items_purged_floors":[],"is_endless":false,"potions_floor_spawned":[5,10,12],"killed_by":"Lagavulin","ascension_level":0}