{"gold_per_floor":[115,129,129,142,142,176,251,251,251,264,281,281,281,305,305,400,400,410,410,460,470,482,508,523,523,594,594,0,0,34,34,34,138,138,150,50,69,69,69,97,97,197,220,220,231,38,65,65,65,65],"floor_reached":51,"playtime":5965,"items_purged":["Strike_G","Defend_G"],"score":939,"play_id":"3daca5c8-411e-4074-9eed-f2da10313146","local_time":"20190207215648","is_ascension_mode":false,"campfire_choices":[{"floor":8,"key":"REST"},{"floor":13,"key":"REST"},{"floor":15,"key":"REST"},{"data":"Adrenaline","floor":25,"key":"SMITH"},{"floor":27,"key":"REST"},{"data":"Adrenaline","floor":32,"key":"SMITH"},{"floor":44,"key":"REST"},{"data":"Corpse Explosion","floor":49,"key":"SMITH"}],"neow_cost":"NONE","seed_source_timestamp":25947717131643,"circlet_count":0,"master_deck":["Defend_G","Defend_G+1","Defend_G","Defend_G","Strike_G","Strike_G","Strike_G","Strike_G","Survivor","Neutralize","Reflex+1","After Image+1","Underhanded Strike","Backstab","Burst","Blade Dance","Adrenaline+1","Escape Plan+1","Backflip","Backstab+1","Finisher","Backflip","Apotheosis","Adrenaline+1","A Thousand Cuts","Quick Slash+1","Acrobatics","Madness","Madness","Eviscerate+1","Prepared+1","Backstab+1","Panache","Corpse Explosion+1"],"relics":["Ring of the Snake","FossilizedHelix","Shuriken","Letter Opener","War Paint","Sozu","Mummified Hand","Molten Egg 2","Ninja Scroll","Ice Cream","Oddly Smooth Stone","WristBlade","Strawberry","Unceasing Top","Pen Nib","Ginger"],"potions_floor_usage":[18],"damage_taken":[{"damage":0,"enemies":"Small Slimes","floor":1,"turns":3},{"damage":1,"enemies":"Jaw Worm","floor":2,"turns":8},{"damage":0,"enemies":"Cultist","floor":4,"turns":5},{"damage":60,"enemies":"Lagavulin","floor":6,"turns":15},{"damage":0,"enemies":"Exordium Wildlife","floor":10,"turns":3},{"damage":0,"enemies":"Red Slaver","floor":11,"turns":4},{"damage":70,"enemies":"Slime Boss","floor":16,"turns":19},{"damage":0,"enemies":"3 Byrds","floor":18,"turns":5},{"damage":0,"enemies":"2 Thieves","floor":21,"turns":5},{"damage":0,"enemies":"3 Cultists","floor":22,"turns":6},{"damage":5,"enemies":"Slavers","floor":23,"turns":7},{"damage":27,"enemies":"Sentry and Sphere","floor":24,"turns":6},{"damage":0,"enemies":"Book of Stabbing","floor":30,"turns":3},{"damage":0,"enemies":"Collector","floor":33,"turns":7},{"damage":0,"enemies":"3 Darklings","floor":35,"turns":2},{"damage":0,"enemies":"Orb Walker","floor":37,"turns":1},{"damage":0,"enemies":"Nemesis","floor":40,"turns":4},{"damage":21,"enemies":"Mind Bloom Boss Battle","floor":42,"turns":5},{"damage":0,"enemies":"3 Darklings","floor":45,"turns":1},{"damage":0,"enemies":"Reptomancer","floor":47,"turns":2},{"damage":0,"enemies":"Awakened One","floor":50,"turns":7}],"seed_played":"6685978580352872409","potions_obtained":[{"floor":2,"key":"SkillPotion"},{"floor":4,"key":"Fruit Juice"},{"floor":6,"key":"LiquidBronze"},{"floor":11,"key":"Regen Potion"}],"is_trial":false,"path_per_floor":["M","M","?","M","?","E","?","R","T","M","M","T","R","T","R","B",null,"M","$","?","M","M","E","M","R","T","R","$","T","E","?","R","B",null,"M","$","M","$","?","E","?","?","T","R","M","$","E","$","R","B",null],"character_chosen":"THE_SILENT","items_purchased":["Apotheosis","Infinite Blades","Ninja Scroll","Panache"],"campfire_rested":5,"item_purchase_floors":[28,28,28,46],"current_hp_per_floor":[77,76,76,76,76,16,5,28,28,28,28,28,51,51,74,4,77,82,82,82,82,82,77,50,50,50,74,74,74,74,74,74,74,82,82,82,82,82,72,79,79,58,58,84,84,84,84,84,84,84],"gold":65,"neow_bonus":"TEN_PERCENT_HP_BONUS","is_prod":false,"is_daily":false,"chose_seed":false,"campfire_upgraded":3,"win_rate":0.0,"timestamp":1549573008,"path_taken":["M","M","?","M","?","E","?","R","T","?","M","?","R","?","R","BOSS","M","?","?","M","?","E","M","R","T","R","$","?","E","?","R","BOSS","M","$","M","$","?","E","?","?","T","R","?","$","E","?","R","BOSS"],"build_version":"2019-01-23","purchased_purges":2,"victory":true,"max_hp_per_floor":[77,77,77,77,77,77,77,77,77,77,77,77,77,77,77,77,77,82,82,82,82,82,82,82,82,82,82,82,82,82,82,82,82,82,82,82,82,82,82,89,89,89,89,89,89,89,89,89,89,89],"card_choices":[{"not_picked":["Dagger Throw","Prepared"],"picked":"Reflex","floor":1},{"not_picked":["Slice","Flying Knee"],"picked":"After Image","floor":2},{"not_picked":["Dash","Dodge and Roll"],"picked":"Underhanded Strike","floor":4},{"not_picked":["Leg Sweep","Bane"],"picked":"Backstab","floor":6},{"not_picked":["Heel Hook","Slice"],"picked":"Burst","floor":10},{"not_picked":["Quick Slash","Flying Knee"],"picked":"Blade Dance","floor":11},{"not_picked":["Die Die Die","After Image"],"picked":"Adrenaline","floor":16},{"not_picked":["Bane","Distraction"],"picked":"Escape Plan+1","floor":18},{"not_picked":["Slice+1","Quick Slash"],"picked":"Backflip","floor":21},{"not_picked":["PiercingWail","Masterful Stab"],"picked":"Backstab+1","floor":22},{"not_picked":["Poisoned Stab","Acrobatics+1"],"picked":"Finisher","floor":23},{"not_picked":["Sucker Punch+1","PiercingWail"],"picked":"Backflip","floor":24},{"not_picked":["Dodge and Roll","Blur"],"picked":"Adrenaline","floor":30},{"not_picked":["Envenom","Unload+1"],"picked":"A Thousand Cuts","floor":33},{"not_picked":["Deadly Poison+1","Dodge and Roll"],"picked":"Quick Slash+1","floor":35},{"not_picked":["Deflect+1","Outmaneuver"],"picked":"Acrobatics","floor":37},{"not_picked":["Sucker Punch+1","Backstab+1"],"picked":"Eviscerate+1","floor":40},{"not_picked":["Dodge and Roll","Masterful Stab+1"],"picked":"Prepared+1","floor":42},{"not_picked":["Prepared","Flying Knee+1"],"picked":"Backstab+1","floor":45},{"not_picked":["Sucker Punch+1","Dagger Spray+1"],"picked":"Corpse Explosion","floor":47}],"player_experience":21915,"relics_obtained":[{"floor":6,"key":"FossilizedHelix"},{"floor":9,"key":"Shuriken"},{"floor":12,"key":"Letter Opener"},{"floor":14,"key":"War Paint"},{"floor":23,"key":"Mummified Hand"},{"floor":26,"key":"Molten Egg 2"},{"floor":29,"key":"Ice Cream"},{"floor":30,"key":"Oddly Smooth Stone"},{"floor":40,"key":"Strawberry"},{"floor":42,"key":"Unceasing Top"},{"floor":43,"key":"Pen Nib"},{"floor":47,"key":"Ginger"}],"event_choices":[{"damage_healed":0,"gold_gain":0,"player_choice":"Ignored","damage_taken":0,"max_hp_gain":0,"max_hp_loss":0,"event_name":"Liars Game","floor":3,"gold_loss":0},{"damage_healed":0,"gold_gain":0,"player_choice":"Grow","damage_taken":0,"max_hp_gain":0,"max_hp_loss":0,"event_name":"Living Wall","floor":5,"gold_loss":0,"cards_upgraded":["After Image"]},{"damage_healed":0,"gold_gain":75,"player_choice":"Gather Gold","damage_taken":11,"max_hp_gain":0,"max_hp_loss":0,"event_name":"World of Goop","floor":7,"gold_loss":0},{"damage_healed":0,"gold_gain":100,"player_choice":"Bet on Murderer","damage_taken":0,"max_hp_gain":0,"max_hp_loss":0,"event_name":"The Joust","floor":20,"gold_loss":50},{"damage_healed":0,"gold_gain":0,"player_choice":"Ignored","damage_taken":0,"max_hp_gain":0,"max_hp_loss":0,"event_name":"The Mausoleum","floor":31,"gold_loss":0},{"damage_healed":0,"gold_gain":0,"player_choice":"Embrace Madness","damage_taken":10,"max_hp_gain":0,"max_hp_loss":0,"event_name":"Winding Halls","floor":39,"gold_loss":0,"cards_obtained":["Madness","Madness"]},{"cards_removed":["Infinite Blades"],"damage_healed":0,"gold_gain":0,"player_choice":"Removed Power","damage_taken":0,"max_hp_gain":0,"max_hp_loss":0,"event_name":"Falling","floor":41,"gold_loss":0},{"damage_healed":0,"gold_gain":0,"player_choice":"Fight","damage_taken":0,"max_hp_gain":0,"max_hp_loss":0,"event_name":"MindBloom","floor":42,"gold_loss":0}],"is_beta":false,"boss_relics":[{"not_picked":["Snecko Eye","Cursed Key"],"picked":"Sozu"},{"not_picked":["Philosopher\u0027s Stone","Lizard Tail"],"picked":"WristBlade"}],"items_purged_floors":[28,36],"is_endless":false,"potions_floor_spawned":[2,4,6,11,18,21,42,45],"ascension_level":0}