{"gold_per_floor":[111,111,10,85,98,129,148,148,148,148,165,183,197,79,79,79],"floor_reached":16,"playtime":2031,"items_purged":["Strike_G"],"score":107,"play_id":"f3299527-ae03-4195-91de-38b3f6f82719","local_time":"20190202143659","is_ascension_mode":true,"campfire_choices":[{"floor":8,"key":"RECALL"},{"floor":10,"key":"REST"},{"floor":15,"key":"REST"}],"neow_cost":"NONE","seed_source_timestamp":1282939382822963,"circlet_count":0,"master_deck":["Defend_G","Defend_G","Defend_G","Defend_G","Defend_G","Strike_G","Strike_G","Strike_G","Survivor","Neutralize","Replay:Sssssssssshield","Blade Dance","Hidden Blade","Accuracy","Finisher","Outmaneuver","Outmaneuver","Toxin Wave","Burst","PiercingWail","PiercingWail","Finisher"],"relics":["Ring of the Snake","Pet Ghost"],"potions_floor_usage":[6,16,16],"damage_taken":[{"damage":1,"enemies":"2 Louse","floor":1,"turns":3},{"damage":8,"enemies":"conspire:RoseBush","floor":5,"turns":3},{"damage":26,"enemies":"Lagavulin","floor":6,"turns":12},{"damage":2,"enemies":"Jaw Worm","floor":7,"turns":2},{"damage":0,"enemies":"Blue Slaver","floor":11,"turns":4},{"damage":5,"enemies":"Exordium Wildlife","floor":12,"turns":8},{"damage":1,"enemies":"2 Fungi Beasts","floor":13,"turns":4},{"damage":64,"enemies":"Slime Boss","floor":16,"turns":11}],"seed_played":"-120167790556227603","potions_obtained":[{"floor":5,"key":"PowerPotion"},{"floor":6,"key":"Energy Potion"},{"floor":7,"key":"AttackPotion"}],"is_trial":false,"path_per_floor":["M","?","$","?","M","E","M","R","T","R","M","M","M","$","R","B"],"character_chosen":"THE_SILENT","items_purchased":["Hidden Blade","PiercingWail","Finisher"],"campfire_rested":2,"item_purchase_floors":[3,14,14],"current_hp_per_floor":[69,62,62,51,43,17,15,15,15,36,36,31,30,30,51,0],"gold":79,"neow_bonus":"RANDOM_COLORLESS","is_prod":false,"is_daily":false,"chose_seed":false,"campfire_upgraded":0,"win_rate":0,"timestamp":1549114619,"path_taken":["M","?","$","?","M","E","M","R","T","R","M","M","M","$","R","BOSS"],"build_version":"2019-01-23","purchased_purges":1,"victory":false,"max_hp_per_floor":[70,70,70,70,70,70,70,70,70,70,70,70,70,70,70,70],"card_choices":[{"not_picked":["Noxious Fumes","Skewer"],"picked":"Blade Dance","floor":1},{"not_picked":["Backflip","Backstab"],"picked":"Accuracy","floor":5},{"not_picked":["Deadly Poison","Hidden Blade"],"picked":"Finisher","floor":6},{"not_picked":["Masterful Stab","Catalyst"],"picked":"Outmaneuver","floor":7},{"not_picked":["Poisoned Stab","Sucker Punch"],"picked":"Outmaneuver","floor":11},{"not_picked":["Crippling Poison","Bane"],"picked":"Toxin Wave","floor":12},{"not_picked":["Hidden Blade","Eviscerate"],"picked":"Burst","floor":13}],"player_experience":84988,"relics_obtained":[{"floor":6,"key":"Pet Ghost"}],"event_choices":[{"cards_removed":["Strike_G"],"damage_healed":0,"gold_gain":0,"player_choice":"Card Removal","damage_taken":7,"max_hp_gain":0,"max_hp_loss":0,"event_name":"Golden Wing","floor":2,"gold_loss":0},{"damage_healed":0,"gold_gain":75,"player_choice":"Gather Gold","damage_taken":11,"max_hp_gain":0,"max_hp_loss":0,"event_name":"World of Goop","floor":4,"gold_loss":0}],"is_beta":false,"boss_relics":[],"items_purged_floors":[3],"is_endless":false,"potions_floor_spawned":[5,6,7],"killed_by":"Slime Boss","ascension_level":1}