{"gold_per_floor":[111,36,36,52,52,52,62,62,62,62,75,95,127,144,144,247,297,309,309,328,340,340,340],"floor_reached":23,"playtime":1024,"items_purged":["Strike_B"],"score":193,"play_id":"964c03ec-3fe0-455b-98a8-93f1a1554886","local_time":"20181102193333","is_ascension_mode":false,"campfire_choices":[{"data":"Chaos","floor":6,"key":"SMITH"},{"data":"Dualcast","floor":8,"key":"SMITH"},{"floor":10,"key":"RECALL"},{"floor":15,"key":"REST"}],"neow_cost":"NONE","seed_source_timestamp":264117641575474,"circlet_count":0,"master_deck":["Strike_B","Strike_B","Strike_B","Defend_B","Defend_B","Zap","Dualcast+1","Chaos+1","Compile Driver","Electrodynamics","Sunder+1","Fission"],"relics":["Cracked Core","Matryoshka","Juzu Bracelet","Tiny House","NlothsMask"],"potions_floor_usage":[13,13,16,18,23],"damage_taken":[{"damage":5,"enemies":"Small Slimes","floor":1,"turns":3},{"damage":6,"enemies":"Cultist","floor":4,"turns":3},{"damage":4,"enemies":"Jaw Worm","floor":7,"turns":2},{"damage":12,"enemies":"Gremlin Gang","floor":11,"turns":3},{"damage":5,"enemies":"3 Louse","floor":12,"turns":3},{"damage":29,"enemies":"Lagavulin","floor":13,"turns":4},{"damage":5,"enemies":"Lots of Slimes","floor":14,"turns":3},{"damage":22,"enemies":"The Guardian","floor":16,"turns":10},{"damage":34,"enemies":"Shell Parasite","floor":18,"turns":4},{"damage":5,"enemies":"Chosen","floor":20,"turns":4},{"damage":10,"enemies":"Sentry and Sphere","floor":21,"turns":3},{"damage":36,"enemies":"Gremlin Leader","floor":23,"turns":7}],"seed_played":"-4326722380841068951","potions_obtained":[{"floor":4,"key":"FearPotion"},{"floor":12,"key":"PowerPotion"},{"floor":14,"key":"Swift Potion"},{"floor":17,"key":"Fruit Juice"},{"floor":20,"key":"Weak Potion"}],"is_trial":false,"path_per_floor":["M","$","?","M","$","R","M","R","T","R","M","M","E","M","R","B",null,"M","?","M","M","?","E"],"character_chosen":"DEFECT","items_purchased":[],"campfire_rested":1,"item_purchase_floors":[],"current_hp_per_floor":[70,70,70,64,64,64,60,60,60,60,48,43,14,9,31,9,80,51,51,46,36,36,0],"gold":340,"neow_bonus":"REMOVE_CARD","is_prod":false,"is_daily":false,"chose_seed":false,"campfire_upgraded":2,"win_rate":0,"timestamp":1541201613,"path_taken":["M","$","?","M","$","R","M","R","T","R","?","M","E","M","R","BOSS","M","?","M","M","?","E"],"build_version":"2018-11-01v2","purchased_purges":1,"victory":false,"max_hp_per_floor":[75,75,75,75,75,75,75,75,75,75,75,75,75,75,75,75,80,85,85,85,85,85,85],"card_choices":[{"not_picked":["Leap","Sweeping Beam"],"picked":"Chaos","floor":1},{"not_picked":["Gash","Sunder","Ball Lightning"],"picked":"SKIP","floor":4},{"not_picked":["Gash","Turbo","Compile Driver"],"picked":"SKIP","floor":7},{"not_picked":["Gash","Turbo"],"picked":"Compile Driver","floor":7},{"not_picked":["Turbo","Cold Snap"],"picked":"Electrodynamics","floor":11},{"not_picked":["Skim","Compile Driver","Reprogram"],"picked":"SKIP","floor":12},{"not_picked":["Undo","Genetic Algorithm"],"picked":"Sunder","floor":13},{"not_picked":["Compile Driver","Conserve Battery","Gash"],"picked":"SKIP","floor":14},{"not_picked":["Core Surge","Creative AI"],"picked":"Fission","floor":16},{"not_picked":["FTL","Static Discharge+1","Heatsinks"],"picked":"SKIP","floor":18},{"not_picked":["Coolheaded","Blizzard+1","Reprogram"],"picked":"SKIP","floor":20},{"not_picked":["Beam Cell","Conserve Battery","Glacier"],"picked":"SKIP","floor":21}],"player_experience":543098,"relics_obtained":[{"floor":9,"key":"Matryoshka"},{"floor":13,"key":"Juzu Bracelet"}],"event_choices":[{"cards_removed":["Defend_B"],"damage_healed":0,"gold_gain":0,"player_choice":"Purged","damage_taken":0,"max_hp_gain":0,"max_hp_loss":0,"event_name":"Purifier","floor":3,"gold_loss":0},{"damage_healed":0,"gold_gain":0,"player_choice":"Ignored","damage_taken":0,"max_hp_gain":0,"max_hp_loss":0,"event_name":"Vampires","floor":19,"gold_loss":0},{"damage_healed":0,"gold_gain":0,"player_choice":"Trade","damage_taken":0,"relics_obtained":["NlothsMask"],"max_hp_gain":0,"max_hp_loss":0,"event_name":"FaceTrader","floor":22,"gold_loss":0}],"is_beta":true,"boss_relics":[{"not_picked":["Cursed Key","Pandora\u0027s Box"],"picked":"Tiny House"}],"items_purged_floors":[2],"is_endless":false,"potions_floor_spawned":[4,12,14,20],"killed_by":"Gremlin Leader","ascension_level":0}