{"gold_per_floor":[111,1,1,18,18,45,45,78,78,78],"floor_reached":10,"playtime":584,"items_purged":[],"score":115,"play_id":"99ba7289-fc55-41d7-9a09-c1a58391a97d","local_time":"20190115233146","is_ascension_mode":true,"campfire_choices":[{"floor":7,"key":"REST"}],"neow_cost":"NONE","seed_source_timestamp":564912312487300,"circlet_count":0,"master_deck":["AscendersBane","Defend_G","Defend_G","Defend_G","Defend_G","Defend_G","Strike_G","Strike_G","Strike_G","Strike_G","Survivor","Neutralize","Underhanded Strike","Blur","Footwork","Quick Slash","Quick Slash","Poisoned Stab","Footwork"],"relics":["Black Star","Dodecahedron","Lantern","Snake Skull","Centennial Puzzle","Matryoshka"],"potions_floor_usage":[6,10],"damage_taken":[{"damage":1,"enemies":"2 Louse","floor":1,"turns":3},{"damage":7,"enemies":"Cultist","floor":4,"turns":5},{"damage":33,"enemies":"Gremlin Nob","floor":6,"turns":5},{"damage":17,"enemies":"3 Sentries","floor":8,"turns":12},{"damage":31,"enemies":"Gremlin Nob","floor":10,"turns":6}],"seed_played":"2562480172504561302","potions_obtained":[{"floor":1,"key":"FearPotion"},{"floor":8,"key":"EssenceOfSteel"}],"is_trial":false,"path_per_floor":["M","$","?","M","$","E","R","E","T","E"],"character_chosen":"THE_SILENT","items_purchased":["Blur","Footwork"],"campfire_rested":1,"item_purchase_floors":[2,2],"current_hp_per_floor":[62,62,62,55,55,22,43,26,26,0],"gold":78,"neow_bonus":"BOSS_RELIC","is_prod":false,"is_daily":false,"chose_seed":false,"campfire_upgraded":0,"win_rate":0,"timestamp":1547595106,"path_taken":["M","$","?","M","?","E","R","E","T","E"],"build_version":"2019-01-10","purchased_purges":0,"victory":false,"max_hp_per_floor":[70,70,70,70,70,70,70,70,70,70],"card_choices":[{"not_picked":["Deflect","Setup"],"picked":"Underhanded Strike","floor":1},{"not_picked":["Backflip","Tactician"],"picked":"Quick Slash","floor":4},{"not_picked":["PiercingWail","Terror"],"picked":"Poisoned Stab","floor":6},{"not_picked":["Dagger Throw","Concentrate"],"picked":"Footwork","floor":8}],"player_experience":1184589,"relics_obtained":[{"floor":6,"key":"Dodecahedron"},{"floor":6,"key":"Lantern"},{"floor":8,"key":"Snake Skull"},{"floor":8,"key":"Centennial Puzzle"},{"floor":9,"key":"Matryoshka"}],"event_choices":[{"damage_healed":0,"gold_gain":0,"cards_transformed":["Strike_G"],"player_choice":"Transformed","damage_taken":0,"max_hp_gain":0,"max_hp_loss":0,"event_name":"Transmorgrifier","floor":3,"gold_loss":0,"cards_obtained":["Quick Slash"]}],"is_beta":false,"boss_relics":[],"items_purged_floors":[],"is_endless":false,"potions_floor_spawned":[1,8],"killed_by":"Gremlin Nob","ascension_level":11}