{"gold_per_floor":[364,364,379,2,19,52,52,83,83,83,93,58,72,91,91,189,189,176,176,176,176,176,176,195,223,235,274,286,329,341,364,376,486,498,521,550,581,195,195,228,246,279,329,56,106,156,183,133,133,133],"floor_reached":51,"playtime":3407,"items_purged":["Strike_G","Strike_G","Strike_G","Defend_G"],"score":1241,"play_id":"7bc41ab9-a255-4b7e-babb-08c4a9d2fb08","local_time":"20190115174223","is_ascension_mode":true,"campfire_choices":[{"data":"Footwork","floor":7.0,"key":"SMITH"},{"floor":10.0,"key":"REST"},{"data":"Noxious Fumes","floor":15.0,"key":"SMITH"},{"data":"Shame","floor":23,"key":"PURGE"},{"data":"Noxious Fumes","floor":28,"key":"SMITH"},{"floor":30,"key":"REST"},{"data":"Leg Sweep","floor":32,"key":"SMITH"},{"floor":49,"key":"REST"}],"neow_cost":"CURSE","seed_source_timestamp":143904892871386,"circlet_count":0,"master_deck":["Defend_G","Defend_G","Defend_G+1","Defend_G+1","Survivor","Neutralize","Noxious Fumes+1","Poisoned Stab","Noxious Fumes+1","Leg Sweep+1","Footwork+1","Acrobatics","Dagger Throw","Backflip","Adrenaline","Bane+1","Night Terror","Bullet Time","PiercingWail+1","Dodge and Roll","Blur","Footwork+1","Leg Sweep","Neutralize","Bouncing Flask+1"],"special_seed":0,"relics":["Ring of the Snake","Bronze Scales","Oddly Smooth Stone","Peace Pipe","Paper Crane","Busted Crown","Smiling Mask","MawBank","Dream Catcher","Bag of Preparation","Darkstone Periapt","Fusion Hammer","Juzu Bracelet","OrangePellets","SsserpentHead","Letter Opener","Art of War","War Paint","DollysMirror","Snake Skull"],"potions_floor_usage":[29,33,33,50,50],"damage_taken":[{"damage":1.0,"enemies":"Cultist","floor":1.0,"turns":5.0},{"damage":2.0,"enemies":"2 Louse","floor":3.0,"turns":4.0},{"damage":0.0,"enemies":"Jaw Worm","floor":5.0,"turns":4.0},{"damage":9.0,"enemies":"Lagavulin","floor":6.0,"turns":8.0},{"damage":32.0,"enemies":"Gremlin Nob","floor":8.0,"turns":5.0},{"damage":8.0,"enemies":"3 Louse","floor":11.0,"turns":4.0},{"damage":3.0,"enemies":"Large Slime","floor":13.0,"turns":7.0},{"damage":0.0,"enemies":"Exordium Thugs","floor":14.0,"turns":4.0},{"damage":30.0,"enemies":"The Guardian","floor":16.0,"turns":9.0},{"damage":0.0,"enemies":"2 Thieves","floor":18.0,"turns":4.0},{"damage":13,"enemies":"Colosseum Slavers","floor":22,"turns":6},{"damage":0,"enemies":"3 Byrds","floor":24,"turns":3},{"damage":1,"enemies":"Slavers","floor":25,"turns":5},{"damage":3,"enemies":"Gremlin Leader","floor":27,"turns":7},{"damage":8,"enemies":"Book of Stabbing","floor":29,"turns":5},{"damage":0,"enemies":"3 Cultists","floor":31,"turns":5},{"damage":31,"enemies":"Collector","floor":33,"turns":8},{"damage":8,"enemies":"Orb Walker","floor":35,"turns":4},{"damage":0,"enemies":"3 Shapes","floor":36,"turns":4},{"damage":0,"enemies":"Maw","floor":37,"turns":9},{"damage":0,"enemies":"Nemesis","floor":40,"turns":9},{"damage":0,"enemies":"Jaw Worm Horde","floor":41,"turns":4},{"damage":3,"enemies":"Reptomancer","floor":42,"turns":7},{"damage":0,"enemies":"Nemesis","floor":47,"turns":9},{"damage":0,"enemies":"Time Eater","floor":50,"turns":11}],"seed_played":"-2706565348094224801","potions_obtained":[{"floor":3.0,"key":"LiquidBronze"},{"floor":6.0,"key":"Regen Potion"},{"floor":11.0,"key":"Dexterity Potion"},{"floor":24,"key":"Ancient Potion"},{"floor":27,"key":"Ancient Potion"},{"floor":29,"key":"Explosive Potion"},{"floor":33,"key":"SteroidPotion"},{"floor":36,"key":"GhostInAJar"},{"floor":47,"key":"LiquidBronze"}],"is_trial":false,"path_per_floor":["M","?","M","$","M","E","R","E","T","R","M","?","M","M","R","B",null,"M","?","?","?","?","R","M","E","T","E","R","E","R","M","R","B",null,"M","M","M","$","?","E","M","E","T","$","?","?","E","$","R","B",null],"character_chosen":"THE_SILENT","items_purchased":["Noxious Fumes","Leg Sweep","Bronze Scales","Juzu Bracelet","OrangePellets","Blur","DollysMirror","Dexterity Potion"],"campfire_rested":3,"item_purchase_floors":[4,4,4,38,38,44,44,48],"current_hp_per_floor":[62,55,53,53,53,44,44,27,27,48,40,57,54,54,54,24,59,59,59,59,59,46,46,46,45,45,42,42,34,55,55,55,24,59,51,51,51,51,51,51,51,48,48,48,48,48,48,48,69,69],"gold":133,"neow_bonus":"TWO_FIFTY_GOLD","is_prod":false,"is_daily":false,"chose_seed":false,"campfire_upgraded":4,"win_rate":0,"timestamp":1547595743,"path_taken":["M","?","M","$","M","E","R","E","T","R","M","?","M","M","R","BOSS","M","?","?","?","?","R","M","E","T","E","R","E","R","M","R","BOSS","M","M","M","$","?","E","M","E","T","?","?","?","E","?","R","BOSS"],"build_version":"2019-01-10","purchased_purges":4,"victory":true,"max_hp_per_floor":[70,70,70,70,70,70,70,70,70,70,70,70,70,70,70,70,70,70,70,70,70,70,70,70,70,70,70,70,70,70,70,70,70,70,70,70,70,70,70,70,70,70,70,70,70,70,70,70,70,70],"card_choices":[{"not_picked":["Accuracy","Skewer"],"picked":"Noxious Fumes","floor":1.0},{"not_picked":["Deflect","Blade Dance"],"picked":"Poisoned Stab","floor":3.0},{"not_picked":["Acrobatics","Blade Dance"],"picked":"Footwork","floor":5.0},{"not_picked":["Quick Slash","Doppelganger","Prepared"],"picked":"SKIP","floor":6.0},{"not_picked":["Wraith Form v2","Slice"],"picked":"Acrobatics","floor":8.0},{"not_picked":["Riddle With Holes","Skewer","Eviscerate"],"picked":"SKIP","floor":11.0},{"not_picked":["Slice","Infinite Blades"],"picked":"Dagger Throw","floor":13.0},{"not_picked":["Flying Knee","PiercingWail"],"picked":"Backflip","floor":14.0},{"not_picked":["Doppelganger","Die Die Die"],"picked":"Adrenaline","floor":16.0},{"not_picked":[],"picked":"Bane+1","floor":18.0},{"not_picked":["PiercingWail+1"],"picked":"SKIP","floor":24},{"not_picked":[],"picked":"PiercingWail+1","floor":24},{"not_picked":["Footwork"],"picked":"SKIP","floor":25},{"not_picked":["Masterful Stab+1"],"picked":"SKIP","floor":27},{"not_picked":["Quick Slash"],"picked":"SKIP","floor":29},{"not_picked":["Quick Slash+1"],"picked":"SKIP","floor":31},{"not_picked":[],"picked":"Dodge and Roll","floor":35},{"not_picked":["Dagger Spray"],"picked":"SKIP","floor":36},{"not_picked":["Dagger Spray+1"],"picked":"SKIP","floor":37},{"not_picked":["Underhanded Strike+1"],"picked":"SKIP","floor":40},{"not_picked":["Dagger Spray"],"picked":"SKIP","floor":41},{"not_picked":["Deadly Poison"],"picked":"SKIP","floor":42},{"not_picked":[],"picked":"Bouncing Flask+1","floor":47}],"player_experience":172448,"relics_obtained":[{"floor":6.0,"key":"Oddly Smooth Stone"},{"floor":8.0,"key":"Peace Pipe"},{"floor":9.0,"key":"Paper Crane"},{"floor":25,"key":"MawBank"},{"floor":26,"key":"Dream Catcher"},{"floor":27,"key":"Bag of Preparation"},{"floor":29,"key":"Darkstone Periapt"},{"floor":40,"key":"Letter Opener"},{"floor":42,"key":"Art of War"},{"floor":43,"key":"War Paint"},{"floor":47,"key":"Snake Skull"}],"event_choices":[{"cards_removed":["Injury"],"damage_healed":0.0,"max_hp_gain":0.0,"max_hp_loss":0.0,"gold_gain":0.0,"event_name":"Golden Wing","player_choice":"Card Removal","floor":2.0,"gold_loss":0.0,"damage_taken":7.0},{"damage_healed":17.0,"max_hp_gain":0.0,"max_hp_loss":0.0,"gold_gain":0.0,"event_name":"The Cleric","player_choice":"Healed","floor":12.0,"gold_loss":35.0,"damage_taken":0.0},{"damage_healed":0.0,"max_hp_gain":0.0,"max_hp_loss":0.0,"gold_gain":0.0,"cards_transformed":["Strike_G","Strike_G"],"event_name":"Drug Dealer","player_choice":"Became Test Subject","floor":19.0,"gold_loss":0.0,"damage_taken":0.0,"cards_obtained":["Night Terror","Bullet Time"]},{"damage_healed":0.0,"max_hp_gain":0.0,"max_hp_loss":0.0,"gold_gain":0.0,"event_name":"Vampires","player_choice":"Ignored","floor":20.0,"gold_loss":0.0,"damage_taken":0.0},{"damage_healed":0.0,"max_hp_gain":0.0,"max_hp_loss":0.0,"gold_gain":0.0,"event_name":"Addict","player_choice":"Stole Relic","floor":21.0,"gold_loss":0.0,"damage_taken":0.0,"relics_obtained":["Smiling Mask"],"cards_obtained":["Shame"]},{"damage_healed":0,"gold_gain":0,"player_choice":"Fight","damage_taken":0,"max_hp_gain":0,"max_hp_loss":0,"event_name":"Colosseum","floor":22,"gold_loss":0},{"damage_healed":0,"gold_gain":0,"player_choice":"Fled From Nobs","damage_taken":0,"max_hp_gain":0,"max_hp_loss":0,"event_name":"Colosseum","floor":22,"gold_loss":0},{"damage_healed":0,"gold_gain":0,"player_choice":"Trade","damage_taken":0,"relics_obtained":["SsserpentHead"],"max_hp_gain":0,"max_hp_loss":0,"event_name":"FaceTrader","floor":39,"gold_loss":0},{"damage_healed":0,"gold_gain":0,"player_choice":"2 cards matched","damage_taken":0,"max_hp_gain":0,"max_hp_loss":0,"event_name":"Match and Keep!","floor":45,"gold_loss":0,"cards_obtained":["Leg Sweep","Neutralize"]},{"damage_healed":0,"gold_gain":0,"player_choice":"Ignored","damage_taken":0,"max_hp_gain":0,"max_hp_loss":0,"event_name":"Duplicator","floor":46,"gold_loss":0}],"is_beta":false,"boss_relics":[{"not_picked":["Pandora\u0027s Box","Lizard Tail"],"picked":"Busted Crown"},{"not_picked":["HoveringKite","Orrery"],"picked":"Fusion Hammer"}],"items_purged_floors":[4,38,44,48],"is_endless":false,"potions_floor_spawned":[3,6,11,24,27,29,31,33,36,40,47],"ascension_level":8}