{"gold_per_floor":[113,113,133,133,144,144,161,188,188,188],"floor_reached":10,"playtime":565,"items_purged":[],"score":78,"play_id":"d5abf938-a555-4fde-9345-3bbf595622ac","local_time":"20181031020107","is_ascension_mode":true,"campfire_choices":[{"data":"Dual Wield","floor":6,"key":"SMITH"}],"neow_cost":"NONE","seed_source_timestamp":128173361152628,"circlet_count":0,"master_deck":["Strike_R","Strike_R","Strike_R","Strike_R","Strike_R","Defend_R","Defend_R","Defend_R","Defend_R","Bash","Dropkick","Dual Wield+1","Bash","Combust","Inflame","Power Through"],"relics":["Burning Blood","Pen Nib","Molten Egg 2","Singing Bowl"],"potions_floor_usage":[7,7],"damage_taken":[{"damage":2,"enemies":"Small Slimes","floor":1,"turns":4},{"damage":9,"enemies":"2 Louse","floor":3,"turns":3},{"damage":3,"enemies":"Jaw Worm","floor":5,"turns":5},{"damage":15,"enemies":"Large Slime","floor":7,"turns":4},{"damage":54,"enemies":"Lagavulin","floor":8,"turns":6},{"damage":30,"enemies":"Gremlin Nob","floor":10,"turns":3}],"seed_played":"-9048792714638182552","potions_obtained":[{"floor":3,"key":"Swift Potion"},{"floor":5,"key":"GamblersBrew"}],"is_trial":false,"path_per_floor":["M","?","M","?","M","R","M","E","T"],"character_chosen":"IRONCLAD","items_purchased":[],"campfire_rested":0,"item_purchase_floors":[],"current_hp_per_floor":[88,70,67,67,70,70,61,13,13,0],"gold":188,"neow_bonus":"TEN_PERCENT_HP_BONUS","is_prod":false,"is_daily":false,"chose_seed":false,"campfire_upgraded":1,"win_rate":0,"timestamp":1540965667,"path_taken":["M","?","M","?","?","R","?","E","T","?"],"build_version":"2018-10-25v2","purchased_purges":0,"victory":false,"max_hp_per_floor":[88,88,88,88,88,88,88,88,88,88],"card_choices":[{"not_picked":["Clothesline","Warcry"],"picked":"Dropkick","floor":1},{"not_picked":["Shockwave","Rage"],"picked":"Dual Wield","floor":3},{"not_picked":["Feel No Pain","Body Slam"],"picked":"Combust","floor":5},{"not_picked":["Shrug It Off","Headbutt"],"picked":"Inflame","floor":7},{"not_picked":["Clash","True Grit"],"picked":"Power Through","floor":8}],"player_experience":204192,"relics_obtained":[{"floor":8,"key":"Molten Egg 2"},{"floor":9,"key":"Singing Bowl"}],"event_choices":[{"damage_healed":0,"gold_gain":0,"player_choice":"Success","damage_taken":18,"relics_obtained":["Pen Nib"],"max_hp_gain":0,"max_hp_loss":0,"event_name":"Scrap Ooze","floor":2,"gold_loss":0},{"damage_healed":0,"gold_gain":0,"player_choice":"1 cards matched","damage_taken":0,"max_hp_gain":0,"max_hp_loss":0,"event_name":"Match and Keep!","floor":4,"gold_loss":0,"cards_obtained":["Bash"]},{"damage_healed":0,"gold_gain":0,"player_choice":"Searched \u00271\u0027 times","damage_taken":0,"max_hp_gain":0,"max_hp_loss":0,"event_name":"Dead Adventurer","floor":10,"gold_loss":0}],"is_beta":false,"boss_relics":[],"items_purged_floors":[],"is_endless":false,"potions_floor_spawned":[3,5],"killed_by":"Gremlin Nob","ascension_level":3}