{"gold_per_floor":[113,113,113,126,126,126,159,159,159,34,62,79,98,98,98,198,198,214,230,230],"floor_reached":20,"playtime":1657,"items_purged":[],"score":311,"play_id":"2e6cbb24-4ba7-4bb2-a54d-9d49bf31d4ad","local_time":"20181220211631","is_ascension_mode":true,"campfire_choices":[{"floor":6,"key":"REST"},{"data":"Neutralize","floor":8,"key":"SMITH"},{"floor":15,"key":"REST"}],"neow_cost":"NONE","seed_source_timestamp":81371643112320,"circlet_count":0,"master_deck":["AscendersBane","Defend_G","Defend_G","Defend_G+1","Defend_G","Defend_G","Strike_G","Strike_G","Strike_G","Strike_G","Strike_G","Survivor+1","Neutralize+1","Deadly Poison","Riddle With Holes","Corpse Explosion","Backflip","Crippling Poison","Bouncing Flask","Blade Dance","Dagger Spray","Bullet Time","Riddle With Holes"],"relics":["Ring of the Snake","NeowsBlessing","Happy Flower","Blue Candle","Kunai","Matryoshka","Darkstone Periapt","Snecko Eye"],"potions_floor_usage":[11,16,16,16],"damage_taken":[{"damage":0,"enemies":"Jaw Worm","floor":1,"turns":1},{"damage":0,"enemies":"2 Louse","floor":4,"turns":1},{"damage":0,"enemies":"Gremlin Nob","floor":7,"turns":1},{"damage":19,"enemies":"Lagavulin","floor":11,"turns":6},{"damage":1,"enemies":"Small Slimes","floor":12,"turns":2},{"damage":9,"enemies":"Exordium Wildlife","floor":13,"turns":4},{"damage":32,"enemies":"Slime Boss","floor":16,"turns":7},{"damage":10,"enemies":"3 Byrds","floor":18,"turns":3},{"damage":20,"enemies":"2 Thieves","floor":19,"turns":3},{"damage":32,"enemies":"Snake Plant","floor":20,"turns":4}],"seed_played":"5226961654511155191","potions_obtained":[{"floor":1,"key":"Explosive Potion"},{"floor":4,"key":"Strength Potion"},{"floor":12,"key":"AttackPotion"},{"floor":13,"key":"Explosive Potion"}],"is_trial":false,"path_per_floor":["M","?","?","M","?","R","E","R","T","$","E","M","M","?","R","B",null,"M","M","M"],"character_chosen":"THE_SILENT","items_purchased":["Backflip","Crippling Poison"],"campfire_rested":2,"item_purchase_floors":[10,10],"current_hp_per_floor":[63,49,46,46,46,67,67,67,67,67,48,47,38,38,59,27,59,49,29,0],"gold":230,"neow_bonus":"THREE_ENEMY_KILL","is_prod":false,"is_daily":false,"chose_seed":false,"campfire_upgraded":1,"win_rate":0,"timestamp":1545340591,"path_taken":["M","?","?","M","?","R","E","R","T","$","E","?","M","?","R","BOSS","M","M","M"],"build_version":"2018-12-13","purchased_purges":0,"victory":false,"max_hp_per_floor":[70,70,70,70,70,70,70,70,70,70,70,70,70,70,70,70,70,70,70,70],"card_choices":[{"not_picked":["Tactician","Dagger Throw"],"picked":"Deadly Poison","floor":1},{"not_picked":["Sucker Punch","Distraction"],"picked":"Riddle With Holes","floor":4},{"not_picked":["Escape Plan","Deflect"],"picked":"Corpse Explosion","floor":7},{"not_picked":["Dagger Spray","Blade Dance"],"picked":"Bouncing Flask","floor":11},{"not_picked":["Outmaneuver","Quick Slash"],"picked":"Blade Dance","floor":12},{"not_picked":["Concentrate","Flying Knee"],"picked":"Dagger Spray","floor":13},{"not_picked":["Corpse Explosion","Tools of the Trade"],"picked":"Bullet Time","floor":16},{"not_picked":["Sucker Punch+1","Bane"],"picked":"Riddle With Holes","floor":18},{"not_picked":["Masterful Stab+1","Acrobatics","Dodge and Roll"],"picked":"SKIP","floor":19}],"player_experience":1070832,"relics_obtained":[{"floor":7,"key":"Kunai"},{"floor":9,"key":"Matryoshka"},{"floor":11,"key":"Darkstone Periapt"}],"event_choices":[{"damage_healed":0,"gold_gain":0,"player_choice":"Entered Light","damage_taken":14,"max_hp_gain":0,"max_hp_loss":0,"event_name":"Shining Light","floor":2,"gold_loss":0,"cards_upgraded":["Defend_G","Survivor"]},{"damage_healed":0,"gold_gain":0,"player_choice":"Success","damage_taken":3,"relics_obtained":["Happy Flower"],"max_hp_gain":0,"max_hp_loss":0,"event_name":"Scrap Ooze","floor":3,"gold_loss":0},{"damage_healed":0,"gold_gain":0,"player_choice":"Box","damage_taken":0,"relics_obtained":["Blue Candle"],"max_hp_gain":0,"max_hp_loss":0,"event_name":"Big Fish","floor":5,"gold_loss":0,"cards_obtained":["Regret"]},{"cards_removed":["Regret"],"damage_healed":0,"gold_gain":0,"player_choice":"Purged","damage_taken":0,"max_hp_gain":0,"max_hp_loss":0,"event_name":"Purifier","floor":14,"gold_loss":0}],"is_beta":false,"boss_relics":[{"not_picked":["Black Star","Velvet Choker"],"picked":"Snecko Eye"}],"items_purged_floors":[],"is_endless":false,"potions_floor_spawned":[1,4,12,13],"killed_by":"Snake Plant","ascension_level":10}