{"gold_per_floor":[116,127,140,158,45,71,71,71,71,97,97,172,21,35,35,138,138,149,159,159,12,32,61,73,73,73,91,102,102,201,219,219,219],"floor_reached":33,"playtime":2777,"items_purged":["Defend_R","Strike_R","Strike_R"],"score":279,"play_id":"4cfe7412-77c4-48a7-9577-30a83d694119","local_time":"20180627092123","is_ascension_mode":false,"campfire_choices":[{"data":"Whirlwind","floor":8,"key":"SMITH"},{"data":"Flex","floor":11,"key":"SMITH"},{"data":"Corruption","floor":15,"key":"SMITH"},{"floor":29,"key":"REST"},{"floor":32,"key":"REST"}],"neow_cost":"NONE","seed_source_timestamp":4394766721448,"circlet_count":0,"master_deck":["Strike_R","Defend_R","Defend_R","Defend_R","Bash","Flex+1","Whirlwind+1","Ghostly Armor","Corruption+1","Battle Trance","Pummel","Flex","Demon Form","Fiend Fire","Shrug It Off+1","Shrug It Off","Warcry+1","Limit Break","Headbutt+1","Battle Trance","Thunderclap"],"relics":["Burning Blood","Dodecahedron","Pear","Pantograph","Velvet Choker","Mummified Hand","Champion Belt"],"potions_floor_usage":[23,27,27],"damage_taken":[{"damage":1,"enemies":"Cultist","floor":1,"turns":3},{"damage":0,"enemies":"Small Slimes","floor":2,"turns":3},{"damage":5,"enemies":"2 Louse","floor":3,"turns":3},{"damage":14,"enemies":"2 Fungi Beasts","floor":4,"turns":5},{"damage":25,"enemies":"3 Sentries","floor":6,"turns":6},{"damage":6,"enemies":"Gremlin Nob","floor":10,"turns":3},{"damage":0,"enemies":"Gremlin Gang","floor":14,"turns":1},{"damage":31,"enemies":"The Guardian","floor":16,"turns":8},{"damage":0,"enemies":"Spheric Guardian","floor":18,"turns":3},{"damage":0,"enemies":"Chosen","floor":19,"turns":3},{"damage":16,"enemies":"Snake Plant","floor":22,"turns":2},{"damage":56,"enemies":"Slavers","floor":23,"turns":7},{"damage":15,"enemies":"Centurion and Healer","floor":24,"turns":4},{"damage":12,"enemies":"Chosen and Byrds","floor":27,"turns":5},{"damage":15,"enemies":"Slaver and Parasite","floor":28,"turns":6},{"damage":49,"enemies":"Cultist and Chosen","floor":31,"turns":9},{"damage":70,"enemies":"Collector","floor":33,"turns":7}],"seed_played":"-5696011238920996168","potions_obtained":[{"floor":4,"key":"Energy Potion"},{"floor":6,"key":"SkillPotion"},{"floor":10,"key":"Explosive Potion"},{"floor":14,"key":"SmokeBomb"},{"floor":16,"key":"Ancient Potion"},{"floor":19,"key":"Regen Potion"},{"floor":23,"key":"Regen Potion"},{"floor":28,"key":"PowerPotion"}],"is_trial":false,"path_per_floor":["M","M","M","M","$","E","?","R","T","E","R","?","$","M","R","B",null,"M","M","?","$","M","E","M","?","T","M","M","R","?","M","R"],"character_chosen":"IRONCLAD","items_purchased":["Corruption","Flex","Shrug It Off"],"campfire_rested":2,"item_purchase_floors":[5,13,21],"current_hp_per_floor":[80,80,80,72,72,53,80,80,90,90,90,79,79,85,85,65,90,90,90,90,90,80,42,33,33,33,39,30,57,57,14,41,0],"gold":219,"neow_bonus":"REMOVE_CARD","is_prod":false,"is_daily":false,"chose_seed":false,"campfire_upgraded":3,"win_rate":0.0,"timestamp":1530058883,"path_taken":["M","M","?","M","$","E","?","R","T","E","R","?","$","?","R","BOSS","M","M","?","$","M","E","M","?","T","M","M","R","?","M","R","BOSS"],"build_version":"2018-06-21v2","purchased_purges":3,"victory":false,"max_hp_per_floor":[80,80,80,80,80,80,80,80,90,90,90,90,90,90,90,90,90,90,90,90,90,90,90,90,90,90,90,90,90,90,90,90,90],"card_choices":[{"not_picked":["Heavy Blade","Sever Soul"],"picked":"Flex","floor":1},{"not_picked":["Shockwave","Sword Boomerang"],"picked":"Whirlwind","floor":2},{"not_picked":["Heavy Blade","Anger"],"picked":"Ghostly Armor","floor":3},{"not_picked":["Clash","Iron Wave","Clothesline"],"picked":"SKIP","floor":4},{"not_picked":["Infernal Blade","Body Slam"],"picked":"Battle Trance","floor":6},{"not_picked":["Clash","Cleave"],"picked":"Pummel","floor":10},{"not_picked":["Body Slam","Headbutt"],"picked":"Demon Form","floor":14},{"not_picked":["Bludgeon","Barricade"],"picked":"Fiend Fire","floor":16},{"not_picked":["Sword Boomerang","Perfected Strike"],"picked":"Shrug It Off+1","floor":18},{"not_picked":["Metallicize","Clothesline","Anger"],"picked":"SKIP","floor":19},{"not_picked":["Perfected Strike","Body Slam+1","Flame Barrier"],"picked":"SKIP","floor":22},{"not_picked":["True Grit","Rage"],"picked":"Warcry+1","floor":23},{"not_picked":["Cleave","Armaments"],"picked":"Limit Break","floor":24},{"not_picked":["Feel No Pain","Sever Soul"],"picked":"Headbutt+1","floor":27},{"not_picked":["Cleave+1","Rupture"],"picked":"Battle Trance","floor":28},{"not_picked":["Heavy Blade+1","Anger+1"],"picked":"Thunderclap","floor":31}],"player_experience":8987,"relics_obtained":[{"floor":6,"key":"Dodecahedron"},{"floor":9,"key":"Pear"},{"floor":10,"key":"Pantograph"},{"floor":23,"key":"Mummified Hand"},{"floor":26,"key":"Champion Belt"}],"event_choices":[{"event_name":"Wheel of Change","player_choice":"Full Heal","floor":7,"damage_taken":0},{"event_name":"World of Goop","player_choice":"Gather Gold","floor":12,"damage_taken":0},{"event_name":"Vampires","player_choice":"Ignored","floor":20,"damage_taken":0},{"event_name":"Purifier","player_choice":"One Purge","floor":25,"damage_taken":0},{"event_name":"Nest","player_choice":"Stole From Cult","floor":30,"damage_taken":0}],"boss_relics":[{"not_picked":["Cursed Key","Empty Cage"],"picked":"Velvet Choker"}],"items_purged_floors":[5,13,21],"is_endless":false,"potions_floor_spawned":[4,6,10,14,16,19,23,24,28],"killed_by":"Collector","ascension_level":0}