{"gold_per_floor":[119,135,135,149,149,187,187],"floor_reached":7,"playtime":1138,"items_purged":[],"score":54,"play_id":"a694c0bf-3c84-47af-afc5-feaadedd6c85","local_time":"20190131222418","is_ascension_mode":true,"campfire_choices":[],"neow_cost":"NONE","seed_source_timestamp":1139068216832489,"circlet_count":0,"master_deck":["Defend_G","Defend_G","Defend_G","Defend_G","Defend_G","Strike_G","Strike_G","Strike_G","Strike_G","Strike_G","Survivor","Neutralize","Outmaneuver","Sucker Punch","Injury","Blur","Cloak And Dagger"],"relics":["Ring of the Snake","Golden Idol","Shuriken","Molten Egg 2"],"potions_floor_usage":[7],"damage_taken":[{"damage":2,"enemies":"Small Slimes","floor":1,"turns":5},{"damage":1,"enemies":"2 Louse","floor":2,"turns":4},{"damage":5,"enemies":"Cultist","floor":4,"turns":4},{"damage":55,"enemies":"3 Sentries","floor":6,"turns":16},{"damage":10,"enemies":"Large Slime","floor":7,"turns":4}],"seed_played":"-7430789124657624908","potions_obtained":[{"floor":2,"key":"Dexterity Potion"}],"is_trial":false,"path_per_floor":["M","M","?","M","?","E","M"],"character_chosen":"THE_SILENT","items_purchased":[],"campfire_rested":0,"item_purchase_floors":[],"current_hp_per_floor":[75,74,74,69,62,7,0],"gold":187,"neow_bonus":"TEN_PERCENT_HP_BONUS","is_prod":false,"is_daily":false,"chose_seed":false,"campfire_upgraded":0,"win_rate":0,"timestamp":1548969858,"path_taken":["M","M","?","M","?","E","M"],"build_version":"2019-01-23","purchased_purges":0,"victory":false,"max_hp_per_floor":[77,77,77,77,77,77,77],"card_choices":[{"not_picked":["Bane","Finisher"],"picked":"Outmaneuver","floor":1},{"not_picked":["Dodge and Roll","Bane"],"picked":"Sucker Punch","floor":2},{"not_picked":["Prepared","Underhanded Strike"],"picked":"Blur","floor":4},{"not_picked":["Prepared","Caltrops"],"picked":"Cloak And Dagger","floor":6}],"player_experience":37227,"relics_obtained":[{"floor":6,"key":"Molten Egg 2"}],"event_choices":[{"damage_healed":0,"gold_gain":0,"player_choice":"Take Wound","damage_taken":0,"relics_obtained":["Golden Idol"],"max_hp_gain":0,"max_hp_loss":0,"event_name":"Golden Idol","floor":3,"gold_loss":0,"cards_obtained":["Injury"]},{"damage_healed":0,"gold_gain":0,"player_choice":"Success","damage_taken":7,"relics_obtained":["Shuriken"],"max_hp_gain":0,"max_hp_loss":0,"event_name":"Scrap Ooze","floor":5,"gold_loss":0}],"is_beta":false,"boss_relics":[],"items_purged_floors":[],"is_endless":false,"potions_floor_spawned":[2],"killed_by":"Large Slime","ascension_level":1}