{"gold_per_floor":[113,125,125,53,67,67,98,124,124,49,49,49],"floor_reached":12,"playtime":457,"items_purged":["Injury"],"score":95,"play_id":"05ee707c-47af-4a92-932f-d90bbdbc36e7","local_time":"20181205011800","is_ascension_mode":true,"campfire_choices":[{"data":"Metallicize","floor":6,"key":"SMITH"}],"neow_cost":"NONE","seed_source_timestamp":1412421515699300,"circlet_count":0,"master_deck":["Strike_R","Strike_R","Strike_R","Strike_R","Defend_R","Defend_R","Defend_R","Defend_R","Bash","Shrug It Off","Metallicize+1","Twin Strike","Immolate"],"relics":["Burning Blood","Golden Idol","Frozen Egg 2","Odd Mushroom"],"potions_floor_usage":[7,7],"damage_taken":[{"damage":9,"enemies":"Jaw Worm","floor":1,"turns":5},{"damage":6,"enemies":"2 Louse","floor":2,"turns":4},{"damage":2,"enemies":"Cultist","floor":5,"turns":5},{"damage":62,"enemies":"Lagavulin","floor":7,"turns":13},{"damage":17,"enemies":"The Mushroom Lair","floor":8,"turns":3},{"damage":14,"enemies":"3 Sentries","floor":12,"turns":4}],"seed_played":"7716167530570351735","potions_obtained":[{"floor":2,"key":"Weak Potion"},{"floor":5,"key":"SpeedPotion"},{"floor":7,"key":"Ancient Potion"},{"floor":8,"key":"Poison Potion"}],"is_trial":false,"path_per_floor":["M","M","?","$","M","R","E","?","T","$","?","E"],"character_chosen":"IRONCLAD","items_purchased":["Metallicize"],"campfire_rested":0,"item_purchase_floors":[4],"current_hp_per_floor":[77,77,77,77,80,80,24,13,13,13,13,0],"gold":49,"neow_bonus":"REMOVE_CARD","is_prod":false,"is_daily":false,"chose_seed":false,"campfire_upgraded":1,"win_rate":0,"timestamp":1543969080,"path_taken":["M","M","?","$","M","R","E","?","T","?","?","E"],"build_version":"2018-11-15","purchased_purges":1,"victory":false,"max_hp_per_floor":[80,80,80,80,80,80,80,80,80,80,80,80],"card_choices":[{"not_picked":["Wild Strike","Anger"],"picked":"Shrug It Off","floor":1},{"not_picked":["Corruption","Shrug It Off","Searing Blow"],"picked":"SKIP","floor":2},{"not_picked":["Dropkick","Flex"],"picked":"Twin Strike","floor":5},{"not_picked":["Power Through","True Grit"],"picked":"Immolate","floor":7}],"player_experience":781639,"relics_obtained":[{"floor":7,"key":"Frozen Egg 2"},{"floor":8,"key":"Odd Mushroom"}],"event_choices":[{"damage_healed":0,"gold_gain":0,"player_choice":"Take Wound","damage_taken":0,"relics_obtained":["Golden Idol"],"max_hp_gain":0,"max_hp_loss":0,"event_name":"Golden Idol","floor":3,"gold_loss":0,"cards_obtained":["Injury"]},{"damage_healed":0,"gold_gain":0,"player_choice":"Fought Mushrooms","damage_taken":0,"max_hp_gain":0,"max_hp_loss":0,"event_name":"Mushrooms","floor":8,"gold_loss":0},{"damage_healed":0,"gold_gain":0,"player_choice":"Ignored","damage_taken":0,"max_hp_gain":0,"max_hp_loss":0,"event_name":"Liars Game","floor":11,"gold_loss":0}],"is_beta":false,"boss_relics":[],"items_purged_floors":[10],"is_endless":false,"potions_floor_spawned":[2,5,7,8],"killed_by":"3 Sentries","ascension_level":5}