{"gold_per_floor":[112,112,112,112,122,154,154,168,193,193,204,49,60,75,75,174,224,237,91,91,91,107,138,138,156,156,156,27,27,43,61,61,162,162,180,193,193,212,230,230,5,105,187,187,187,12,32,43,43,43],"floor_reached":51,"playtime":2230,"items_purged":["Strike_G","Strike_G+1"],"score":919,"play_id":"abd9694d-46a5-4b39-b873-0550ecd384e1","local_time":"20190210155253","is_ascension_mode":true,"campfire_choices":[{"data":"Dagger Spray","floor":7.0,"key":"SMITH"},{"data":"Poisoned Stab","floor":10.0,"key":"SMITH"},{"data":"Deadly Poison","floor":15.0,"key":"SMITH"},{"data":"Blade Dance","floor":24.0,"key":"SMITH"},{"floor":27.0,"key":"REST"},{"floor":32.0,"key":"REST"},{"floor":40.0,"key":"REST"},{"floor":44.0,"key":"REST"},{"floor":49.0,"key":"REST"}],"neow_cost":"NONE","seed_source_timestamp":771276370587400,"circlet_count":0,"master_deck":["Defend_G","Defend_G","Defend_G+1","Defend_G","Defend_G","Strike_G+1","Survivor","Neutralize+1","Poisoned Stab+1","Dagger Spray+1","PiercingWail","Deadly Poison+1","Noxious Fumes+1","Leg Sweep+1","Envenom+1","Blade Dance+1","Burst","Dagger Spray","Noxious Fumes+1","Footwork+1","Dodge and Roll","Crippling Poison","Catalyst+1","Catalyst+1","Well Laid Plans+1","Deflect+1","Backflip","Acrobatics+1"],"special_seed":0,"relics":["Ring of the Snake","Whetstone","Bag of Preparation","Frozen Egg 2","Happy Flower","Tiny House","Letter Opener","Dodecahedron","Fusion Hammer","Thread and Needle","Gremlin Horn","Oddly Smooth Stone"],"potions_floor_usage":[50,50],"damage_taken":[{"damage":2.0,"enemies":"Jaw Worm","floor":1.0,"turns":4.0},{"damage":0.0,"enemies":"Small Slimes","floor":5.0,"turns":2.0},{"damage":11.0,"enemies":"3 Sentries","floor":6.0,"turns":9.0},{"damage":0.0,"enemies":"2 Louse","floor":8.0,"turns":1.0},{"damage":0.0,"enemies":"2 Fungi Beasts","floor":11.0,"turns":3.0},{"damage":0.0,"enemies":"3 Louse","floor":13.0,"turns":1.0},{"damage":0.0,"enemies":"Looter","floor":14.0,"turns":3.0},{"damage":27.0,"enemies":"Slime Boss","floor":16.0,"turns":8.0},{"damage":0.0,"enemies":"Spheric Guardian","floor":18.0,"turns":5.0},{"damage":3.0,"enemies":"2 Thieves","floor":22.0,"turns":4.0},{"damage":25.0,"enemies":"Gremlin Leader","floor":23.0,"turns":6.0},{"damage":13.0,"enemies":"Chosen and Byrds","floor":25.0,"turns":5.0},{"damage":7.0,"enemies":"Snecko","floor":30.0,"turns":5.0},{"damage":1.0,"enemies":"Centurion and Healer","floor":31.0,"turns":7.0},{"damage":44.0,"enemies":"Automaton","floor":33.0,"turns":10.0},{"damage":1.0,"enemies":"3 Shapes","floor":35.0,"turns":4.0},{"damage":14.0,"enemies":"Orb Walker","floor":36.0,"turns":4.0},{"damage":9.0,"enemies":"Sphere and 2 Shapes","floor":38.0,"turns":5.0},{"damage":20.0,"enemies":"Jaw Worm Horde","floor":39.0,"turns":5.0},{"damage":0.0,"enemies":"Mind Bloom Boss Battle","floor":42.0,"turns":6.0},{"damage":6.0,"enemies":"3 Darklings","floor":47.0,"turns":6.0},{"damage":27.0,"enemies":"4 Shapes","floor":48.0,"turns":5.0},{"damage":1,"enemies":"Time Eater","floor":50,"turns":8}],"seed_played":"4202849418186407925","potions_obtained":[{"floor":5.0,"key":"GamblersBrew"},{"floor":6.0,"key":"SteroidPotion"},{"floor":11.0,"key":"EssenceOfSteel"},{"floor":13.0,"key":"FearPotion"},{"floor":17.0,"key":"SkillPotion"},{"floor":18.0,"key":"EntropicBrew"},{"floor":23.0,"key":"Ancient Potion"},{"floor":35.0,"key":"Regen Potion"},{"floor":36.0,"key":"SkillPotion"},{"floor":39.0,"key":"Dexterity Potion"},{"floor":48.0,"key":"GhostInAJar"}],"is_trial":false,"path_per_floor":["M","?","?","?","M","E","R","M","T","R","M","$","M","M","R","B",null,"M","$","?","?","M","E","R","M","T","R","$","?","M","M","R","B",null,"M","M","?","M","M","R","$","?","T","R","?","$","M","M","R","B",null],"character_chosen":"THE_SILENT","items_purchased":["Noxious Fumes+1","Burst","Footwork+1","Dodge and Roll","Well Laid Plans+1","Energy Potion","Oddly Smooth Stone","Backflip"],"campfire_rested":5,"item_purchase_floors":[12,19,28,28,41,41,46,46],"current_hp_per_floor":[61,54,54,40,40,29,29,29,29,29,29,29,29,29,29,2,58,58,58,58,58,55,30,30,17,17,39,39,39,32,31,53,9,59,58,44,44,35,30,51,51,51,51,71,71,71,65,38,59,58],"gold":43,"neow_bonus":"RANDOM_COMMON_RELIC","is_prod":false,"is_daily":false,"chose_seed":false,"campfire_upgraded":4,"win_rate":0,"timestamp":1549839173,"path_taken":["M","?","?","?","M","E","R","M","T","R","M","$","M","M","R","BOSS","M","$","?","?","M","E","R","M","T","R","?","?","M","M","R","BOSS","M","M","?","M","M","R","$","?","T","R","?","$","M","?","R","BOSS"],"build_version":"2019-01-23","purchased_purges":2,"victory":true,"max_hp_per_floor":[70,70,70,70,70,70,70,70,70,70,70,70,70,70,70,70,75,75,75,75,75,75,75,75,75,75,75,75,75,75,75,75,75,75,75,75,71,71,71,71,71,71,71,71,71,71,71,71,71,71],"card_choices":[{"not_picked":["Cloak And Dagger","Calculated Gamble"],"picked":"Poisoned Stab","floor":1.0},{"not_picked":["Flying Knee","Heel Hook","Underhanded Strike"],"picked":"SKIP","floor":5.0},{"not_picked":["Concentrate","Distraction"],"picked":"PiercingWail","floor":6.0},{"not_picked":["Backflip","PiercingWail","Choke"],"picked":"SKIP","floor":8.0},{"not_picked":["Setup","Deflect"],"picked":"Deadly Poison","floor":11.0},{"not_picked":["Backflip","Quick Slash"],"picked":"Leg Sweep","floor":13.0},{"not_picked":["Cloak And Dagger","Blade Dance","Sucker Punch"],"picked":"SKIP","floor":14.0},{"not_picked":["Grand Finale","Tools of the Trade+1"],"picked":"Envenom+1","floor":16.0},{"not_picked":["Expertise","Dodge and Roll"],"picked":"Blade Dance","floor":17.0},{"not_picked":["Accuracy+1","Dash+1","Dagger Throw"],"picked":"SKIP","floor":18.0},{"not_picked":["All Out Attack","Flying Knee","Endless Agony"],"picked":"SKIP","floor":22.0},{"not_picked":["Dagger Throw+1","Eviscerate","Sucker Punch"],"picked":"SKIP","floor":23.0},{"not_picked":["Dagger Throw","Reflex+1"],"picked":"Noxious Fumes+1","floor":25.0},{"not_picked":["Bouncing Flask+1","Cloak And Dagger"],"picked":"Crippling Poison","floor":30.0},{"not_picked":["Underhanded Strike","Heel Hook","Deadly Poison"],"picked":"SKIP","floor":31.0},{"not_picked":["Deadly Poison+1","Backflip+1"],"picked":"Catalyst+1","floor":35.0},{"not_picked":["Crippling Poison","Prepared","Dagger Spray+1"],"picked":"SKIP","floor":36.0},{"not_picked":["Deadly Poison+1","Underhanded Strike"],"picked":"Catalyst+1","floor":38.0},{"not_picked":["A Thousand Cuts+1","Prepared","Bouncing Flask"],"picked":"SKIP","floor":39.0},{"not_picked":["Leg Sweep+1","Bane+1"],"picked":"Deflect+1","floor":42.0},{"not_picked":["Dagger Spray","Riddle With Holes"],"picked":"Acrobatics+1","floor":47.0},{"not_picked":["Dagger Spray","Infinite Blades+1","Slice+1"],"picked":"SKIP","floor":48.0}],"player_experience":343931,"relics_obtained":[{"floor":6.0,"key":"Frozen Egg 2"},{"floor":9.0,"key":"Happy Flower"},{"floor":23.0,"key":"Letter Opener"},{"floor":26.0,"key":"Dodecahedron"},{"floor":42.0,"key":"Thread and Needle"},{"floor":43.0,"key":"Gremlin Horn"}],"event_choices":[{"damage_healed":0.0,"max_hp_gain":0.0,"max_hp_loss":0.0,"gold_gain":0.0,"event_name":"Scrap Ooze","player_choice":"Success","floor":2.0,"gold_loss":0.0,"damage_taken":7.0,"relics_obtained":["Bag of Preparation"]},{"damage_healed":0.0,"max_hp_gain":0.0,"max_hp_loss":0.0,"gold_gain":0.0,"cards_transformed":["Strike_G"],"event_name":"Living Wall","player_choice":"Change","floor":3.0,"gold_loss":0.0,"damage_taken":0.0,"cards_obtained":["Dagger Spray"]},{"damage_healed":0.0,"max_hp_gain":0.0,"max_hp_loss":0.0,"gold_gain":0.0,"event_name":"Shining Light","player_choice":"Entered Light","floor":4.0,"gold_loss":0.0,"damage_taken":14.0,"cards_upgraded":["Strike_G","Defend_G"]},{"damage_healed":0.0,"max_hp_gain":0.0,"max_hp_loss":0.0,"gold_gain":0.0,"event_name":"The Library","player_choice":"Read","floor":20.0,"gold_loss":0.0,"damage_taken":0.0,"cards_obtained":["Dagger Spray"]},{"damage_healed":0.0,"max_hp_gain":0.0,"max_hp_loss":0.0,"gold_gain":0.0,"event_name":"Ghosts","player_choice":"Ignored","floor":21.0,"gold_loss":0.0,"damage_taken":0.0},{"cards_removed":["Strike_G"],"damage_healed":0.0,"max_hp_gain":0.0,"max_hp_loss":0.0,"gold_gain":0.0,"event_name":"Back to Basics","player_choice":"Elegance","floor":29.0,"gold_loss":0.0,"damage_taken":0.0},{"damage_healed":0.0,"max_hp_gain":0.0,"max_hp_loss":4.0,"gold_gain":0.0,"event_name":"Winding Halls","player_choice":"Max HP","floor":37.0,"gold_loss":0.0,"damage_taken":0.0},{"damage_healed":0.0,"max_hp_gain":0.0,"max_hp_loss":0.0,"gold_gain":0.0,"event_name":"MindBloom","player_choice":"Fight","floor":42.0,"gold_loss":0.0,"damage_taken":0.0},{"damage_healed":0.0,"max_hp_gain":0.0,"max_hp_loss":0.0,"gold_gain":0.0,"event_name":"SecretPortal","player_choice":"Ignored","floor":45.0,"gold_loss":0.0,"damage_taken":0.0}],"is_beta":false,"boss_relics":[{"not_picked":["Black Star","Pandora\u0027s Box"],"picked":"Tiny House"},{"not_picked":["Empty Cage","Runic Pyramid"],"picked":"Fusion Hammer"}],"items_purged_floors":[12,41],"is_endless":false,"potions_floor_spawned":[5,6,11,13,18,23,35,36,39,48],"ascension_level":7}