{"gold_per_floor":[112,112,112,37,61,61,76,90,161,161,185,224,245,270,270,395,395,415,415,96,96,96],"floor_reached":22,"playtime":759,"items_purged":["Strike_B","Strike_B"],"score":279,"play_id":"821c9bf0-5f93-4567-a435-398e8e3896ad","local_time":"20181214162304","is_ascension_mode":true,"campfire_choices":[{"data":"Zap","floor":6,"key":"SMITH"},{"floor":10,"key":"REST"},{"floor":15,"key":"REST"}],"neow_cost":"NONE","seed_source_timestamp":80795699820030,"circlet_count":0,"master_deck":["AscendersBane","Strike_B","Strike_B","Defend_B+1","Defend_B","Defend_B","Defend_B","Zap+1","Dualcast+1","Core Surge","Beam Cell","Skim","Go for the Eyes","Ball Lightning","Conserve Battery","Go for the Eyes","Hologram","Chaos","Electrodynamics","Rip and Tear+1","Machine Learning"],"relics":["Cracked Core","Golden Idol","Blue Candle","Centennial Puzzle","Inserter","Orichalcum","NlothsMask"],"potions_floor_usage":[16,19,19],"damage_taken":[{"damage":8,"enemies":"Small Slimes","floor":1,"turns":3},{"damage":2,"enemies":"2 Louse","floor":5,"turns":2},{"damage":0,"enemies":"Jaw Worm","floor":7,"turns":2},{"damage":10,"enemies":"Gremlin Gang","floor":8,"turns":4},{"damage":15,"enemies":"Exordium Thugs","floor":11,"turns":3},{"damage":16,"enemies":"Gremlin Nob","floor":12,"turns":4},{"damage":1,"enemies":"3 Louse","floor":13,"turns":2},{"damage":5,"enemies":"Large Slime","floor":14,"turns":4},{"damage":32,"enemies":"The Guardian","floor":16,"turns":11},{"damage":32,"enemies":"2 Thieves","floor":18,"turns":3},{"damage":7,"enemies":"Colosseum Slavers","floor":19,"turns":4},{"damage":18,"enemies":"Shell Parasite","floor":22,"turns":3}],"seed_played":"2823345838375005695","potions_obtained":[{"floor":11,"key":"SkillPotion"},{"floor":13,"key":"Dexterity Potion"},{"floor":14,"key":"Weak Potion"},{"floor":16,"key":"Swift Potion"}],"is_trial":false,"path_per_floor":["M","?","?","$","M","R","M","M","T","R","M","E","M","M","R","B",null,"M","?","$","?","M"],"character_chosen":"DEFECT","items_purchased":["Orichalcum","Machine Learning"],"campfire_rested":2,"item_purchase_floors":[20,20],"current_hp_per_floor":[60,45,45,45,43,43,43,33,33,53,38,22,21,16,36,4,53,21,14,14,14,0],"gold":96,"neow_bonus":"ONE_RANDOM_RARE_CARD","is_prod":false,"is_daily":false,"chose_seed":false,"campfire_upgraded":1,"win_rate":0,"timestamp":1544822584,"path_taken":["M","?","?","?","M","R","M","M","T","R","M","E","M","?","R","BOSS","M","?","$","?","M"],"build_version":"2018-12-13","purchased_purges":2,"victory":false,"max_hp_per_floor":[75,75,69,69,69,69,69,69,69,69,69,69,69,69,69,69,69,69,69,69,69,69],"card_choices":[{"not_picked":["Redo","Stack"],"picked":"Beam Cell","floor":1},{"not_picked":["Coolheaded","Doom and Gloom"],"picked":"Skim","floor":5},{"not_picked":["Barrage","Melter"],"picked":"Go for the Eyes","floor":7},{"not_picked":["Barrage","Stack"],"picked":"Ball Lightning","floor":8},{"not_picked":["Genetic Algorithm","Sweeping Beam"],"picked":"Conserve Battery","floor":11},{"not_picked":["Lockon","Sunder"],"picked":"Go for the Eyes","floor":12},{"not_picked":["Lockon","Capacitor"],"picked":"Hologram","floor":13},{"not_picked":["Consume","Blizzard"],"picked":"Chaos","floor":14},{"not_picked":["Thunder Strike","Multi-Cast"],"picked":"Electrodynamics","floor":16},{"not_picked":["Scrape","Rebound"],"picked":"Rip and Tear+1","floor":18}],"player_experience":392784,"relics_obtained":[{"floor":9,"key":"Blue Candle"},{"floor":12,"key":"Centennial Puzzle"}],"event_choices":[{"damage_healed":0,"gold_gain":0,"player_choice":"Entered Light","damage_taken":15,"max_hp_gain":0,"max_hp_loss":0,"event_name":"Shining Light","floor":2,"gold_loss":0,"cards_upgraded":["Dualcast","Defend_B"]},{"damage_healed":0,"gold_gain":0,"player_choice":"Lose Max HP","damage_taken":0,"relics_obtained":["Golden Idol"],"max_hp_gain":0,"max_hp_loss":6,"event_name":"Golden Idol","floor":3,"gold_loss":0},{"damage_healed":0,"gold_gain":0,"player_choice":"Fight","damage_taken":0,"max_hp_gain":0,"max_hp_loss":0,"event_name":"Colosseum","floor":19,"gold_loss":0},{"damage_healed":0,"gold_gain":0,"player_choice":"Fled From Nobs","damage_taken":0,"max_hp_gain":0,"max_hp_loss":0,"event_name":"Colosseum","floor":19,"gold_loss":0},{"damage_healed":0,"gold_gain":0,"player_choice":"Trade","damage_taken":0,"relics_obtained":["NlothsMask"],"max_hp_gain":0,"max_hp_loss":0,"event_name":"FaceTrader","floor":21,"gold_loss":0}],"is_beta":false,"boss_relics":[{"not_picked":["Pandora\u0027s Box","White Beast Statue"],"picked":"Inserter"}],"items_purged_floors":[4,20],"is_endless":false,"potions_floor_spawned":[11,13,14,16],"killed_by":"Shell Parasite","ascension_level":10}