{"gold_per_floor":[111,121,139,153,170,170,197,197,221,233,245,257,295,325,337,444,456,486,65,83,97,97,97],"floor_reached":23,"playtime":1549,"items_purged":["Strike_R"],"score":203,"play_id":"ea2f994a-b299-4cd1-bc63-40fd2b9d329c","local_time":"20180805003849","is_ascension_mode":false,"campfire_choices":[{"data":"Fire Breathing","floor":6,"key":"SMITH"},{"data":"Armaments","floor":8,"key":"SMITH"},{"floor":11,"key":"REST"},{"floor":15,"key":"REST"}],"neow_cost":"NONE","seed_source_timestamp":1247901723865924,"circlet_count":0,"master_deck":["Strike_R","Strike_R","Strike_R","Strike_R","Defend_R","Defend_R","Defend_R","Defend_R","Bash","Flex","Rampage","Iron Wave","Metallicize","Fire Breathing+1","Metallicize","Evolve","Cleave","Wild Strike","Rampage","Armaments+1","Heavy Blade","Thunderclap","Limit Break","Flex","Flex","Spot Weakness","Thunderclap","True Grit","Inflame+1"],"relics":["Orrery","Gremlin Horn","MawBank","Orichalcum","Runic Pyramid","Frozen Egg 2"],"potions_floor_usage":[7,16,16,16],"damage_taken":[{"damage":1,"enemies":"2 Louse","floor":1,"turns":3},{"damage":10,"enemies":"Small Slimes","floor":2,"turns":2},{"damage":0,"enemies":"Cultist","floor":3,"turns":4},{"damage":2,"enemies":"Large Slime","floor":4,"turns":6},{"damage":19,"enemies":"Exordium Thugs","floor":5,"turns":7},{"damage":29,"enemies":"Lagavulin","floor":7,"turns":6},{"damage":8,"enemies":"3 Sentries","floor":13,"turns":6},{"damage":9,"enemies":"Gremlin Gang","floor":14,"turns":3},{"damage":31,"enemies":"The Guardian","floor":16,"turns":8},{"damage":18,"enemies":"3 Byrds","floor":18,"turns":6},{"damage":13,"enemies":"Shell Parasite","floor":20,"turns":5},{"damage":12,"enemies":"Snecko","floor":21,"turns":4},{"damage":39,"enemies":"Slavers","floor":23,"turns":2}],"seed_played":"-4251528593320903598","potions_obtained":[{"floor":2,"key":"SteroidPotion"},{"floor":5,"key":"Strength Potion"},{"floor":7,"key":"Strength Potion"},{"floor":14,"key":"Energy Potion"},{"floor":20,"key":"SpeedPotion"}],"is_trial":false,"path_per_floor":["M","M","M","M","M","R","E","R","T","?","R","?","E","M","R","B",null,"M","$","M","M","?"],"character_chosen":"IRONCLAD","items_purchased":["Frozen Egg 2","Flex","Spot Weakness"],"campfire_rested":2,"item_purchase_floors":[19,19,19],"current_hp_per_floor":[79,69,69,67,48,48,19,19,19,39,63,63,55,46,69,38,77,59,59,46,34,34,0],"gold":97,"neow_bonus":"BOSS_RELIC","is_prod":false,"is_daily":false,"chose_seed":false,"campfire_upgraded":2,"win_rate":0,"timestamp":1533443929,"path_taken":["M","M","M","M","M","R","E","R","T","?","R","?","E","?","R","BOSS","M","$","M","?","?","E"],"build_version":"2018-08-02","purchased_purges":1,"victory":false,"max_hp_per_floor":[80,80,80,80,80,80,80,80,80,80,80,77,77,77,77,77,77,77,77,77,77,77,77],"card_choices":[{"not_picked":["Twin Strike","Shockwave"],"picked":"Flex","floor":0},{"not_picked":["Wild Strike","Entrench"],"picked":"Rampage","floor":0},{"not_picked":["Sever Soul","Anger"],"picked":"Iron Wave","floor":0},{"not_picked":["Iron Wave","Combust"],"picked":"Metallicize","floor":0},{"not_picked":["Clash","Sword Boomerang"],"picked":"Fire Breathing","floor":0},{"not_picked":["Body Slam","Sword Boomerang"],"picked":"Metallicize","floor":1},{"not_picked":["Heavy Blade","Ghostly Armor"],"picked":"Evolve","floor":2},{"not_picked":["Clash","Wild Strike"],"picked":"Cleave","floor":3},{"not_picked":["Second Wind","Body Slam"],"picked":"Wild Strike","floor":4},{"not_picked":["Thunderclap","Dropkick"],"picked":"Rampage","floor":5},{"not_picked":["Sever Soul","Brutality"],"picked":"Armaments","floor":7},{"not_picked":["Rage","Iron Wave"],"picked":"Heavy Blade","floor":13},{"not_picked":["Anger","Pommel Strike"],"picked":"Thunderclap","floor":14},{"not_picked":["Brutality","Juggernaut"],"picked":"Limit Break","floor":16},{"not_picked":["Flame Barrier","Pommel Strike"],"picked":"Flex","floor":18},{"not_picked":["Sword Boomerang","Cleave"],"picked":"Thunderclap","floor":20},{"not_picked":["Body Slam","Warcry"],"picked":"True Grit","floor":21}],"player_experience":115747,"relics_obtained":[{"floor":7,"key":"Gremlin Horn"},{"floor":9,"key":"MawBank"},{"floor":13,"key":"Orichalcum"}],"event_choices":[{"event_name":"Mushrooms","player_choice":"Healed and dodged fight","floor":10,"damage_taken":0},{"event_name":"Fountain of Cleansing","player_choice":"Removed Curse","floor":12,"damage_taken":0},{"event_name":"The Library","player_choice":"Read","floor":22,"damage_taken":0}],"is_beta":false,"boss_relics":[{"not_picked":["Black Star","Ectoplasm"],"picked":"Runic Pyramid"}],"items_purged_floors":[19],"is_endless":false,"potions_floor_spawned":[2,5,7,14,20],"killed_by":"Slavers","ascension_level":0}