{"gold_per_floor":[19,35,46,60,71,102,114,145,211,248,225,264,276,302,314,429,441,381,381,306,30,30,30,30,30,30,30,30,30,30,30,30,30,30,30,30,30,30,30,30,30,30,30,30,0,0,0,0,0,0],"floor_reached":51,"playtime":6133,"items_purged":["Defend_G"],"score":998,"play_id":"a72c08fd-f0c8-46c4-a4c1-e24c3f5487aa","local_time":"20190113180054","is_ascension_mode":true,"campfire_choices":[{"data":"Caltrops","floor":7,"key":"SMITH"},{"data":"Neutralize","floor":13,"key":"SMITH"},{"data":"Skewer","floor":15,"key":"SMITH"},{"floor":23,"key":"REST"},{"floor":29,"key":"REST"},{"data":"Footwork","floor":32,"key":"SMITH"},{"data":"Noxious Fumes","floor":44,"key":"SMITH"},{"data":"Burst","floor":46,"key":"SMITH"},{"data":"Wraith Form v2","floor":49,"key":"SMITH"}],"neow_cost":"NO_GOLD","seed_source_timestamp":354023214013015,"circlet_count":0,"master_deck":["Defend_G+1","Defend_G+1","Defend_G+1","Defend_G+1","Strike_G+1","Strike_G+1","Neutralize+1","Caltrops+1","Dash","All Out Attack","Escape Plan+1","Dagger Throw","Blur+1","Skewer+1","Wraith Form v2+1","Leg Sweep+1","Footwork+1","Noxious Fumes+1","Dodge and Roll+1","Burst+1","Deflect","Wraith Form v2+1","All Out Attack+1","Terror+1","Predator+1","Adrenaline","Bouncing Flask+1","Escape Plan+1"],"relics":["Ring of the Snake","Bird Faced Urn","MawBank","Blood Vial","Smiling Mask","Ornamental Fan","Ectoplasm","Bag of Preparation","Snake Skull","War Paint","Dream Catcher","Bag of Marbles","Astrolabe","Unceasing Top","Shuriken","Strawberry","Red Mask"],"potions_floor_usage":[2,6,10,12,16,24,33,50],"damage_taken":[{"damage":1,"enemies":"Small Slimes","floor":1,"turns":6},{"damage":1,"enemies":"2 Louse","floor":2,"turns":4},{"damage":0,"enemies":"Cultist","floor":3,"turns":4},{"damage":4,"enemies":"Exordium Wildlife","floor":4,"turns":4},{"damage":0,"enemies":"3 Louse","floor":5,"turns":2},{"damage":15,"enemies":"3 Sentries","floor":6,"turns":7},{"damage":4,"enemies":"Red Slaver","floor":8,"turns":4},{"damage":18,"enemies":"Gremlin Nob","floor":10,"turns":4},{"damage":17,"enemies":"Lagavulin","floor":12,"turns":6},{"damage":0,"enemies":"2 Fungi Beasts","floor":14,"turns":3},{"damage":35,"enemies":"Slime Boss","floor":16,"turns":8},{"damage":14,"enemies":"2 Thieves","floor":18,"turns":4},{"damage":10,"enemies":"Spheric Guardian","floor":19,"turns":4},{"damage":9,"enemies":"Snake Plant","floor":22,"turns":5},{"damage":10,"enemies":"Gremlin Leader","floor":24,"turns":10},{"damage":50,"enemies":"Slavers","floor":27,"turns":7},{"damage":6,"enemies":"Snecko","floor":28,"turns":7},{"damage":13,"enemies":"Gremlin Leader","floor":31,"turns":6},{"damage":20,"enemies":"Champ","floor":33,"turns":18},{"damage":1,"enemies":"Orb Walker","floor":35,"turns":4},{"damage":13,"enemies":"3 Darklings","floor":37,"turns":5},{"damage":0,"enemies":"Transient","floor":38,"turns":5},{"damage":0,"enemies":"Spire Growth","floor":39,"turns":6},{"damage":7,"enemies":"Reptomancer","floor":40,"turns":7},{"damage":0,"enemies":"Sphere and 2 Shapes","floor":41,"turns":6},{"damage":15,"enemies":"Nemesis","floor":42,"turns":7},{"damage":5,"enemies":"Maw","floor":47,"turns":7},{"damage":54,"enemies":"Time Eater","floor":50,"turns":13}],"seed_played":"1997164324701172233","potions_obtained":[{"floor":1,"key":"SpeedPotion"},{"floor":3,"key":"Swift Potion"},{"floor":4,"key":"FearPotion"},{"floor":10,"key":"GhostInAJar"},{"floor":12,"key":"Fire Potion"},{"floor":19,"key":"LiquidBronze"},{"floor":31,"key":"Ancient Potion"},{"floor":35,"key":"GhostInAJar"},{"floor":38,"key":"Weak Potion"},{"floor":39,"key":"FearPotion"}],"is_trial":false,"path_per_floor":["M","M","M","M","M","E","R","M","T","E","?","E","R","M","R","B",null,"M","M","?","$","M","R","E","?","T","E","M","R","?","E","R","B",null,"M","?","M","M","M","E","M","E","T","R","?","R","M","?","R","B",null],"character_chosen":"THE_SILENT","items_purchased":["Footwork","Bag of Preparation"],"campfire_rested":2,"item_purchase_floors":[21,21],"current_hp_per_floor":[62,63,65,63,63,48,48,46,46,32,49,36,36,40,40,9,55,45,39,39,39,36,57,55,55,55,13,13,34,34,31,31,19,57,62,62,57,67,70,65,70,59,66,66,66,66,71,71,71,27],"gold":0,"neow_bonus":"ONE_RARE_RELIC","is_prod":false,"is_daily":false,"chose_seed":false,"campfire_upgraded":7,"win_rate":0,"timestamp":1547424054,"path_taken":["M","M","M","M","M","E","R","M","T","E","?","E","R","M","R","BOSS","M","M","?","$","M","R","E","?","T","E","M","R","?","E","R","BOSS","M","?","M","M","M","E","M","E","T","R","?","R","M","?","R","BOSS"],"build_version":"2019-01-10","purchased_purges":1,"victory":true,"max_hp_per_floor":[70,70,70,70,70,70,70,70,70,70,70,70,70,70,70,70,70,70,70,70,70,70,70,70,70,70,70,70,70,70,70,70,70,70,70,70,70,70,70,70,70,70,77,77,77,77,77,77,77,77],"card_choices":[{"not_picked":["Sucker Punch","Prepared"],"picked":"Caltrops","floor":1},{"not_picked":["Blade Dance","Dagger Spray"],"picked":"Dash","floor":2},{"not_picked":["Sucker Punch","Deadly Poison"],"picked":"All Out Attack","floor":3},{"not_picked":["Deflect","Poisoned Stab","Reflex"],"picked":"SKIP","floor":4},{"not_picked":["Masterful Stab","Blade Dance"],"picked":"Escape Plan","floor":5},{"not_picked":["Dodge and Roll","Deflect","Prepared"],"picked":"SKIP","floor":6},{"not_picked":["Quick Slash","Bullet Time"],"picked":"Dagger Throw","floor":8},{"not_picked":["Infinite Blades","Masterful Stab","Finisher"],"picked":"SKIP","floor":10},{"not_picked":["Accuracy","Riddle With Holes"],"picked":"Blur","floor":12},{"not_picked":["Eviscerate","Riddle With Holes"],"picked":"Skewer","floor":14},{"not_picked":["Storm of Steel","Bullet Time"],"picked":"Wraith Form v2","floor":16},{"not_picked":["Outmaneuver+1","Deadly Poison","Sucker Punch+1"],"picked":"SKIP","floor":18},{"not_picked":["Riddle With Holes","PiercingWail"],"picked":"Leg Sweep+1","floor":19},{"not_picked":["Acrobatics","Crippling Poison","Sucker Punch"],"picked":"SKIP","floor":22},{"not_picked":["Prepared+1","Bouncing Flask"],"picked":"Noxious Fumes","floor":24},{"not_picked":["Glass Knife","Outmaneuver","Underhanded Strike"],"picked":"SKIP","floor":27},{"not_picked":["Blade Dance+1","Deadly Poison"],"picked":"Dodge and Roll+1","floor":28},{"not_picked":["Blade Dance","Calculated Gamble"],"picked":"Burst","floor":29},{"not_picked":["Blade Dance","Deadly Poison"],"picked":"Deflect","floor":31},{"not_picked":["Dagger Throw","Heel Hook"],"picked":"Predator+1","floor":35},{"not_picked":["Blade Dance","Prepared","Distraction+1"],"picked":"SKIP","floor":37},{"not_picked":["PiercingWail+1","Cloak And Dagger","Distraction+1"],"picked":"SKIP","floor":38},{"not_picked":["Heel Hook+1","Bane","Acrobatics+1"],"picked":"SKIP","floor":39},{"not_picked":["Poisoned Stab+1","Slice"],"picked":"Adrenaline","floor":40},{"not_picked":["Blade Dance","Sucker Punch+1"],"picked":"Bouncing Flask+1","floor":41},{"not_picked":["Flechettes","Underhanded Strike"],"picked":"Escape Plan+1","floor":42},{"not_picked":["Dagger Spray+1","Dodge and Roll+1","Infinite Blades"],"picked":"SKIP","floor":47}],"player_experience":155087,"relics_obtained":[{"floor":6,"key":"MawBank"},{"floor":9,"key":"Blood Vial"},{"floor":10,"key":"Smiling Mask"},{"floor":12,"key":"Ornamental Fan"},{"floor":24,"key":"Snake Skull"},{"floor":26,"key":"War Paint"},{"floor":27,"key":"Dream Catcher"},{"floor":31,"key":"Bag of Marbles"},{"floor":40,"key":"Unceasing Top"},{"floor":42,"key":"Shuriken"},{"floor":43,"key":"Strawberry"}],"event_choices":[{"damage_healed":17,"gold_gain":0,"player_choice":"Healed","damage_taken":0,"max_hp_gain":0,"max_hp_loss":0,"event_name":"The Cleric","floor":11,"gold_loss":35},{"cards_removed":["Strike_G"],"damage_healed":0,"gold_gain":0,"player_choice":"Gave Gold","damage_taken":0,"max_hp_gain":0,"max_hp_loss":0,"event_name":"Beggar","floor":20,"gold_loss":75},{"damage_healed":0,"gold_gain":0,"player_choice":"Simplicity","damage_taken":0,"max_hp_gain":0,"max_hp_loss":0,"event_name":"Back to Basics","floor":25,"gold_loss":0,"cards_upgraded":["Defend_G","Defend_G","Defend_G","Defend_G","Strike_G","Strike_G","Strike_G","Strike_G"]},{"damage_healed":0,"gold_gain":0,"player_choice":"Ignored","damage_taken":0,"max_hp_gain":0,"max_hp_loss":0,"event_name":"Golden Shrine","floor":30,"gold_loss":0},{"damage_healed":0,"gold_gain":0,"player_choice":"Ignored","damage_taken":0,"max_hp_gain":0,"max_hp_loss":0,"event_name":"Mysterious Sphere","floor":36,"gold_loss":0},{"damage_healed":0,"gold_gain":0,"player_choice":"Paid","damage_taken":0,"relics_obtained":["Red Mask"],"max_hp_gain":0,"max_hp_loss":0,"event_name":"Tomb of Lord Red Mask","floor":45,"gold_loss":30},{"damage_healed":0,"gold_gain":300,"player_choice":"Gold","damage_taken":0,"max_hp_gain":0,"max_hp_loss":0,"event_name":"Wheel of Change","floor":48,"gold_loss":0}],"is_beta":false,"boss_relics":[{"not_picked":["Eternal Feather","Pandora\u0027s Box"],"picked":"Ectoplasm"},{"not_picked":["Calling Bell","Snecko Eye"],"picked":"Astrolabe"}],"items_purged_floors":[21],"is_endless":false,"potions_floor_spawned":[1,3,4,10,12,19,31,35,38,39,41],"ascension_level":7}