{"gold_per_floor":[119,119,45,10,23,49,49,75,75,75,90,115,115,132,132,132],"floor_reached":16,"playtime":967,"items_purged":[],"score":215,"play_id":"29072412-91fd-4430-9750-a34b57951609","local_time":"20181214233015","is_ascension_mode":true,"campfire_choices":[{"data":"Neutralize","floor":7,"key":"SMITH"},{"floor":15,"key":"REST"}],"neow_cost":"NONE","seed_source_timestamp":215989327088107,"circlet_count":0,"master_deck":["AscendersBane","Defend_G","Defend_G","Defend_G","Defend_G","Defend_G","Strike_G","Strike_G","Strike_G","Strike_G","Survivor","Neutralize+1","All Out Attack","Dash","Predator","Dagger Spray","Leg Sweep","A Thousand Cuts","Poisoned Stab","Footwork","Backflip+1"],"relics":["Ring of the Snake","NeowsBlessing","Darkstone Periapt","Blue Candle","Potion Belt","PreservedInsect","Toxic Egg 2","Dodecahedron"],"potions_floor_usage":[12,12,16],"damage_taken":[{"damage":0,"enemies":"Jaw Worm","floor":1,"turns":1},{"damage":0,"enemies":"Small Slimes","floor":5,"turns":1},{"damage":0,"enemies":"3 Sentries","floor":6,"turns":1},{"damage":60,"enemies":"Lagavulin","floor":8,"turns":7},{"damage":0,"enemies":"Cultist","floor":11,"turns":3},{"damage":2,"enemies":"3 Sentries","floor":12,"turns":6},{"damage":0,"enemies":"Blue Slaver","floor":14,"turns":5},{"damage":29,"enemies":"Hexaghost","floor":16,"turns":9}],"seed_played":"2410952379918998107","potions_obtained":[{"floor":8,"key":"Poison Potion"},{"floor":11,"key":"FearPotion"},{"floor":12,"key":"Energy Potion"},{"floor":14,"key":"PowerPotion"}],"is_trial":false,"path_per_floor":["M","?","$","?","M","E","R","E","T","?","M","E","?","M","R","B"],"character_chosen":"THE_SILENT","items_purchased":["Dash"],"campfire_rested":1,"item_purchase_floors":[3],"current_hp_per_floor":[63,51,51,68,68,68,68,8,8,8,8,6,6,6,27,0],"gold":132,"neow_bonus":"THREE_ENEMY_KILL","is_prod":false,"is_daily":false,"chose_seed":false,"campfire_upgraded":1,"win_rate":0,"timestamp":1544830215,"path_taken":["M","?","$","?","M","E","R","E","T","?","?","E","?","M","R","BOSS"],"build_version":"2018-12-13","purchased_purges":0,"victory":false,"max_hp_per_floor":[70,70,70,70,70,70,70,70,70,70,70,70,70,70,70,70],"card_choices":[{"not_picked":["Cloak And Dagger","Dodge and Roll"],"picked":"All Out Attack","floor":1},{"not_picked":["Infinite Blades","Quick Slash"],"picked":"Predator","floor":5},{"not_picked":["Deadly Poison","Concentrate"],"picked":"Dagger Spray","floor":6},{"not_picked":["Bane","Infinite Blades"],"picked":"Leg Sweep","floor":8},{"not_picked":["Blade Dance","Distraction"],"picked":"Poisoned Stab","floor":11},{"not_picked":["Predator","Bullet Time"],"picked":"Footwork","floor":12},{"not_picked":["Crippling Poison+1","Sucker Punch"],"picked":"Backflip+1","floor":14}],"player_experience":1045392,"relics_obtained":[{"floor":6,"key":"Blue Candle"},{"floor":8,"key":"Potion Belt"},{"floor":9,"key":"PreservedInsect"},{"floor":12,"key":"Toxic Egg 2"}],"event_choices":[{"damage_healed":0,"gold_gain":0,"player_choice":"Success","damage_taken":12,"relics_obtained":["Darkstone Periapt"],"max_hp_gain":0,"max_hp_loss":0,"event_name":"Scrap Ooze","floor":2,"gold_loss":0},{"damage_healed":17,"gold_gain":0,"player_choice":"Healed","damage_taken":0,"max_hp_gain":0,"max_hp_loss":0,"event_name":"The Cleric","floor":4,"gold_loss":35},{"damage_healed":0,"gold_gain":0,"cards_transformed":["Strike_G"],"player_choice":"Change","damage_taken":0,"max_hp_gain":0,"max_hp_loss":0,"event_name":"Living Wall","floor":10,"gold_loss":0,"cards_obtained":["A Thousand Cuts"]},{"damage_healed":0,"gold_gain":0,"player_choice":"Gave Potion","damage_taken":0,"relics_obtained":["Dodecahedron"],"max_hp_gain":0,"max_hp_loss":0,"event_name":"WeMeetAgain","floor":13,"gold_loss":0}],"is_beta":false,"boss_relics":[],"items_purged_floors":[],"is_endless":false,"potions_floor_spawned":[8,11,12,14],"killed_by":"Hexaghost","ascension_level":10}