{"path_per_floor":["M","?","?","M","M","M","R","E","T","R","$","R","E","M","R","B",null,"M","M","?","?","?","E","R","?","T","R","M","E","M","?","R","B",null,"M","?","?","M","$","E","?","R","T","E","$","M","R","M","R","B"],"character_chosen":"DEFECT","items_purchased":["Sunder","Buffer+1","Matryoshka","FearPotion","Swift Potion"],"gold_per_floor":[15,15,15,34,49,63,63,91,114,114,76,76,104,119,119,218,218,229,249,249,249,249,280,280,280,304,304,317,347,367,367,367,468,468,488,488,488,498,15,48,48,48,74,109,7,24,24,40,40,40],"floor_reached":51,"campfire_rested":0,"playtime":4035,"item_purchase_floors":[11,39,39,45,45],"current_hp_per_floor":[74,59,52,52,52,50,50,49,49,49,49,49,45,45,45,45,75,75,75,75,75,59,57,57,57,57,57,57,31,30,30,30,52,82,82,82,82,82,82,70,82,82,82,71,71,71,71,71,71,39],"items_purged":["Writhe"],"gold":40,"score":751,"play_id":"4bb8cfbe-2baa-4d47-a456-6da04d3189c4","local_time":"20180608135941","is_prod":false,"is_daily":false,"chose_seed":false,"is_ascension_mode":false,"campfire_upgraded":10,"win_rate":0.0,"timestamp":1528487981,"campfire_choices":[{"data":"Zap","floor":7,"key":"SMITH"},{"data":"Loop","floor":10,"key":"SMITH"},{"data":"Dualcast","floor":12,"key":"SMITH"},{"data":"Sunder","floor":15,"key":"SMITH"},{"data":"Glacier","floor":24,"key":"SMITH"},{"data":"Redo","floor":27,"key":"SMITH"},{"data":"Defragment","floor":32,"key":"SMITH"},{"data":"Barrage","floor":42,"key":"SMITH"},{"data":"Steam","floor":47,"key":"SMITH"},{"data":"Machine Learning","floor":49,"key":"SMITH"}],"path_taken":["M","?","?","M","?","M","R","E","T","R","$","R","E","M","R","BOSS","M","M","?","?","?","E","R","?","T","R","M","E","?","?","R","BOSS","M","?","?","M","$","E","?","R","T","E","$","M","R","M","R","BOSS"],"build_version":"2018-06-07","seed_source_timestamp":506487259299027,"purchased_purges":1,"victory":true,"master_deck":["Zap+1","Dualcast+1","Barrage+1","Loop+1","Glacier+1","Sunder+1","Reboot+1","Machine Learning+1","Redo+1","Leap+1","Steam+1","Static Discharge+1","Necronomicurse","Defragment+1","Self Repair+1","Electrodynamics+1","Barrage+1","Buffer+1","Streamline+1","FTL+1"],"max_hp_per_floor":[75,75,75,75,75,75,75,75,75,75,75,75,75,75,75,75,75,75,75,75,75,75,82,82,82,82,82,82,82,82,82,82,82,82,82,82,82,82,82,82,82,82,82,82,82,82,82,82,82,82],"relics":["Cracked Core","Ancient Tea Set","Lantern","Potion Belt","Pandora\u0027s Box","Necronomicon","Strawberry","Oddly Smooth Stone","Orichalcum","Frozen Egg 2","Inserter","Matryoshka","Bag of Preparation","War Paint","Vajra","Art of War"],"card_choices":[{"not_picked":["Loop","Reinforced Body","Steam"],"picked":"SKIP","floor":1},{"not_picked":["Cold Snap","Hello World"],"picked":"Barrage","floor":4},{"not_picked":["Coolheaded","Skim"],"picked":"Loop","floor":5},{"not_picked":["Sunder","Turbo"],"picked":"Glacier","floor":6},{"not_picked":["Compile Driver","Tempest","Rebound"],"picked":"SKIP","floor":8},{"not_picked":["Scrape","Storm"],"picked":"Reboot","floor":13},{"not_picked":["Barrage","Sunder","Heatsinks"],"picked":"SKIP","floor":14},{"not_picked":["Amplify","Reboot"],"picked":"Machine Learning","floor":16},{"not_picked":["Hologram","Lockon+1"],"picked":"Static Discharge+1","floor":18},{"not_picked":["Redo","Cold Snap","Compile Driver+1"],"picked":"SKIP","floor":19},{"not_picked":["Steam","Beam Cell","Redo"],"picked":"SKIP","floor":23},{"not_picked":["Compile Driver","Fusion+1"],"picked":"Defragment","floor":28},{"not_picked":["Gash","Conserve Battery","Darkness"],"picked":"SKIP","floor":29},{"not_picked":["Skim+1","Compile Driver"],"picked":"Self Repair+1","floor":30},{"not_picked":["Reboot","Thunder Strike"],"picked":"Electrodynamics+1","floor":33},{"not_picked":["Static Discharge+1","Hologram","Genetic Algorithm"],"picked":"SKIP","floor":35},{"not_picked":["Cold Snap","Sweeping Beam"],"picked":"Barrage","floor":38},{"not_picked":["Consume","Beam Cell"],"picked":"Streamline+1","floor":40},{"not_picked":["Cold Snap","Conserve Battery","Double Energy+1"],"picked":"SKIP","floor":44},{"not_picked":["Redo","Darkness+1","Compile Driver+1"],"picked":"SKIP","floor":46},{"not_picked":["Consume+1","Blizzard"],"picked":"FTL+1","floor":48}],"player_experience":130377,"potions_floor_usage":[8,16,16,23,29,33,40,44,50,50,50,50,50],"damage_taken":[{"damage":1,"enemies":"Jaw Worm","floor":1,"turns":5},{"damage":0,"enemies":"2 Louse","floor":4,"turns":4},{"damage":0,"enemies":"Small Slimes","floor":5,"turns":2},{"damage":2,"enemies":"Looter","floor":6,"turns":4},{"damage":1,"enemies":"Lagavulin","floor":8,"turns":7},{"damage":4,"enemies":"3 Sentries","floor":13,"turns":8},{"damage":0,"enemies":"Large Slime","floor":14,"turns":3},{"damage":0,"enemies":"The Guardian","floor":16,"turns":10},{"damage":0,"enemies":"Spheric Guardian","floor":18,"turns":3},{"damage":0,"enemies":"Shell Parasite","floor":19,"turns":6},{"damage":9,"enemies":"Slavers","floor":23,"turns":5},{"damage":0,"enemies":"Centurion and Healer","floor":28,"turns":3},{"damage":26,"enemies":"Book of Stabbing","floor":29,"turns":3},{"damage":1,"enemies":"Sentry and Sphere","floor":30,"turns":3},{"damage":3,"enemies":"Automaton","floor":33,"turns":11},{"damage":9,"enemies":"3 Shapes","floor":35,"turns":4},{"damage":1,"enemies":"3 Darklings","floor":38,"turns":3},{"damage":12,"enemies":"2 Orb Walkers","floor":40,"turns":4},{"damage":21,"enemies":"Nemesis","floor":44,"turns":7},{"damage":0,"enemies":"Sphere and 2 Shapes","floor":46,"turns":3},{"damage":0,"enemies":"4 Shapes","floor":48,"turns":2},{"damage":32,"enemies":"Awakened One","floor":50,"turns":11}],"relics_obtained":[{"floor":8,"key":"Ancient Tea Set"},{"floor":9,"key":"Lantern"},{"floor":13,"key":"Potion Belt"},{"floor":22,"key":"Necronomicon"},{"floor":23,"key":"Strawberry"},{"floor":26,"key":"Orichalcum"},{"floor":29,"key":"Frozen Egg 2"},{"floor":40,"key":"Bag of Preparation"},{"floor":43,"key":"War Paint"},{"floor":43,"key":"Vajra"},{"floor":44,"key":"Art of War"}],"event_choices":[{"event_name":"Shining Light","player_choice":"Entered Light","floor":2,"damage_taken":0},{"event_name":"Golden Wing","player_choice":"Card Removal","floor":3,"damage_taken":0},{"event_name":"Drug Dealer","player_choice":"Ignored","floor":20,"damage_taken":0},{"event_name":"Transmorgrifier","player_choice":"Transform","floor":21,"damage_taken":0},{"event_name":"Cursed Tome","player_choice":"Obtained Book","floor":22,"damage_taken":0},{"event_name":"The Mausoleum","player_choice":"Yes","floor":25,"damage_taken":0},{"event_name":"Ghosts","player_choice":"Ignored","floor":31,"damage_taken":0},{"event_name":"Falling","player_choice":"Removed Attack","floor":36,"damage_taken":0},{"event_name":"Upgrade Shrine","player_choice":"Upgraded","floor":37,"damage_taken":0},{"event_name":"Bonfire Elementals","player_choice":"UNCOMMON","floor":41,"damage_taken":0}],"boss_relics":[{"not_picked":["Cursed Key","Black Star"],"picked":"Pandora\u0027s Box"},{"not_picked":["Runic Pyramid","Busted Crown"],"picked":"Inserter"}],"items_purged_floors":[39],"potions_floor_spawned":[1,4,5,8,19,29,33,35,38,40,46],"seed_played":"5632308991069699960","ascension_level":0,"potions_obtained":[{"floor":1,"key":"Block Potion"},{"floor":4,"key":"PowerPotion"},{"floor":5,"key":"SpeedPotion"},{"floor":8,"key":"Energy Potion"},{"floor":19,"key":"Weak Potion"},{"floor":29,"key":"Regen Potion"},{"floor":33,"key":"Fire Potion"},{"floor":35,"key":"SpeedPotion"},{"floor":38,"key":"Block Potion"},{"floor":40,"key":"Block Potion"},{"floor":46,"key":"SpeedPotion"}],"is_trial":false}