{"gold_per_floor":[366,516,534,31,42,42,42,42,90,90,110,110,136,146,146,220,220,230,265,282,282,294,294,321,321,321,27,27,40,67,11,11,89,89,106,124,224,241,166,194,0,33,60,60,88,108,108,128,128,128],"floor_reached":51,"playtime":2124,"items_purged":["Doubt","Normality"],"score":1369,"play_id":"ece80f7d-83af-4656-8f96-a5f2deec4a55","local_time":"20190209164846","is_ascension_mode":true,"campfire_choices":[{"data":"Defragment","floor":6,"key":"SMITH"},{"data":"Zap","floor":8,"key":"SMITH"},{"data":"Dualcast","floor":12,"key":"SMITH"},{"data":"Rainbow","floor":15,"key":"SMITH"},{"floor":23,"key":"REST"},{"floor":25,"key":"REST"},{"floor":28,"key":"REST"},{"data":"Conserve Battery","floor":32,"key":"SMITH"},{"floor":47,"key":"REST"},{"floor":49,"key":"RECALL"}],"neow_cost":"CURSE","seed_source_timestamp":2500179635633432,"circlet_count":0,"master_deck":["AscendersBane","Strike_B","Strike_B","Defend_B","Defend_B","Defend_B","Defend_B","Zap+1","Dualcast+1","Compile Driver","Conserve Battery+1","Defragment+1","Capacitor+1","Rainbow+1","Glacier+1","Self Repair+1","Electrodynamics+1","Undo+1","Static Discharge+1","Hologram+1","Glacier+1","Defragment+1","Capacitor+1","Storm+1","Leap+1","Skim+1","Hologram+1","Leap+1","Thunder Strike","Coolheaded+1","Consume+1","Chaos+1","Streamline","Capacitor+1","Glacier+1","Chaos+1"],"relics":["Cracked Core","Frozen Egg 2","Pen Nib","Toxic Egg 2","Runic Dome","Red Mask","Nilry\u0027s Codex","Ancient Tea Set","The Courier","Centennial Puzzle","Fusion Hammer","Unceasing Top","Calipers","Runic Capacitor","Smiling Mask","Juzu Bracelet","Gremlin Horn"],"potions_floor_usage":[5,11,13,16,22,24,44,50,50],"damage_taken":[{"damage":7,"enemies":"Jaw Worm","floor":1,"turns":3},{"damage":8,"enemies":"Small Slimes","floor":3,"turns":4},{"damage":1,"enemies":"Cultist","floor":5,"turns":4},{"damage":0,"enemies":"2 Fungi Beasts","floor":11,"turns":2},{"damage":12,"enemies":"3 Sentries","floor":13,"turns":10},{"damage":2,"enemies":"Exordium Wildlife","floor":14,"turns":4},{"damage":21,"enemies":"Slime Boss","floor":16,"turns":7},{"damage":6,"enemies":"Spheric Guardian","floor":18,"turns":3},{"damage":12,"enemies":"Masked Bandits","floor":19,"turns":2},{"damage":13,"enemies":"Shell Parasite","floor":20,"turns":6},{"damage":11,"enemies":"Snecko","floor":22,"turns":5},{"damage":37,"enemies":"Slavers","floor":24,"turns":4},{"damage":0,"enemies":"Centurion and Healer","floor":29,"turns":4},{"damage":22,"enemies":"Gremlin Leader","floor":30,"turns":6},{"damage":26,"enemies":"Automaton","floor":33,"turns":7},{"damage":0,"enemies":"3 Shapes","floor":35,"turns":2},{"damage":0,"enemies":"3 Darklings","floor":36,"turns":3},{"damage":0,"enemies":"Mind Bloom Boss Battle","floor":37,"turns":6},{"damage":0,"enemies":"4 Shapes","floor":38,"turns":2},{"damage":43,"enemies":"Reptomancer","floor":40,"turns":4},{"damage":10,"enemies":"Nemesis","floor":42,"turns":5},{"damage":0,"enemies":"Writhing Mass","floor":44,"turns":1},{"damage":2,"enemies":"Reptomancer","floor":45,"turns":5},{"damage":0,"enemies":"Maw","floor":46,"turns":6},{"damage":0,"enemies":"4 Shapes","floor":48,"turns":7},{"damage":10,"enemies":"Donu and Deca","floor":50,"turns":6}],"seed_played":"-6817504248376956819","potions_obtained":[{"floor":5,"key":"Explosive Potion"},{"floor":10,"key":"Fire Potion"},{"floor":11,"key":"FocusPotion"},{"floor":13,"key":"Poison Potion"},{"floor":14,"key":"Dexterity Potion"},{"floor":18,"key":"AttackPotion"},{"floor":22,"key":"SmokeBomb"},{"floor":29,"key":"Fire Potion"},{"floor":37,"key":"FocusPotion"},{"floor":45,"key":"Dexterity Potion"}],"is_trial":false,"path_per_floor":["M","?","M","$","M","R","$","R","T","?","M","R","E","M","R","B",null,"M","?","M","?","M","R","E","R","T","$","R","M","E","$","R","B",null,"M","M","?","M","?","E","$","E","T","M","E","M","R","M","R","B",null],"character_chosen":"DEFECT","items_purchased":["Fruit Juice","Defragment","Frozen Egg 2","Defragment+1","Capacitor+1","Storm+1","Leap+1","Hologram+1","Leap+1","Runic Capacitor","Capacitor+1"],"campfire_rested":4,"item_purchase_floors":[4,4,4,27,27,27,27,31,31,41,41],"current_hp_per_floor":[57,57,49,49,53,53,53,53,53,53,53,53,41,39,39,28,64,68,66,63,42,41,63,36,58,58,58,76,76,64,64,64,48,69,69,76,76,76,76,43,43,43,43,43,51,61,76,76,76,76],"gold":128,"neow_bonus":"TWO_FIFTY_GOLD","is_prod":false,"is_daily":false,"chose_seed":false,"campfire_upgraded":5,"win_rate":0,"timestamp":1549748926,"path_taken":["M","?","M","$","M","R","$","R","T","?","M","R","E","?","R","BOSS","M","?","M","?","?","R","E","R","T","$","R","?","E","$","R","BOSS","M","M","?","M","?","E","$","E","T","M","E","M","R","M","R","BOSS"],"build_version":"2019-01-23","purchased_purges":2,"victory":true,"max_hp_per_floor":[71,71,71,71,76,76,76,76,76,76,76,76,76,76,76,76,76,76,76,76,76,76,76,76,76,76,76,76,76,76,76,76,76,76,76,76,76,76,76,76,76,76,76,76,76,76,76,76,76,76],"card_choices":[{"not_picked":["Beam Cell","Turbo"],"picked":"Compile Driver","floor":1},{"not_picked":["Streamline","Turbo"],"picked":"Conserve Battery","floor":3},{"not_picked":["Rip and Tear","Conserve Battery"],"picked":"Capacitor+1","floor":5},{"not_picked":["Redo","White Noise"],"picked":"Rainbow","floor":11},{"not_picked":["Go for the Eyes","Self Repair+1"],"picked":"Glacier","floor":13},{"not_picked":["Reinforced Body+1","Rebound"],"picked":"Self Repair+1","floor":14},{"not_picked":["Buffer+1","Reboot+1"],"picked":"Electrodynamics+1","floor":16},{"not_picked":["Barrage+1","Force Field+1"],"picked":"Undo+1","floor":18},{"not_picked":["Stack+1","Cold Snap"],"picked":"Static Discharge+1","floor":19},{"not_picked":["Beam Cell","Sweeping Beam","Steam+1"],"picked":"SKIP","floor":20},{"not_picked":["Melter","Rip and Tear"],"picked":"Hologram+1","floor":22},{"not_picked":["Compile Driver+1","Consume+1"],"picked":"Glacier+1","floor":24},{"not_picked":["Barrage","Capacitor+1"],"picked":"Skim+1","floor":29},{"not_picked":["Go for the Eyes","Stack+1","Conserve Battery+1"],"picked":"SKIP","floor":30},{"not_picked":["Multi-Cast+1","Meteor Strike"],"picked":"Thunder Strike","floor":33},{"not_picked":["Redo+1","Conserve Battery+1","Undo+1"],"picked":"SKIP","floor":35},{"not_picked":["Sunder","Gash"],"picked":"Coolheaded+1","floor":36},{"not_picked":["Coolheaded+1","Undo+1"],"picked":"Consume+1","floor":37},{"not_picked":["Rebound+1","Streamline","Sunder"],"picked":"SKIP","floor":38},{"not_picked":["Sweeping Beam","BootSequence+1","Lockon"],"picked":"SKIP","floor":40},{"not_picked":["Rebound+1","Hologram+1","Turbo+1"],"picked":"SKIP","floor":42},{"not_picked":["Turbo+1","Gash+1","Hologram+1"],"picked":"SKIP","floor":45},{"not_picked":["Hologram+1","Steam Power+1"],"picked":"Glacier+1","floor":46},{"not_picked":["FTL","Turbo+1"],"picked":"Chaos+1","floor":48}],"player_experience":546372,"relics_obtained":[{"floor":9,"key":"Pen Nib"},{"floor":13,"key":"Toxic Egg 2"},{"floor":19,"key":"Red Mask"},{"floor":21,"key":"Nilry\u0027s Codex"},{"floor":24,"key":"Ancient Tea Set"},{"floor":26,"key":"The Courier"},{"floor":30,"key":"Centennial Puzzle"},{"floor":37,"key":"Unceasing Top"},{"floor":40,"key":"Calipers"},{"floor":42,"key":"Smiling Mask"},{"floor":43,"key":"Juzu Bracelet"},{"floor":45,"key":"Gremlin Horn"}],"event_choices":[{"damage_healed":0,"gold_gain":150,"player_choice":"AGREE","damage_taken":0,"max_hp_gain":0,"max_hp_loss":0,"event_name":"Liars Game","floor":2,"gold_loss":0,"cards_obtained":["Doubt"]},{"damage_healed":0,"gold_gain":0,"player_choice":"Got Potions","damage_taken":0,"max_hp_gain":0,"max_hp_loss":0,"event_name":"Lab","floor":10,"gold_loss":0},{"damage_healed":0,"gold_gain":0,"player_choice":"Fought Bandits","damage_taken":0,"max_hp_gain":0,"max_hp_loss":0,"event_name":"Masked Bandits","floor":19,"gold_loss":0},{"damage_healed":0,"gold_gain":0,"player_choice":"Obtained Book","damage_taken":21,"max_hp_gain":0,"max_hp_loss":0,"event_name":"Cursed Tome","floor":21,"gold_loss":0},{"damage_healed":0,"gold_gain":0,"player_choice":"Fight","damage_taken":0,"max_hp_gain":0,"max_hp_loss":0,"event_name":"MindBloom","floor":37,"gold_loss":0},{"damage_healed":0,"gold_gain":0,"cards_transformed":["Strike_B","Strike_B"],"player_choice":"Transformed Cards","damage_taken":0,"max_hp_gain":0,"max_hp_loss":0,"event_name":"Designer","floor":39,"gold_loss":75,"cards_obtained":["Chaos","Streamline"]}],"is_beta":false,"boss_relics":[{"not_picked":["FrozenCore","Velvet Choker"],"picked":"Runic Dome"},{"not_picked":["Eternal Feather","Orrery"],"picked":"Fusion Hammer"}],"items_purged_floors":[4,27],"is_endless":false,"potions_floor_spawned":[5,11,13,14,18,19,22,29,37,38,44,45],"ascension_level":15}