{"gold_per_floor":[119,119,134,152,152,196,48,48,48,48,82,82,97,111,111,234,234,257,277,277,277,297,297,331,331,402,416,751,751,770,788,788,911,911,929,1054,1070,1088,1088,1123,1142,1142,1142,1167,1204,378,396,396],"floor_reached":48,"playtime":3701,"items_purged":["Defend_G","Strike_G"],"score":857,"play_id":"0a234a38-4755-4326-b3eb-b781dd26488f","local_time":"20190110204947","is_ascension_mode":true,"campfire_choices":[{"data":"Well Laid Plans","floor":8,"key":"SMITH"},{"data":"Neutralize","floor":10,"key":"SMITH"},{"floor":15,"key":"REST"},{"data":"Malaise","floor":23,"key":"SMITH"},{"data":"Catalyst","floor":25,"key":"SMITH"},{"data":"Bouncing Flask","floor":29,"key":"SMITH"},{"data":"Terror","floor":32,"key":"SMITH"},{"data":"Catalyst","floor":42,"key":"SMITH"}],"neow_cost":"NONE","seed_source_timestamp":107393573322026,"circlet_count":0,"master_deck":["Defend_G","Defend_G","Defend_G","Strike_G","Strike_G","Strike_G","Strike_G","Survivor","Neutralize+1","Terror+1","Dagger Throw","Well Laid Plans+1","Backflip","Leg Sweep","Noxious Fumes+1","Backflip","Bouncing Flask+1","Malaise+1","Bane+1","Dash","Footwork+1","Catalyst+1","Backflip+1","Tools of the Trade+1","Cloak And Dagger+1","Catalyst+1","Footwork+1","Corpse Explosion+1","Crippling Poison+1","Noxious Fumes+1"],"relics":["Ring of the Serpent","Golden Idol","Frozen Egg 2","Shuriken","Paper Crane","Tough Bandages","Coffee Dripper","Sundial","Gremlin Horn","Old Coin","Gambling Chip","Toxic Egg 2","MawBank","Lantern","Omamori","PrismaticShard"],"potions_floor_usage":[18,24,24,33,35,48,48,48],"damage_taken":[{"damage":0,"enemies":"Jaw Worm","floor":1,"turns":6},{"damage":2,"enemies":"Small Slimes","floor":3,"turns":4},{"damage":0,"enemies":"Cultist","floor":4,"turns":3},{"damage":22,"enemies":"Lagavulin","floor":6,"turns":5},{"damage":15,"enemies":"3 Sentries","floor":11,"turns":7},{"damage":4,"enemies":"Exordium Thugs","floor":13,"turns":4},{"damage":4,"enemies":"2 Fungi Beasts","floor":14,"turns":3},{"damage":0,"enemies":"The Guardian","floor":16,"turns":9},{"damage":2,"enemies":"3 Byrds","floor":18,"turns":6},{"damage":0,"enemies":"Chosen","floor":19,"turns":5},{"damage":0,"enemies":"Shelled Parasite and Fungi","floor":22,"turns":5},{"damage":36,"enemies":"Slavers","floor":24,"turns":9},{"damage":0,"enemies":"Snecko","floor":27,"turns":5},{"damage":19,"enemies":"Gremlin Leader","floor":28,"turns":7},{"damage":0,"enemies":"Snake Plant","floor":30,"turns":4},{"damage":1,"enemies":"Centurion and Healer","floor":31,"turns":5},{"damage":18,"enemies":"Champ","floor":33,"turns":10},{"damage":0,"enemies":"3 Shapes","floor":35,"turns":5},{"damage":2,"enemies":"Mind Bloom Boss Battle","floor":36,"turns":5},{"damage":0,"enemies":"Orb Walker","floor":37,"turns":4},{"damage":3,"enemies":"Writhing Mass","floor":38,"turns":5},{"damage":0,"enemies":"Nemesis","floor":40,"turns":5},{"damage":8,"enemies":"Jaw Worm Horde","floor":41,"turns":5},{"damage":5,"enemies":"Sphere and 2 Shapes","floor":44,"turns":6},{"damage":0,"enemies":"3 Darklings","floor":45,"turns":5},{"damage":12,"enemies":"Jaw Worm Horde","floor":47,"turns":3},{"damage":41,"enemies":"Reptomancer","floor":48,"turns":4}],"seed_played":"707493687577284524","potions_obtained":[{"floor":1,"key":"SteroidPotion"},{"floor":13,"key":"GhostInAJar"},{"floor":14,"key":"SpeedPotion"},{"floor":24,"key":"Fruit Juice"},{"floor":30,"key":"Swift Potion"},{"floor":31,"key":"Dexterity Potion"},{"floor":33,"key":"Block Potion"},{"floor":35,"key":"AttackPotion"},{"floor":44,"key":"Strength Potion"}],"is_trial":false,"path_per_floor":["M","?","M","M","?","E","$","R","T","R","E","T","M","M","R","B",null,"M","M","?","?","M","R","E","R","T","M","E","R","M","M","R","B",null,"M","?","M","M","?","E","M","R","T","M","M","$","M","E"],"character_chosen":"THE_SILENT","items_purchased":["Leg Sweep","Lantern","EntropicBrew","Noxious Fumes+1","Omamori","PrismaticShard","LiquidBronze"],"campfire_rested":1,"item_purchase_floors":[7,46,46,46,46,46,46],"current_hp_per_floor":[70,63,61,61,61,39,39,39,39,39,24,24,20,16,37,37,63,61,61,61,71,71,71,40,40,40,40,21,21,21,20,20,2,58,58,56,56,53,53,53,45,45,45,40,40,40,28,0],"gold":396,"neow_bonus":"TEN_PERCENT_HP_BONUS","is_prod":false,"is_daily":false,"chose_seed":false,"campfire_upgraded":7,"win_rate":0,"timestamp":1547174987,"path_taken":["M","?","M","M","?","E","?","R","T","R","E","?","?","M","R","BOSS","M","M","?","?","?","R","E","R","T","M","E","R","M","M","R","BOSS","M","?","M","M","?","E","M","R","T","M","M","$","M","E"],"build_version":"2019-01-10","purchased_purges":2,"victory":false,"max_hp_per_floor":[77,77,77,77,71,71,71,71,71,71,71,71,71,71,71,71,71,71,71,71,71,71,71,76,76,76,76,76,76,76,76,76,76,76,76,76,76,76,76,76,76,76,76,76,76,76,76,76],"card_choices":[{"not_picked":["Sucker Punch","Prepared"],"picked":"Terror","floor":1},{"not_picked":["Outmaneuver","Acrobatics"],"picked":"Dagger Throw","floor":3},{"not_picked":["Sucker Punch","Deadly Poison"],"picked":"Well Laid Plans","floor":4},{"not_picked":["Expertise","Slice"],"picked":"Backflip","floor":6},{"not_picked":["Crippling Poison","Backflip"],"picked":"Noxious Fumes+1","floor":11},{"not_picked":["Poisoned Stab","Outmaneuver"],"picked":"Backflip","floor":13},{"not_picked":["Setup","Riddle With Holes"],"picked":"Bouncing Flask","floor":14},{"not_picked":["Glass Knife","Night Terror"],"picked":"Malaise","floor":16},{"not_picked":["Terror","PiercingWail"],"picked":"Bane+1","floor":18},{"not_picked":["Blade Dance","Masterful Stab"],"picked":"Dash","floor":19},{"not_picked":["Cloak And Dagger","Blade Dance"],"picked":"Footwork+1","floor":22},{"not_picked":["Crippling Poison","Slice"],"picked":"Catalyst","floor":24},{"not_picked":["Heel Hook","Phantasmal Killer","Outmaneuver"],"picked":"SKIP","floor":27},{"not_picked":["Backstab","Underhanded Strike"],"picked":"Backflip+1","floor":28},{"not_picked":["Backflip+1","Flying Knee+1","PiercingWail"],"picked":"SKIP","floor":30},{"not_picked":["Bane","All Out Attack","Underhanded Strike"],"picked":"SKIP","floor":31},{"not_picked":["Night Terror","Bullet Time"],"picked":"Tools of the Trade+1","floor":33},{"not_picked":["Underhanded Strike+1","Caltrops+1"],"picked":"Cloak And Dagger+1","floor":35},{"not_picked":["Infinite Blades+1","Underhanded Strike"],"picked":"Catalyst","floor":37},{"not_picked":["Poisoned Stab+1","Flying Knee+1"],"picked":"Footwork+1","floor":38},{"not_picked":["Caltrops+1","Grand Finale","Sucker Punch"],"picked":"SKIP","floor":40},{"not_picked":["Flying Knee","Sucker Punch","Bane"],"picked":"SKIP","floor":41},{"not_picked":["Sucker Punch","Choke+1"],"picked":"Corpse Explosion+1","floor":44},{"not_picked":["Blade Dance+1","Skewer"],"picked":"Crippling Poison+1","floor":45},{"not_picked":["Feel No Pain+1","Fire Breathing+1","Deadly Poison+1"],"picked":"SKIP","floor":47}],"player_experience":146405,"relics_obtained":[{"floor":6,"key":"Frozen Egg 2"},{"floor":9,"key":"Shuriken"},{"floor":11,"key":"Paper Crane"},{"floor":12,"key":"Tough Bandages"},{"floor":24,"key":"Sundial"},{"floor":26,"key":"Gremlin Horn"},{"floor":28,"key":"Old Coin"},{"floor":36,"key":"Gambling Chip"},{"floor":40,"key":"Toxic Egg 2"},{"floor":43,"key":"MawBank"}],"event_choices":[{"cards_removed":["Defend_G"],"damage_healed":0,"gold_gain":0,"player_choice":"Card Removal","damage_taken":7,"max_hp_gain":0,"max_hp_loss":0,"event_name":"Golden Wing","floor":2,"gold_loss":0},{"damage_healed":0,"gold_gain":0,"player_choice":"Lose Max HP","damage_taken":0,"relics_obtained":["Golden Idol"],"max_hp_gain":0,"max_hp_loss":6,"event_name":"Golden Idol","floor":5,"gold_loss":0},{"damage_healed":0,"gold_gain":0,"player_choice":"Read","damage_taken":0,"max_hp_gain":0,"max_hp_loss":0,"event_name":"The Library","floor":20,"gold_loss":0,"cards_obtained":["Escape Plan"]},{"cards_removed":["Escape Plan"],"damage_healed":10,"gold_gain":0,"player_choice":"Offered Uncommon","damage_taken":0,"max_hp_gain":0,"max_hp_loss":0,"event_name":"Bonfire Elementals","floor":21,"gold_loss":0},{"damage_healed":0,"gold_gain":0,"player_choice":"Fight","damage_taken":0,"max_hp_gain":0,"max_hp_loss":0,"event_name":"MindBloom","floor":36,"gold_loss":0},{"damage_healed":0,"gold_gain":0,"player_choice":"Ignored","damage_taken":0,"max_hp_gain":0,"max_hp_loss":0,"event_name":"Tomb of Lord Red Mask","floor":39,"gold_loss":0}],"is_beta":false,"boss_relics":[{"not_picked":["Runic Dome","Eternal Feather"],"picked":"Coffee Dripper"},{"not_picked":["Lizard Tail","Tiny House"],"picked":"Ring of the Serpent"}],"items_purged_floors":[7,46],"is_endless":false,"potions_floor_spawned":[1,13,14,16,24,30,31,33,35,44],"killed_by":"Reptomancer","ascension_level":7}