{"gold_per_floor":[116,116,41,116,116,146,146,173,197,209,240,263,275,462,474,584,596,618,649,693,705,137,166,166],"floor_reached":24,"playtime":1630,"items_purged":["Defend_R","Doubt"],"score":324,"play_id":"9f591e2e-d7b2-4361-9a3d-58f6f2a78b48","local_time":"20190207212311","is_ascension_mode":true,"campfire_choices":[{"data":"Anger","floor":7,"key":"SMITH"},{"data":"Offering","floor":10,"key":"SMITH"},{"data":"Uppercut","floor":13,"key":"SMITH"},{"data":"Sword Boomerang","floor":15,"key":"SMITH"}],"neow_cost":"NONE","seed_source_timestamp":1143989581784309,"circlet_count":0,"master_deck":["Strike_R","Strike_R","Strike_R","Strike_R","Defend_R","Defend_R","Defend_R+1","Bash+1","Anger+1","Warcry+1","Offering+1","Uppercut+1","Sword Boomerang+1","Feed","Flex","Ghostly Armor","Iron Wave","Cleave","Armaments+1","Headbutt+1","Panacea","Dropkick","Apotheosis","Warcry+1"],"relics":["Burning Blood","NeowsBlessing","Bag of Preparation","MawBank","Orrery","Red Mask","Nloth\u0027s Gift","War Paint","Bottled Lightning"],"potions_floor_usage":[23,23,24,24],"damage_taken":[{"damage":0,"enemies":"Jaw Worm","floor":1,"turns":1},{"damage":0,"enemies":"Gremlin Nob","floor":6,"turns":1},{"damage":0,"enemies":"3 Sentries","floor":8,"turns":1},{"damage":6,"enemies":"2 Louse","floor":11,"turns":2},{"damage":0,"enemies":"Small Slimes","floor":12,"turns":3},{"damage":18,"enemies":"Slime Boss","floor":16,"turns":8},{"damage":34,"enemies":"Shell Parasite","floor":18,"turns":7},{"damage":6,"enemies":"Chosen","floor":19,"turns":4},{"damage":19,"enemies":"Masked Bandits","floor":20,"turns":5},{"damage":43,"enemies":"Slavers","floor":23,"turns":5},{"damage":18,"enemies":"Centurion and Healer","floor":24,"turns":3}],"seed_played":"396075426224402160","potions_obtained":[{"floor":1,"key":"EssenceOfSteel"},{"floor":11,"key":"FearPotion"},{"floor":16,"key":"Strength Potion"},{"floor":23,"key":"Poison Potion"}],"is_trial":false,"path_per_floor":["M","?","$","?","?","E","R","E","T","R","M","M","R","?","R","B",null,"M","M","?","?","$","E","M"],"character_chosen":"IRONCLAD","items_purchased":["Panacea","Dropkick","Apotheosis","War Paint"],"campfire_rested":0,"item_purchase_floors":[22,22,22,22],"current_hp_per_floor":[80,64,64,53,53,59,59,65,65,65,65,71,71,71,71,59,80,52,52,42,42,42,8,0],"gold":166,"neow_bonus":"THREE_ENEMY_KILL","is_prod":false,"is_daily":false,"chose_seed":false,"campfire_upgraded":4,"win_rate":0,"timestamp":1549570991,"path_taken":["M","?","$","?","?","E","R","E","T","R","?","M","R","?","R","BOSS","M","M","?","?","$","E","?"],"build_version":"2019-01-23","purchased_purges":2,"victory":false,"max_hp_per_floor":[80,80,80,80,80,80,80,80,80,80,80,80,80,80,80,80,80,80,80,83,83,83,86,90],"card_choices":[{"not_picked":["Dual Wield","Entrench"],"picked":"Anger","floor":1},{"not_picked":["Berserk","Reckless Charge","Exhume"],"picked":"SKIP","floor":6},{"not_picked":["Clothesline","Headbutt"],"picked":"Offering","floor":8},{"not_picked":["Clash","Flame Barrier"],"picked":"Uppercut","floor":11},{"not_picked":["Clash","Infernal Blade"],"picked":"Sword Boomerang","floor":12},{"not_picked":["Berserk","Juggernaut"],"picked":"Feed","floor":16},{"not_picked":["Headbutt","Wild Strike"],"picked":"Flex","floor":17},{"not_picked":["Anger","Clash"],"picked":"Ghostly Armor","floor":17},{"not_picked":["Clothesline","Bludgeon"],"picked":"Iron Wave","floor":17},{"not_picked":["Thunderclap","Body Slam"],"picked":"Cleave","floor":17},{"not_picked":["Sever Soul+1","Infernal Blade","Juggernaut"],"picked":"SKIP","floor":18},{"not_picked":["Thunderclap","Fire Breathing"],"picked":"Armaments","floor":19},{"not_picked":["Ghostly Armor+1","Body Slam"],"picked":"Headbutt+1","floor":20},{"not_picked":["Heavy Blade","Bludgeon"],"picked":"Warcry+1","floor":23}],"player_experience":277584,"relics_obtained":[{"floor":6,"key":"Bird Faced Urn"},{"floor":8,"key":"Bag of Preparation"},{"floor":9,"key":"MawBank"},{"floor":20,"key":"Red Mask"},{"floor":23,"key":"Bottled Lightning"}],"event_choices":[{"damage_healed":0,"gold_gain":0,"player_choice":"Entered Light","damage_taken":16,"max_hp_gain":0,"max_hp_loss":0,"event_name":"Shining Light","floor":2,"gold_loss":0,"cards_upgraded":["Defend_R","Bash"]},{"damage_healed":0,"gold_gain":75,"player_choice":"Gather Gold","damage_taken":11,"max_hp_gain":0,"max_hp_loss":0,"event_name":"World of Goop","floor":4,"gold_loss":0},{"damage_healed":0,"gold_gain":0,"cards_transformed":["Strike_R"],"player_choice":"Transformed","damage_taken":0,"max_hp_gain":0,"max_hp_loss":0,"event_name":"Transmorgrifier","floor":5,"gold_loss":0,"cards_obtained":["Warcry"]},{"damage_healed":0,"gold_gain":175,"player_choice":"AGREE","damage_taken":0,"max_hp_gain":0,"max_hp_loss":0,"event_name":"Liars Game","floor":14,"gold_loss":0,"cards_obtained":["Doubt"]},{"damage_healed":0,"gold_gain":0,"player_choice":"Fought Bandits","damage_taken":0,"max_hp_gain":0,"max_hp_loss":0,"event_name":"Masked Bandits","floor":20,"gold_loss":0},{"damage_healed":0,"gold_gain":0,"player_choice":"Traded Relic","damage_taken":0,"relics_obtained":["Nloth\u0027s Gift"],"max_hp_gain":0,"max_hp_loss":0,"event_name":"N\u0027loth","floor":21,"relics_lost":["Bird Faced Urn"],"gold_loss":0}],"is_beta":false,"boss_relics":[{"not_picked":["Cursed Key","Runic Dome"],"picked":"Orrery"}],"items_purged_floors":[3,22],"is_endless":false,"potions_floor_spawned":[1,11,16,18,20,23],"killed_by":"Centurion and Healer","ascension_level":4}