{"gold_per_floor":[114,133,133,83,102,112,112,137,164,164,181,210,210,234,234,334,334,353,367,367,379,36,70,70,132,185,185,198,232,250,68,68,68],"floor_reached":33,"playtime":3835,"items_purged":["Strike_R"],"score":403,"play_id":"c6a5cc43-1146-4a40-a9e3-a5c028be0704","local_time":"20190207205548","is_ascension_mode":true,"campfire_choices":[{"data":"Rampage","floor":7,"key":"SMITH"},{"data":"Perfected Strike","floor":10,"key":"SMITH"},{"data":"Bash","floor":15,"key":"SMITH"},{"floor":24,"key":"REST"},{"floor":27,"key":"REST"},{"data":"Discovery","floor":32,"key":"SMITH"}],"neow_cost":"NONE","seed_source_timestamp":1140140377533506,"circlet_count":0,"master_deck":["Strike_R","Strike_R","Strike_R","Strike_R","Defend_R","Defend_R","Defend_R","Bash+1","Offering","Battle Trance","Perfected Strike+1","Shrug It Off","Rampage+1","Battle Trance","Metallicize","Flex","Limit Break","Sword Boomerang","True Grit+1","Spot Weakness","Whirlwind","Trip","Inflame+1","Rage+1","Dual Wield+1","Discovery+1","Twin Strike"],"relics":["Burning Blood","Omamori","Centennial Puzzle","Vajra","Singing Bowl","Art of War","Black Star","MutagenicStrength","Blood Vial","Strawberry","Happy Flower","Tiny Chest","Orichalcum","Smiling Mask","Calipers","Lantern"],"potions_floor_usage":[16,23,25,33],"damage_taken":[{"damage":6,"enemies":"Cultist","floor":1,"turns":4},{"damage":8,"enemies":"Jaw Worm","floor":2,"turns":2},{"damage":1,"enemies":"2 Louse","floor":5,"turns":3},{"damage":8,"enemies":"2 Fungi Beasts","floor":6,"turns":3},{"damage":20,"enemies":"3 Sentries","floor":8,"turns":6},{"damage":11,"enemies":"Looter","floor":11,"turns":2},{"damage":5,"enemies":"Gremlin Nob","floor":12,"turns":3},{"damage":30,"enemies":"Hexaghost","floor":16,"turns":8},{"damage":19,"enemies":"Spheric Guardian","floor":18,"turns":4},{"damage":25,"enemies":"2 Thieves","floor":19,"turns":3},{"damage":14,"enemies":"Sentry and Sphere","floor":21,"turns":3},{"damage":40,"enemies":"Slavers","floor":23,"turns":5},{"damage":15,"enemies":"Gremlin Leader","floor":25,"turns":5},{"damage":12,"enemies":"3 Cultists","floor":28,"turns":5},{"damage":35,"enemies":"Slavers","floor":29,"turns":4},{"damage":6,"enemies":"Shelled Parasite and Fungi","floor":30,"turns":2},{"damage":77,"enemies":"Champ","floor":33,"turns":6}],"seed_played":"8806454055519764984","potions_obtained":[{"floor":2,"key":"Dexterity Potion"},{"floor":6,"key":"Block Potion"},{"floor":8,"key":"SkillPotion"},{"floor":16,"key":"Swift Potion"},{"floor":25,"key":"GamblersBrew"}],"is_trial":false,"path_per_floor":["M","M","?","?","M","M","R","E","T","R","M","E","?","T","R","B",null,"M","M","?","M","$","E","R","E","T","R","M","E","M","$","R","B"],"character_chosen":"IRONCLAD","items_purchased":["Spot Weakness","Whirlwind","Blood Vial","Trip","Discovery","Twin Strike"],"campfire_rested":2,"item_purchase_floors":[22,22,22,22,31,31],"current_hp_per_floor":[80,78,83,83,85,83,83,69,69,69,64,65,62,62,62,38,85,72,53,53,47,47,22,50,43,43,71,67,42,46,46,46,0],"gold":68,"neow_bonus":"ONE_RANDOM_RARE_CARD","is_prod":false,"is_daily":false,"chose_seed":false,"campfire_upgraded":4,"win_rate":0,"timestamp":1549569348,"path_taken":["M","?","?","?","M","M","R","E","T","R","M","E","?","?","R","BOSS","M","M","?","M","?","E","R","E","T","R","M","E","M","$","R","BOSS"],"build_version":"2019-01-23","purchased_purges":1,"victory":false,"max_hp_per_floor":[80,80,85,85,85,85,85,85,85,85,85,85,85,85,85,85,85,85,85,85,87,87,94,94,94,94,94,94,96,98,98,98,98],"card_choices":[{"not_picked":["Clothesline","Twin Strike"],"picked":"Battle Trance","floor":1},{"not_picked":["Warcry","Rupture"],"picked":"Perfected Strike","floor":2},{"not_picked":["Heavy Blade","Armaments"],"picked":"Shrug It Off","floor":5},{"not_picked":["Power Through","Hemokinesis"],"picked":"Rampage","floor":6},{"not_picked":["Sever Soul","Armaments"],"picked":"Battle Trance","floor":8},{"not_picked":["Iron Wave","Combust"],"picked":"Metallicize","floor":11},{"not_picked":["Twin Strike","Battle Trance"],"picked":"Flex","floor":12},{"not_picked":["Dark Embrace","Bludgeon"],"picked":"Limit Break","floor":16},{"not_picked":["Entrench","Pummel"],"picked":"Sword Boomerang","floor":18},{"not_picked":["Dropkick","Havoc"],"picked":"True Grit+1","floor":19},{"not_picked":["Warcry","Sword Boomerang","Twin Strike"],"picked":"Singing Bowl","floor":21},{"not_picked":["Rupture","Clothesline"],"picked":"Inflame+1","floor":23},{"not_picked":["Wild Strike","Evolve+1"],"picked":"Rage+1","floor":25},{"not_picked":["Sword Boomerang","Body Slam"],"picked":"Dual Wield+1","floor":28},{"not_picked":["Havoc","Second Wind","Sentinel+1"],"picked":"Singing Bowl","floor":29},{"not_picked":["Impervious","Headbutt","Corruption+1"],"picked":"Singing Bowl","floor":30}],"player_experience":273749,"relics_obtained":[{"floor":8,"key":"Omamori"},{"floor":9,"key":"Centennial Puzzle"},{"floor":12,"key":"Vajra"},{"floor":14,"key":"Art of War"},{"floor":23,"key":"Strawberry"},{"floor":23,"key":"Happy Flower"},{"floor":25,"key":"Tiny Chest"},{"floor":25,"key":"Orichalcum"},{"floor":26,"key":"Smiling Mask"},{"floor":29,"key":"Calipers"},{"floor":29,"key":"Lantern"}],"event_choices":[{"damage_healed":0,"gold_gain":0,"player_choice":"Donut","damage_taken":0,"max_hp_gain":5,"max_hp_loss":0,"event_name":"Big Fish","floor":3,"gold_loss":0},{"cards_removed":["Defend_R"],"damage_healed":0,"gold_gain":0,"player_choice":"Card Removal","damage_taken":0,"max_hp_gain":0,"max_hp_loss":0,"event_name":"The Cleric","floor":4,"gold_loss":50},{"damage_healed":0,"gold_gain":0,"player_choice":"Success","damage_taken":3,"relics_obtained":["Singing Bowl"],"max_hp_gain":0,"max_hp_loss":0,"event_name":"Scrap Ooze","floor":13,"gold_loss":0},{"damage_healed":0,"gold_gain":0,"player_choice":"Inject Mutagens","damage_taken":0,"relics_obtained":["MutagenicStrength"],"max_hp_gain":0,"max_hp_loss":0,"event_name":"Drug Dealer","floor":20,"gold_loss":0}],"is_beta":false,"boss_relics":[{"not_picked":["Empty Cage","Busted Crown"],"picked":"Black Star"}],"items_purged_floors":[31],"is_endless":false,"potions_floor_spawned":[2,6,8,12,16,19,25],"killed_by":"Champ","ascension_level":4}