{"gold_per_floor":[110,110,134,157,180,180,196,196,196,146,34,53,93,111,111,242,242,265,265,281,281,281],"floor_reached":22,"playtime":1094,"items_purged":["Strike_G"],"score":316,"play_id":"d0cc7f1f-52af-4ac0-a8e0-8a7e5b032cb9","local_time":"20190102235924","is_ascension_mode":true,"campfire_choices":[{"data":"Infinite Blades","floor":6,"key":"SMITH"},{"floor":8,"key":"REST"},{"floor":15,"key":"REST"}],"neow_cost":"NONE","seed_source_timestamp":885373109856312,"circlet_count":0,"master_deck":["AscendersBane","Defend_G","Defend_G","Defend_G","Defend_G","Defend_G","Survivor","Neutralize","Deflect","Masterful Stab","Slice","Escape Plan","Infinite Blades+1","Caltrops","Leg Sweep","Blade Dance","Infinite Blades","Dagger Throw+1","Unload+1","Expertise","Bite+1","Bite+1","Bite+1","Bite+1","Bite+1"],"relics":["Ring of the Serpent","Bloody Idol","Singing Bowl","Molten Egg 2"],"potions_floor_usage":[13,16,22],"damage_taken":[{"damage":2,"enemies":"2 Louse","floor":1,"turns":4},{"damage":1,"enemies":"Small Slimes","floor":3,"turns":3},{"damage":0,"enemies":"Jaw Worm","floor":4,"turns":4},{"damage":0,"enemies":"Blue Slaver","floor":5,"turns":4},{"damage":4,"enemies":"2 Fungi Beasts","floor":7,"turns":3},{"damage":2,"enemies":"Exordium Wildlife","floor":12,"turns":4},{"damage":11,"enemies":"Lagavulin","floor":13,"turns":10},{"damage":5,"enemies":"3 Louse","floor":14,"turns":3},{"damage":46,"enemies":"The Guardian","floor":16,"turns":13},{"damage":24,"enemies":"Spheric Guardian","floor":18,"turns":5},{"damage":28,"enemies":"3 Byrds","floor":20,"turns":5},{"damage":21,"enemies":"3 Cultists","floor":22,"turns":4}],"seed_played":"7332781525131185025","potions_obtained":[{"floor":1,"key":"PowerPotion"},{"floor":3,"key":"Strength Potion"},{"floor":18,"key":"Dexterity Potion"}],"is_trial":false,"path_per_floor":["M","?","M","M","M","R","M","R","T","?","$","M","E","M","R","B",null,"M","?","M","?","M"],"character_chosen":"THE_SILENT","items_purchased":["Leg Sweep"],"campfire_rested":2,"item_purchase_floors":[11],"current_hp_per_floor":[61,44,43,43,43,43,39,60,60,60,60,58,47,42,63,17,57,35,35,12,12,0],"gold":281,"neow_bonus":"TRANSFORM_CARD","is_prod":false,"is_daily":false,"chose_seed":false,"campfire_upgraded":1,"win_rate":0,"timestamp":1546491564,"path_taken":["M","?","M","M","M","R","M","R","T","?","?","M","E","M","R","BOSS","M","?","M","?","M"],"build_version":"2018-12-20","purchased_purges":1,"victory":false,"max_hp_per_floor":[70,70,70,70,70,70,70,70,70,70,70,70,70,70,70,70,70,72,72,72,50,50],"card_choices":[{"not_picked":["Deflect","Cloak And Dagger"],"picked":"Masterful Stab","floor":1},{"not_picked":["Flying Knee","Dagger Spray"],"picked":"Slice","floor":3},{"not_picked":["PiercingWail","Prepared"],"picked":"Escape Plan","floor":4},{"not_picked":["Accuracy","Dagger Spray"],"picked":"Infinite Blades","floor":5},{"not_picked":["Dagger Throw","Underhanded Strike"],"picked":"Caltrops","floor":7},{"not_picked":["All Out Attack","Caltrops"],"picked":"Blade Dance","floor":12},{"not_picked":["Backstab","Bane"],"picked":"Infinite Blades","floor":13},{"not_picked":["Deadly Poison","PiercingWail"],"picked":"Dagger Throw+1","floor":14},{"not_picked":["Wraith Form v2","Adrenaline"],"picked":"Unload+1","floor":16},{"not_picked":["Dagger Throw+1","Dagger Spray+1","Deadly Poison"],"picked":"Singing Bowl","floor":18},{"not_picked":["Bane+1","PiercingWail"],"picked":"Expertise","floor":20}],"player_experience":451264,"relics_obtained":[{"floor":9,"key":"Singing Bowl"},{"floor":13,"key":"Molten Egg 2"}],"event_choices":[{"damage_healed":0,"gold_gain":0,"player_choice":"Take Damage","damage_taken":17,"relics_obtained":["Golden Idol"],"max_hp_gain":0,"max_hp_loss":0,"event_name":"Golden Idol","floor":2,"gold_loss":0},{"cards_removed":["Strike_G"],"damage_healed":0,"gold_gain":0,"player_choice":"Card Removal","damage_taken":0,"max_hp_gain":0,"max_hp_loss":0,"event_name":"The Cleric","floor":10,"gold_loss":50},{"damage_healed":0,"gold_gain":0,"player_choice":"Gave Idol","damage_taken":0,"relics_obtained":["Bloody Idol"],"max_hp_gain":0,"max_hp_loss":0,"event_name":"Forgotten Altar","floor":19,"relics_lost":["Golden Idol"],"gold_loss":0},{"damage_healed":0,"gold_gain":0,"player_choice":"Became a vampire","damage_taken":0,"max_hp_gain":0,"max_hp_loss":22,"event_name":"Vampires","floor":21,"gold_loss":0,"cards_obtained":["Bite","Bite","Bite","Bite","Bite"]}],"is_beta":false,"boss_relics":[{"not_picked":["Astrolabe","Ectoplasm"],"picked":"Ring of the Serpent"}],"items_purged_floors":[11],"is_endless":false,"potions_floor_spawned":[1,3,5,18],"killed_by":"3 Cultists","ascension_level":11}