{"gold_per_floor":[114,189,189,189,200,200,214,240,240,240,260,260,293,8,8,83,83,101,101,117,117,129,129,164,164,210,210,38,38,138,154,154,228,228,244,244,255,9,24,24],"floor_reached":40,"playtime":1115,"items_purged":["Decay"],"score":834,"play_id":"ac83d8de-f480-4fdd-b6e9-bb7720e1e6c0","local_time":"20190121150755","is_ascension_mode":true,"campfire_choices":[{"data":"Perfected Strike","floor":6,"key":"SMITH"},{"data":"Whirlwind","floor":12,"key":"SMITH"},{"data":"Perfected Strike","floor":15,"key":"SMITH"},{"data":"Perfected Strike","floor":23,"key":"SMITH"},{"data":"Shockwave","floor":25,"key":"SMITH"},{"data":"Intimidate","floor":27,"key":"SMITH"},{"floor":32,"key":"REST"}],"neow_cost":"NONE","seed_source_timestamp":116009868177572,"circlet_count":0,"master_deck":["AscendersBane","Strike_R","Strike_R","Strike_R","Strike_R","Strike_R","Defend_R","Defend_R","Defend_R","Bash","Perfected Strike+1","Intimidate+1","Headbutt","Whirlwind+1","Clash","Pommel Strike","Perfected Strike+1","Twin Strike","Shockwave+1","Feed","Twin Strike","Shame","Perfected Strike+1","Thunderclap","Clash","Swift Strike","Perfected Strike+1","Brutality","Pommel Strike","Panacea"],"relics":["Burning Blood","Bronze Scales","FossilizedHelix","Pen Nib","Turnip","Happy Flower","Tiny Chest","Cursed Key","Bottled Flame","Centennial Puzzle","Boot","Nilry\u0027s Codex","Torii","Kunai","Runic Dome","Singing Bowl"],"potions_floor_usage":[13,30],"damage_taken":[{"damage":5,"enemies":"Small Slimes","floor":1,"turns":4},{"damage":0,"enemies":"Cultist","floor":5,"turns":3},{"damage":0,"enemies":"2 Louse","floor":7,"turns":2},{"damage":10,"enemies":"Lagavulin","floor":8,"turns":7},{"damage":6,"enemies":"2 Fungi Beasts","floor":11,"turns":3},{"damage":0,"enemies":"Gremlin Nob","floor":13,"turns":3},{"damage":37,"enemies":"Hexaghost","floor":16,"turns":6},{"damage":5,"enemies":"3 Byrds","floor":18,"turns":3},{"damage":6,"enemies":"Chosen","floor":20,"turns":3},{"damage":0,"enemies":"Sentry and Sphere","floor":22,"turns":3},{"damage":36,"enemies":"Book of Stabbing","floor":24,"turns":4},{"damage":0,"enemies":"Colosseum Slavers","floor":30,"turns":1},{"damage":0,"enemies":"Colosseum Nobs","floor":30,"turns":2},{"damage":0,"enemies":"Shelled Parasite and Fungi","floor":31,"turns":2},{"damage":1,"enemies":"Collector","floor":33,"turns":3},{"damage":0,"enemies":"3 Darklings","floor":35,"turns":3},{"damage":0,"enemies":"Orb Walker","floor":37,"turns":2},{"damage":55,"enemies":"4 Shapes","floor":39,"turns":2},{"damage":59,"enemies":"Nemesis","floor":40,"turns":2}],"seed_played":"4915405500710565380","potions_obtained":[{"floor":11,"key":"Strength Potion"},{"floor":13,"key":"Explosive Potion"},{"floor":16,"key":"AttackPotion"},{"floor":30,"key":"SpeedPotion"}],"is_trial":false,"path_per_floor":["?","?","?","T","$","?","?","?"],"character_chosen":"IRONCLAD","items_purchased":["Perfected Strike","Tiny Chest","Twin Strike","Shockwave","Swift Strike","Singing Bowl"],"campfire_rested":1,"item_purchase_floors":[14,14,14,14,28,38],"current_hp_per_floor":[69,58,40,40,46,46,52,48,48,48,48,48,54,54,54,23,62,66,66,66,66,72,72,42,42,42,42,42,21,33,39,62,70,78,81,81,81,81,34,0],"gold":24,"neow_bonus":"RANDOM_COMMON_RELIC","is_prod":false,"is_daily":false,"chose_seed":false,"campfire_upgraded":6,"win_rate":0,"timestamp":1548101275,"path_taken":["M","?","?","?","M","R","M","E","T","$","M","R","E","$","R","BOSS","M","?","M","$","M","R","E","R","T","R","?","?","?","M","R","BOSS","M","?","M","$","M","E"],"build_version":"2019-01-20","purchased_purges":1,"victory":false,"max_hp_per_floor":[75,75,75,75,75,75,75,75,75,75,75,75,75,75,75,75,75,78,78,78,78,78,78,78,78,78,78,78,78,78,78,78,81,81,81,81,81,81,83,83],"card_choices":[{"not_picked":["Cleave","Havoc"],"picked":"Perfected Strike","floor":1},{"not_picked":["Armaments","Clash"],"picked":"Intimidate","floor":5},{"not_picked":["Iron Wave","Sword Boomerang"],"picked":"Headbutt","floor":7},{"not_picked":["Feel No Pain","Seeing Red"],"picked":"Whirlwind","floor":8},{"not_picked":["Entrench","Barricade"],"picked":"Clash","floor":11},{"not_picked":["Rupture","Heavy Blade"],"picked":"Pommel Strike","floor":13},{"not_picked":["Juggernaut","Limit Break"],"picked":"Feed","floor":16},{"not_picked":["Cleave","Fire Breathing"],"picked":"Twin Strike","floor":18},{"not_picked":["Rage","Cleave+1"],"picked":"Perfected Strike","floor":20},{"not_picked":["Disarm","Sentinel"],"picked":"Thunderclap","floor":22},{"not_picked":["Rupture+1","Immolate"],"picked":"Clash","floor":24},{"not_picked":["Uppercut","True Grit"],"picked":"Perfected Strike+1","floor":30},{"not_picked":["Havoc","Inflame","Heavy Blade"],"picked":"SKIP","floor":31},{"not_picked":["Demon Form","Barricade"],"picked":"Brutality","floor":33},{"not_picked":["Heavy Blade","Sword Boomerang+1"],"picked":"Pommel Strike","floor":35},{"not_picked":["Impatience","Madness"],"picked":"Panacea","floor":36},{"not_picked":["Dropkick","Bloodletting+1","Fire Breathing"],"picked":"SKIP","floor":37},{"not_picked":["Clothesline","Iron Wave+1","Flex+1"],"picked":"Singing Bowl","floor":39}],"player_experience":620609,"relics_obtained":[{"floor":8,"key":"Pen Nib"},{"floor":9,"key":"Turnip"},{"floor":13,"key":"Happy Flower"},{"floor":19,"key":"Bottled Flame"},{"floor":24,"key":"Centennial Puzzle"},{"floor":26,"key":"Boot"},{"floor":29,"key":"Nilry\u0027s Codex"},{"floor":30,"key":"Torii"},{"floor":30,"key":"Kunai"}],"event_choices":[{"damage_healed":0,"gold_gain":75,"player_choice":"Gather Gold","damage_taken":11,"max_hp_gain":0,"max_hp_loss":0,"event_name":"World of Goop","floor":2,"gold_loss":0},{"damage_healed":0,"gold_gain":0,"player_choice":"Success","damage_taken":18,"relics_obtained":["FossilizedHelix"],"max_hp_gain":0,"max_hp_loss":0,"event_name":"Scrap Ooze","floor":3,"gold_loss":0},{"cards_removed":["Defend_R"],"damage_healed":0,"gold_gain":0,"player_choice":"Purged","damage_taken":0,"max_hp_gain":0,"max_hp_loss":0,"event_name":"Purifier","floor":4,"gold_loss":0},{"damage_healed":0,"gold_gain":0,"player_choice":"Obtained Book","damage_taken":21,"max_hp_gain":0,"max_hp_loss":0,"event_name":"Cursed Tome","floor":29,"gold_loss":0},{"damage_healed":0,"gold_gain":0,"player_choice":"Fight","damage_taken":0,"max_hp_gain":0,"max_hp_loss":0,"event_name":"Colosseum","floor":30,"gold_loss":0},{"damage_healed":0,"gold_gain":0,"player_choice":"Fought Nobs","damage_taken":0,"max_hp_gain":0,"max_hp_loss":0,"event_name":"Colosseum","floor":30,"gold_loss":0},{"damage_healed":0,"gold_gain":0,"player_choice":"Memory 1","damage_taken":0,"max_hp_gain":0,"max_hp_loss":0,"event_name":"SensoryStone","floor":36,"gold_loss":0}],"is_beta":true,"boss_relics":[{"not_picked":["White Beast Statue","Pandora\u0027s Box"],"picked":"Cursed Key"},{"not_picked":["Lizard Tail","Snecko Eye"],"picked":"Runic Dome"}],"items_purged_floors":[28],"is_endless":false,"potions_floor_spawned":[11,13,16,24,30,30,35],"killed_by":"Nemesis","ascension_level":15}