{"gold_per_floor":[113,131,63,75,94,124,124,124,202,217,229,239,239],"floor_reached":13,"playtime":1006,"items_purged":[],"score":134,"play_id":"05e24665-4f4c-4c50-a065-d78224fbaf6d","local_time":"20181204233037","is_ascension_mode":true,"campfire_choices":[{"floor":7,"key":"REST"}],"neow_cost":"TEN_PERCENT_HP_LOSS","seed_source_timestamp":346909096689490,"circlet_count":0,"master_deck":["AscendersBane","Defend_G","Defend_G","Defend_G","Defend_G","Defend_G","Strike_G","Strike_G","Strike_G","Strike_G","Survivor","Neutralize","Deadly Poison","Deflect","Unload","Deflect","Bouncing Flask","Deadly Poison","Caltrops","All Out Attack","Dodge and Roll"],"relics":["Ring of the Snake","Pocketwatch","Gremlin Horn","Tiny Chest"],"potions_floor_usage":[13,13],"damage_taken":[{"damage":5,"enemies":"Cultist","floor":1,"turns":4},{"damage":0,"enemies":"Jaw Worm","floor":2,"turns":5},{"damage":0,"enemies":"Small Slimes","floor":4,"turns":3},{"damage":8,"enemies":"Blue Slaver","floor":5,"turns":4},{"damage":18,"enemies":"3 Sentries","floor":6,"turns":8},{"damage":22,"enemies":"Lots of Slimes","floor":10,"turns":6},{"damage":10,"enemies":"Exordium Wildlife","floor":11,"turns":6},{"damage":0,"enemies":"Blue Slaver","floor":12,"turns":4},{"damage":32,"enemies":"Lagavulin","floor":13,"turns":3}],"seed_played":"-7757091599900406982","potions_obtained":[{"floor":5,"key":"SteroidPotion"},{"floor":10,"key":"PowerPotion"},{"floor":11,"key":"AttackPotion"}],"is_trial":false,"path_per_floor":["M","M","$","M","M","E","R","?","T","M","M","M","E"],"character_chosen":"THE_SILENT","items_purchased":["Unload"],"campfire_rested":1,"item_purchase_floors":[3],"current_hp_per_floor":[58,58,58,58,50,32,50,50,50,28,18,18,0],"gold":239,"neow_bonus":"ONE_RARE_RELIC","is_prod":false,"is_daily":false,"chose_seed":false,"campfire_upgraded":0,"win_rate":0,"timestamp":1543966237,"path_taken":["M","?","$","M","M","E","R","?","T","?","M","M","E"],"build_version":"2018-11-15","purchased_purges":0,"victory":false,"max_hp_per_floor":[63,63,63,63,63,63,63,63,63,63,63,63,63],"card_choices":[{"not_picked":["Bane","Quick Slash"],"picked":"Deadly Poison","floor":1},{"not_picked":["Acrobatics","Eviscerate"],"picked":"Deflect","floor":2},{"not_picked":["Doppelganger","Acrobatics"],"picked":"Deflect","floor":4},{"not_picked":["Terror","Bane"],"picked":"Bouncing Flask","floor":5},{"not_picked":["Blade Dance","Quick Slash"],"picked":"Deadly Poison","floor":6},{"not_picked":["Dagger Throw","Blade Dance"],"picked":"Caltrops","floor":10},{"not_picked":["Unload","PiercingWail"],"picked":"All Out Attack","floor":11},{"not_picked":["Escape Plan","Outmaneuver"],"picked":"Dodge and Roll","floor":12}],"player_experience":939192,"relics_obtained":[{"floor":6,"key":"Gremlin Horn"},{"floor":9,"key":"Tiny Chest"}],"event_choices":[{"cards_removed":["Strike_G"],"damage_healed":0,"gold_gain":0,"player_choice":"Offered Basic","damage_taken":0,"max_hp_gain":0,"max_hp_loss":0,"event_name":"Bonfire Elementals","floor":8,"gold_loss":0}],"is_beta":false,"boss_relics":[],"items_purged_floors":[],"is_endless":false,"potions_floor_spawned":[5,10,11],"killed_by":"Lagavulin","ascension_level":10}