{"gold_per_floor":[117,130,130,145,145,145,178,178,178,178,189,200,200,223,223,348,348,366,366,391,101,101,136,161,161,186,219,0,0],"floor_reached":29,"playtime":1462,"items_purged":[],"score":263,"play_id":"cf917f43-e7ca-417d-b77e-8d0a162e5f8f","local_time":"20190103192918","is_ascension_mode":false,"campfire_choices":[{"floor":6,"key":"RECALL"},{"floor":8,"key":"REST"},{"floor":10,"key":"REST"},{"floor":15,"key":"REST"},{"floor":25,"key":"REST"}],"neow_cost":"NONE","seed_source_timestamp":73176735865789,"circlet_count":0,"master_deck":["Strike_B","Strike_B","Strike_B","Defend_B","Defend_B","Defend_B","Defend_B","Zap+1","Dualcast","Scrape+1","BootSequence","Conserve Battery","Steam","White Noise","Aggregate","White Noise","Static Discharge","Multi-Cast","Chaos","Tempest","Apotheosis","Darkness","Loop","Force Field+1","Steam+1","Rainbow","Melter","Auto Shields"],"relics":["Cracked Core","Omamori","Golden Idol","Lizard Tail","Strawberry","Emotion Chip","Pen Nib","Ancient Tea Set"],"potions_floor_usage":[1,7,7,16,16,23,23,23,27,29,29],"damage_taken":[{"damage":5,"enemies":"Small Slimes","floor":1,"turns":3},{"damage":0,"enemies":"2 Louse","floor":2,"turns":2},{"damage":1,"enemies":"Cultist","floor":4,"turns":3},{"damage":26,"enemies":"Gremlin Nob","floor":7,"turns":5},{"damage":0,"enemies":"Large Slime","floor":11,"turns":5},{"damage":0,"enemies":"Looter","floor":12,"turns":3},{"damage":1,"enemies":"Exordium Thugs","floor":14,"turns":5},{"damage":44,"enemies":"The Guardian","floor":16,"turns":13},{"damage":19,"enemies":"3 Byrds","floor":18,"turns":4},{"damage":34,"enemies":"Chosen","floor":20,"turns":6},{"damage":45,"enemies":"Gremlin Leader","floor":23,"turns":4},{"damage":14,"enemies":"Snake Plant","floor":24,"turns":3},{"damage":31,"enemies":"Book of Stabbing","floor":27,"turns":5},{"damage":14,"enemies":"Slavers","floor":29,"turns":2}],"seed_played":"5430200816893004450","potions_obtained":[{"floor":0,"key":"SpeedPotion"},{"floor":0,"key":"SpeedPotion"},{"floor":0,"key":"Energy Potion"},{"floor":1,"key":"SkillPotion"},{"floor":11,"key":"FearPotion"},{"floor":14,"key":"Strength Potion"},{"floor":16,"key":"EssenceOfSteel"},{"floor":19,"key":"PowerPotion"},{"floor":19,"key":"SkillPotion"},{"floor":20,"key":"FocusPotion"},{"floor":23,"key":"Poison Potion"},{"floor":27,"key":"Poison Potion"}],"is_trial":false,"path_per_floor":["M","M","?","M","?","R","E","R","T","R","M","M","?","M","R","B",null,"M","?","M","$","?","E","M","R","T","E","$","E"],"character_chosen":"DEFECT","items_purchased":["Apotheosis","Darkness","Loop","FocusPotion","Melter","Auto Shields"],"campfire_rested":4,"item_purchase_floors":[21,21,21,28,28,28],"current_hp_per_floor":[70,70,55,54,54,54,28,50,50,72,72,72,54,53,75,31,75,56,56,22,22,29,32,18,42,42,11,11,0],"gold":0,"neow_bonus":"THREE_SMALL_POTIONS","is_prod":false,"is_daily":false,"chose_seed":false,"campfire_upgraded":0,"win_rate":0,"timestamp":1546543758,"path_taken":["M","M","?","M","?","R","E","R","T","R","M","M","?","M","R","BOSS","M","?","M","?","?","E","M","R","T","E","$","E"],"build_version":"2018-12-20","purchased_purges":0,"victory":false,"max_hp_per_floor":[75,75,75,75,75,75,75,75,75,75,75,75,75,75,75,75,75,75,75,75,75,82,82,82,82,82,82,82,82],"card_choices":[{"not_picked":["Compile Driver","Gash"],"picked":"Scrape","floor":1},{"not_picked":["Hologram","Gash"],"picked":"BootSequence","floor":2},{"not_picked":["Leap","Hologram"],"picked":"Conserve Battery","floor":4},{"not_picked":["Stack","Steam Power"],"picked":"White Noise","floor":7},{"not_picked":["Recycle","Leap"],"picked":"Aggregate","floor":11},{"not_picked":["Go for the Eyes","Cold Snap"],"picked":"White Noise","floor":12},{"not_picked":["Chaos","Heatsinks"],"picked":"Static Discharge","floor":14},{"not_picked":["Seek","Hyperbeam"],"picked":"Multi-Cast","floor":16},{"not_picked":["Redo","Beam Cell"],"picked":"Chaos","floor":18},{"not_picked":["Blizzard","Hologram"],"picked":"Tempest","floor":20},{"not_picked":["Blizzard","Genetic Algorithm"],"picked":"Force Field+1","floor":23},{"not_picked":["Cold Snap","Conserve Battery"],"picked":"Steam+1","floor":24},{"not_picked":["Stack","Leap"],"picked":"Rainbow","floor":27}],"player_experience":285753,"relics_obtained":[{"floor":7,"key":"Omamori"},{"floor":23,"key":"Emotion Chip"},{"floor":26,"key":"Pen Nib"},{"floor":27,"key":"Ancient Tea Set"}],"event_choices":[{"damage_healed":0,"gold_gain":0,"player_choice":"Entered Light","damage_taken":15,"max_hp_gain":0,"max_hp_loss":0,"event_name":"Shining Light","floor":3,"gold_loss":0,"cards_upgraded":["Zap","Scrape"]},{"damage_healed":0,"gold_gain":0,"cards_transformed":["Strike_B"],"player_choice":"Change","damage_taken":0,"max_hp_gain":0,"max_hp_loss":0,"event_name":"Living Wall","floor":5,"gold_loss":0,"cards_obtained":["Steam"]},{"damage_healed":0,"gold_gain":0,"player_choice":"Take Damage","damage_taken":18,"relics_obtained":["Golden Idol"],"max_hp_gain":0,"max_hp_loss":0,"event_name":"Golden Idol","floor":13,"gold_loss":0},{"damage_healed":0,"gold_gain":0,"player_choice":"Got Potions","damage_taken":0,"max_hp_gain":0,"max_hp_loss":0,"event_name":"Lab","floor":19,"gold_loss":0},{"damage_healed":0,"gold_gain":0,"player_choice":"Opened","damage_taken":0,"relics_obtained":["Strawberry"],"max_hp_gain":0,"max_hp_loss":0,"event_name":"The Mausoleum","floor":22,"gold_loss":0}],"is_beta":false,"boss_relics":[{"not_picked":["Empty Cage","Snecko Eye"],"picked":"Lizard Tail"}],"items_purged_floors":[],"is_endless":false,"potions_floor_spawned":[1,11,14,16,20,23,27],"killed_by":"Slavers","ascension_level":0}