{"gold_per_floor":[115,115,115,65,81,81,97,97,120,120,139,120,120,47,47,144,144,164,164,176,176],"floor_reached":21,"playtime":1257,"items_purged":["Defend_G"],"score":262,"play_id":"ca26497b-d464-4912-9df9-8b696d224826","local_time":"20190209111353","is_ascension_mode":true,"campfire_choices":[{"data":"Neutralize","floor":6,"key":"SMITH"},{"data":"Backflip","floor":8,"key":"SMITH"},{"data":"Dodge and Roll","floor":10,"key":"SMITH"},{"data":"Backflip","floor":13,"key":"SMITH"},{"data":"Quick Slash","floor":15,"key":"SMITH"}],"neow_cost":"NONE","seed_source_timestamp":1280606311600551,"circlet_count":0,"master_deck":["AscendersBane","Defend_G","Defend_G","Defend_G","Defend_G","Strike_G","Strike_G","Strike_G","Strike_G","Survivor","Neutralize+1","Backflip+1","Dodge and Roll+1","PiercingWail","Backflip+1","Quick Slash+1","Grand Finale","Terror","Leg Sweep","Tactician"],"relics":["Ring of the Snake","Strawberry","Pen Nib","Gremlin Horn","Smiling Mask","Eternal Feather"],"potions_floor_usage":[16,20,21],"damage_taken":[{"damage":1,"enemies":"Jaw Worm","floor":1,"turns":9},{"damage":0,"enemies":"2 Louse","floor":5,"turns":4},{"damage":0,"enemies":"Small Slimes","floor":7,"turns":6},{"damage":0,"enemies":"2 Fungi Beasts","floor":11,"turns":4},{"damage":1,"enemies":"Exordium Thugs","floor":12,"turns":4},{"damage":23,"enemies":"The Guardian","floor":16,"turns":15},{"damage":6,"enemies":"2 Thieves","floor":18,"turns":2},{"damage":24,"enemies":"3 Byrds","floor":20,"turns":11},{"damage":36,"enemies":"Sentry and Sphere","floor":21,"turns":4}],"seed_played":"-4956269489238751041","potions_obtained":[{"floor":5,"key":"EntropicBrew"},{"floor":11,"key":"Strength Potion"},{"floor":18,"key":"Poison Potion"}],"is_trial":false,"path_per_floor":["M","?","T","?","M","R","M","R","T","R","M","M","R","$","R","B",null,"M","?","M","M"],"character_chosen":"THE_SILENT","items_purchased":["Quick Slash"],"campfire_rested":0,"item_purchase_floors":[14],"current_hp_per_floor":[69,57,57,57,57,57,57,57,57,57,57,56,56,56,56,33,66,60,60,36,0],"gold":176,"neow_bonus":"RANDOM_COMMON_RELIC","is_prod":false,"is_daily":false,"chose_seed":false,"campfire_upgraded":5,"win_rate":0,"timestamp":1549707233,"path_taken":["M","?","?","?","M","R","M","R","T","R","M","M","R","$","R","BOSS","M","?","M","M"],"build_version":"2019-01-23","purchased_purges":1,"victory":false,"max_hp_per_floor":[77,77,77,77,77,77,77,77,77,77,77,77,77,77,77,77,77,77,77,77,77],"card_choices":[{"not_picked":["Underhanded Strike","Dodge and Roll"],"picked":"Backflip","floor":1},{"not_picked":["Poisoned Stab","All Out Attack"],"picked":"Dodge and Roll","floor":5},{"not_picked":["Dagger Spray","Terror","Slice"],"picked":"SKIP","floor":7},{"not_picked":["All Out Attack","Dodge and Roll"],"picked":"PiercingWail","floor":11},{"not_picked":["Outmaneuver","Dodge and Roll"],"picked":"Backflip","floor":12},{"not_picked":["Burst","Glass Knife"],"picked":"Grand Finale","floor":16},{"not_picked":["Accuracy","Quick Slash"],"picked":"Terror","floor":18},{"not_picked":["Dagger Spray+1","Poisoned Stab"],"picked":"Tactician","floor":20}],"player_experience":325573,"relics_obtained":[{"floor":3,"key":"Gremlin Horn"},{"floor":9,"key":"Smiling Mask"}],"event_choices":[{"damage_healed":0,"gold_gain":0,"player_choice":"Success","damage_taken":12,"relics_obtained":["Pen Nib"],"max_hp_gain":0,"max_hp_loss":0,"event_name":"Scrap Ooze","floor":2,"gold_loss":0},{"cards_removed":["Strike_G"],"damage_healed":0,"gold_gain":0,"player_choice":"Card Removal","damage_taken":0,"max_hp_gain":0,"max_hp_loss":0,"event_name":"The Cleric","floor":4,"gold_loss":50},{"damage_healed":0,"gold_gain":0,"player_choice":"Read","damage_taken":0,"max_hp_gain":0,"max_hp_loss":0,"event_name":"The Library","floor":19,"gold_loss":0,"cards_obtained":["Leg Sweep"]}],"is_beta":false,"boss_relics":[{"not_picked":["Runic Dome","Calling Bell"],"picked":"Eternal Feather"}],"items_purged_floors":[14],"is_endless":false,"potions_floor_spawned":[5,11,18],"killed_by":"Sentry and Sphere","ascension_level":11}