{"gold_per_floor":[113,113,133,144,219,219,247,247,247,306,4,4,24,35,35,130,130,147,147,47,64,64,64,97,176,176,176,208,208,208,225,225,320,320,332,332,1331,1351,873,888,888,898,976,332,332,332,0,18,18,18],"floor_reached":51,"playtime":1732,"items_purged":["Defend_R","Defend_R","Bash","Normality"],"score":771,"play_id":"377a515a-b8f8-41d4-af16-2a86c3121ed5","local_time":"20180630181827","is_ascension_mode":false,"campfire_choices":[{"data":"Flex","floor":6,"key":"SMITH"},{"data":"Clash","floor":8,"key":"SMITH"},{"data":"Rage","floor":12,"key":"SMITH"},{"data":"Flex","floor":15,"key":"SMITH"},{"data":"Heavy Blade","floor":23,"key":"SMITH"},{"data":"Bite","floor":27,"key":"SMITH"},{"data":"Bite","floor":30,"key":"SMITH"},{"data":"Bite","floor":32,"key":"SMITH"},{"data":"Limit Break","floor":41,"key":"SMITH"},{"data":"Thunderclap","floor":45,"key":"SMITH"},{"data":"Bite","floor":49,"key":"SMITH"}],"neow_cost":"NONE","seed_source_timestamp":244257057986274,"circlet_count":0,"master_deck":["Clash+1","Thunderclap+1","Flex+1","Rage+1","Flex+1","Bite+1","Bite+1","Bite+1","Bite+1","Heavy Blade+1","Ghostly","Ghostly","Ghostly","Ghostly","Ghostly","Infernal Blade+1","Limit Break+1","Normality"],"relics":["Burning Blood","Odd Mushroom","Darkstone Periapt","Singing Bowl","Coffee Dripper","Blue Candle","Pear","Charon\u0027s Ashes","Centennial Puzzle","Busted Crown","Thread and Needle","Bottled Flame","Paper Frog","Toolbox","Red Mask"],"potions_floor_usage":[21,33,33,50,50,50],"damage_taken":[{"damage":4,"enemies":"Small Slimes","floor":1,"turns":4},{"damage":11,"enemies":"Jaw Worm","floor":3,"turns":2},{"damage":0,"enemies":"2 Louse","floor":4,"turns":3},{"damage":19,"floor":7,"turns":3},{"damage":2,"enemies":"Looter","floor":13,"turns":2},{"damage":0,"enemies":"Blue Slaver","floor":14,"turns":2},{"damage":5,"enemies":"Slime Boss","floor":16,"turns":8},{"damage":10,"enemies":"3 Byrds","floor":18,"turns":5},{"damage":0,"enemies":"Spheric Guardian","floor":21,"turns":1},{"damage":18,"enemies":"Gremlin Leader","floor":24,"turns":3},{"damage":40,"enemies":"Slavers","floor":28,"turns":5},{"damage":15,"enemies":"Centurion and Healer","floor":31,"turns":4},{"damage":22,"enemies":"Collector","floor":33,"turns":8},{"damage":9,"enemies":"3 Darklings","floor":35,"turns":4},{"damage":3,"enemies":"3 Shapes","floor":38,"turns":2},{"damage":15,"enemies":"3 Darklings","floor":40,"turns":2},{"damage":4,"enemies":"4 Shapes","floor":42,"turns":2},{"damage":3,"enemies":"Sphere and 2 Shapes","floor":48,"turns":2},{"damage":14,"enemies":"Time Eater","floor":50,"turns":7}],"seed_played":"6343766270410808893","potions_obtained":[{"floor":7,"key":"EssenceOfSteel"},{"floor":13,"key":"SteroidPotion"},{"floor":16,"key":"Ancient Potion"},{"floor":18,"key":"Energy Potion"},{"floor":31,"key":"LiquidBronze"},{"floor":35,"key":"SteroidPotion"},{"floor":40,"key":"PowerPotion"}],"is_trial":false,"path_per_floor":["M","?","M","M","?","R","?","R","T","?","$","R","M","M","R","B",null,"M","?","$","M","?","R","E","T","T","R","E","?","R","M","R","B",null,"M","?","?","M","$","M","R","M","T","$","R","?","?","M","R","B"],"character_chosen":"IRONCLAD","items_purchased":["Singing Bowl","Rage","Thread and Needle","Strength Potion","Paper Frog","Toolbox"],"campfire_rested":0,"item_purchase_floors":[11,11,39,39,44,44],"current_hp_per_floor":[80,64,59,65,54,54,41,41,41,41,41,41,45,53,53,56,84,82,60,60,60,60,60,56,66,66,66,53,37,37,37,37,27,37,39,39,51,53,53,52,52,57,57,57,57,57,57,59,59,59],"gold":18,"neow_bonus":"REMOVE_CARD","is_prod":false,"is_daily":false,"chose_seed":false,"campfire_upgraded":11,"win_rate":0,"timestamp":1530407907,"path_taken":["M","?","M","M","?","R","?","R","T","?","$","R","?","M","R","BOSS","M","?","$","M","?","R","E","?","T","R","E","?","R","M","R","BOSS","M","?","?","?","$","M","R","M","T","$","R","?","?","?","R","BOSS"],"build_version":"2018-06-28","purchased_purges":4,"victory":true,"max_hp_per_floor":[80,80,80,80,80,80,80,80,80,80,80,80,80,82,82,84,84,86,60,60,60,60,60,62,72,72,72,74,37,37,37,37,37,37,39,39,51,53,53,55,55,57,57,57,57,57,57,59,59,59],"card_choices":[{"not_picked":["Headbutt","Clothesline"],"picked":"Clash","floor":1},{"not_picked":["Disarm","Spot Weakness"],"picked":"Thunderclap","floor":3},{"not_picked":["Uppercut","Pummel"],"picked":"Flex","floor":4},{"not_picked":["Combust","Armaments"],"picked":"Flex","floor":13},{"not_picked":["Searing Blow","Sentinel","Feel No Pain"],"picked":"Singing Bowl","floor":14},{"not_picked":["Bludgeon","Dark Embrace","Impervious"],"picked":"Singing Bowl","floor":16},{"not_picked":["Perfected Strike","Armaments","Body Slam"],"picked":"Singing Bowl","floor":18},{"not_picked":["Sentinel+1","Rupture"],"picked":"Heavy Blade","floor":21},{"not_picked":["True Grit","Seeing Red","Sever Soul+1"],"picked":"Singing Bowl","floor":24},{"not_picked":["Thunderclap+1","Seeing Red","Body Slam"],"picked":"Singing Bowl","floor":28},{"not_picked":["Havoc","Thunderclap"],"picked":"Infernal Blade+1","floor":31},{"not_picked":["Juggernaut","Impervious"],"picked":"Limit Break","floor":33},{"not_picked":["Power Through+1"],"picked":"Singing Bowl","floor":35},{"not_picked":["Twin Strike+1"],"picked":"Singing Bowl","floor":38},{"not_picked":["Warcry"],"picked":"Singing Bowl","floor":40},{"not_picked":["Twin Strike"],"picked":"Singing Bowl","floor":42},{"not_picked":["Shrug It Off+1"],"picked":"Singing Bowl","floor":48}],"player_experience":269733,"relics_obtained":[{"floor":7,"key":"Odd Mushroom"},{"floor":9,"key":"Darkstone Periapt"},{"floor":24,"key":"Blue Candle"},{"floor":25,"key":"Pear"},{"floor":26,"key":"Charon\u0027s Ashes"},{"floor":28,"key":"Centennial Puzzle"},{"floor":43,"key":"Bottled Flame"}],"event_choices":[{"event_name":"Shining Light","player_choice":"Entered Light","floor":2,"damage_taken":0},{"event_name":"World of Goop","player_choice":"Gather Gold","floor":5,"damage_taken":0},{"event_name":"Mushrooms","player_choice":"Fought Mushrooms","floor":7,"damage_taken":0},{"event_name":"Golden Wing","player_choice":"Gained Gold","floor":10,"damage_taken":0},{"event_name":"Vampires","player_choice":"Became a vampire","floor":19,"damage_taken":0},{"event_name":"Addict","player_choice":"Ignored","floor":22,"damage_taken":0},{"event_name":"Ghosts","player_choice":"Became a Ghost","floor":29,"damage_taken":0},{"event_name":"Purifier","player_choice":"One Purge","floor":36,"damage_taken":0},{"event_name":"MindBloom","player_choice":"Gold","floor":37,"damage_taken":0},{"event_name":"Falling","player_choice":"Removed Attack","floor":46,"damage_taken":0},{"event_name":"Tomb of Lord Red Mask","player_choice":"Paid","floor":47,"damage_taken":0}],"boss_relics":[{"not_picked":["Empty Cage","Ectoplasm"],"picked":"Coffee Dripper"},{"not_picked":["White Beast Statue","Philosopher\u0027s Stone"],"picked":"Busted Crown"}],"items_purged_floors":[11,20,39,44],"is_endless":false,"potions_floor_spawned":[7,13,16,18,31,35,40,42],"ascension_level":0}