{"gold_per_floor":[116,66,66,141,63,63,63,76,103,103,119,144,144,144,144,245,245,265,276,150,169,189,189,199,199,199,199,211,211,211,244,244,343,343,357,377,377,65,84,84,118,118,118,153,153,153,203,11,11,11],"floor_reached":51,"playtime":6975,"items_purged":["Strike_G"],"score":1170,"play_id":"7d56226e-5da0-43ed-b483-08c454d82172","local_time":"20190209220242","is_ascension_mode":true,"campfire_choices":[{"data":"Tools of the Trade","floor":6,"key":"SMITH"},{"data":"Catalyst","floor":10,"key":"SMITH"},{"floor":15,"key":"REST"},{"data":"Neutralize","floor":23,"key":"SMITH"},{"data":"Deadly Poison","floor":25,"key":"SMITH"},{"data":"Backflip","floor":27,"key":"SMITH"},{"data":"Acrobatics","floor":29,"key":"SMITH"},{"data":"Tactician","floor":32,"key":"SMITH"},{"data":"Wraith Form v2","floor":40,"key":"SMITH"},{"data":"Noxious Fumes","floor":42,"key":"SMITH"},{"data":"Blur","floor":45,"key":"SMITH"},{"data":"Backflip","floor":49,"key":"SMITH"}],"neow_cost":"NONE","seed_source_timestamp":1313803128334317,"circlet_count":0,"master_deck":["AscendersBane","Defend_G","Defend_G","Defend_G+1","Survivor","Neutralize+1","Tools of the Trade+1","Deadly Poison+1","Backflip+1","Catalyst+1","Acrobatics+1","Corpse Explosion","Deadly Poison+1","Tactician+1","Crippling Poison+1","Underhanded Strike","Backflip+1","PiercingWail","Wraith Form v2+1","Tactician+1","Backflip+1","Quick Slash+1","Tools of the Trade+1","Doppelganger+1","Dark Shackles","Noxious Fumes+1","Blur+1","PiercingWail","Catalyst+1"],"relics":["Ring of the Snake","Oddly Smooth Stone","Odd Mushroom","Coffee Dripper","Bag of Marbles","Red Mask","Astrolabe","Mummified Hand","Dodecahedron","Omamori","Ninja Scroll","Mango","DollysMirror"],"potions_floor_usage":[16,21,24,41,44,50,50],"damage_taken":[{"damage":1,"enemies":"2 Louse","floor":1,"turns":6},{"damage":0,"enemies":"Small Slimes","floor":8,"turns":3},{"damage":5,"enemies":"Jaw Worm","floor":11,"turns":4},{"damage":12,"enemies":"The Mushroom Lair","floor":12,"turns":6},{"damage":22,"enemies":"The Guardian","floor":16,"turns":10},{"damage":8,"enemies":"Shell Parasite","floor":18,"turns":6},{"damage":23,"enemies":"2 Thieves","floor":19,"turns":3},{"damage":4,"enemies":"Snecko","floor":21,"turns":3},{"damage":15,"enemies":"Snake Plant","floor":22,"turns":4},{"damage":0,"enemies":"3 Cultists","floor":24,"turns":6},{"damage":15,"enemies":"Shelled Parasite and Fungi","floor":28,"turns":3},{"damage":0,"enemies":"Masked Bandits","floor":31,"turns":2},{"damage":0,"enemies":"Collector","floor":33,"turns":5},{"damage":0,"enemies":"3 Darklings","floor":35,"turns":2},{"damage":0,"enemies":"Orb Walker","floor":36,"turns":3},{"damage":1,"enemies":"Maw","floor":39,"turns":5},{"damage":0,"enemies":"Nemesis","floor":41,"turns":7},{"damage":26,"enemies":"Reptomancer","floor":44,"turns":5},{"damage":0,"enemies":"2 Orb Walkers","floor":47,"turns":3},{"damage":39,"enemies":"Time Eater","floor":50,"turns":11}],"seed_played":"-3937588988791404417","potions_obtained":[{"floor":12,"key":"Poison Potion"},{"floor":18,"key":"SpeedPotion"},{"floor":21,"key":"Regen Potion"},{"floor":28,"key":"SpeedPotion"},{"floor":41,"key":"SkillPotion"},{"floor":47,"key":"Fire Potion"}],"is_trial":false,"path_per_floor":["M","?","?","?","$","R","?","M","T","R","M","?","?","?","R","B",null,"M","M","$","M","M","R","M","R","T","R","M","R","?","?","R","B",null,"M","M","?","$","M","R","E","R","T","E","R","?","?","$","R","B",null],"character_chosen":"THE_SILENT","items_purchased":["Deadly Poison","Backflip","Explosive Potion","Mummified Hand","Noxious Fumes","DollysMirror"],"campfire_rested":1,"item_purchase_floors":[5,5,20,38,38,48],"current_hp_per_floor":[62,62,55,44,44,44,30,30,30,30,25,13,1,6,28,6,58,50,27,27,23,8,8,23,23,23,23,8,8,8,8,8,8,58,58,58,58,58,57,57,57,57,57,31,31,75,89,89,89,50],"gold":11,"neow_bonus":"ONE_RANDOM_RARE_CARD","is_prod":false,"is_daily":false,"chose_seed":false,"campfire_upgraded":11,"win_rate":0,"timestamp":1549746162,"path_taken":["M","?","?","?","?","R","?","?","T","R","M","?","?","?","R","BOSS","M","M","$","M","M","R","M","R","T","R","M","R","?","?","R","BOSS","M","M","?","$","M","R","E","R","T","E","R","?","?","$","R","BOSS"],"build_version":"2019-01-23","purchased_purges":1,"victory":true,"max_hp_per_floor":[70,70,70,70,70,70,70,70,70,70,70,70,70,75,75,75,75,75,75,75,75,75,75,75,75,75,75,75,75,75,75,75,75,75,75,75,75,75,75,75,75,75,75,75,75,75,89,89,89,89],"card_choices":[{"not_picked":["Sucker Punch","Poisoned Stab"],"picked":"Flying Knee","floor":1},{"not_picked":["Well Laid Plans","Setup"],"picked":"Catalyst","floor":8},{"not_picked":["Bane","Setup"],"picked":"Acrobatics","floor":11},{"not_picked":["Adrenaline","Tools of the Trade"],"picked":"Corpse Explosion","floor":16},{"not_picked":["Outmaneuver","Backflip"],"picked":"Deadly Poison+1","floor":18},{"not_picked":["Deflect+1","Dodge and Roll"],"picked":"Tactician+1","floor":19},{"not_picked":["Terror","Masterful Stab"],"picked":"Crippling Poison+1","floor":21},{"not_picked":["Dash","Infinite Blades"],"picked":"Underhanded Strike","floor":22},{"not_picked":["Dodge and Roll","Corpse Explosion"],"picked":"Backflip+1","floor":24},{"not_picked":["Underhanded Strike","Quick Slash"],"picked":"PiercingWail","floor":28},{"not_picked":["Dash","Riddle With Holes"],"picked":"Backflip","floor":31},{"not_picked":["Underhanded Strike","Dagger Throw+1","Slice+1"],"picked":"SKIP","floor":35},{"not_picked":["Poisoned Stab","Calculated Gamble","Cloak And Dagger"],"picked":"SKIP","floor":36},{"not_picked":["Deep Breath","Flash of Steel"],"picked":"Dark Shackles","floor":37},{"not_picked":["Deadly Poison+1","Acrobatics"],"picked":"Blur","floor":39},{"not_picked":["After Image","Heel Hook+1"],"picked":"PiercingWail","floor":41},{"not_picked":["Slice+1","Cloak And Dagger+1","Unload"],"picked":"SKIP","floor":44}],"player_experience":339846,"relics_obtained":[{"floor":9,"key":"Oddly Smooth Stone"},{"floor":12,"key":"Odd Mushroom"},{"floor":26,"key":"Bag of Marbles"},{"floor":31,"key":"Red Mask"},{"floor":41,"key":"Dodecahedron"},{"floor":43,"key":"Omamori"},{"floor":44,"key":"Ninja Scroll"},{"floor":47,"key":"Mango"}],"event_choices":[{"cards_removed":["Strike_G"],"damage_healed":0,"gold_gain":0,"player_choice":"Card Removal","damage_taken":0,"max_hp_gain":0,"max_hp_loss":0,"event_name":"The Cleric","floor":2,"gold_loss":50},{"cards_removed":["Defend_G"],"damage_healed":0,"gold_gain":0,"player_choice":"Card Removal","damage_taken":7,"max_hp_gain":0,"max_hp_loss":0,"event_name":"Golden Wing","floor":3,"gold_loss":0},{"damage_healed":0,"gold_gain":75,"player_choice":"Gather Gold","damage_taken":11,"max_hp_gain":0,"max_hp_loss":0,"event_name":"World of Goop","floor":4,"gold_loss":0},{"damage_healed":0,"gold_gain":0,"player_choice":"Entered Light","damage_taken":14,"max_hp_gain":0,"max_hp_loss":0,"event_name":"Shining Light","floor":7,"gold_loss":0,"cards_upgraded":["Flying Knee","Defend_G"]},{"damage_healed":0,"gold_gain":0,"player_choice":"Fought Mushrooms","damage_taken":0,"max_hp_gain":0,"max_hp_loss":0,"event_name":"Mushrooms","floor":12,"gold_loss":0},{"damage_healed":0,"gold_gain":0,"player_choice":"Fled","damage_taken":12,"max_hp_gain":0,"max_hp_loss":0,"event_name":"Scrap Ooze","floor":13,"gold_loss":0},{"damage_healed":0,"gold_gain":0,"player_choice":"Donut","damage_taken":0,"max_hp_gain":5,"max_hp_loss":0,"event_name":"Big Fish","floor":14,"gold_loss":0},{"damage_healed":0,"gold_gain":0,"cards_transformed":["Strike_G","Strike_G"],"player_choice":"Became Test Subject","damage_taken":0,"max_hp_gain":0,"max_hp_loss":0,"event_name":"Drug Dealer","floor":30,"gold_loss":0,"cards_obtained":["Wraith Form v2","Tactician"]},{"damage_healed":0,"gold_gain":0,"player_choice":"Fought Bandits","damage_taken":0,"max_hp_gain":0,"max_hp_loss":0,"event_name":"Masked Bandits","floor":31,"gold_loss":0},{"damage_healed":0,"gold_gain":0,"player_choice":"Memory 1","damage_taken":0,"max_hp_gain":0,"max_hp_loss":0,"event_name":"SensoryStone","floor":37,"gold_loss":0},{"damage_healed":44,"gold_gain":0,"player_choice":"Heal","damage_taken":0,"max_hp_gain":0,"max_hp_loss":0,"event_name":"MindBloom","floor":46,"gold_loss":0,"cards_obtained":["Doubt"]},{"damage_healed":0,"gold_gain":0,"player_choice":"Fight","damage_taken":0,"max_hp_gain":0,"max_hp_loss":0,"event_name":"Mysterious Sphere","floor":47,"gold_loss":0}],"is_beta":false,"boss_relics":[{"not_picked":["Eternal Feather","Velvet Choker"],"picked":"Coffee Dripper"},{"not_picked":["WristBlade","White Beast Statue"],"picked":"Astrolabe"}],"items_purged_floors":[20],"is_endless":false,"potions_floor_spawned":[12,18,21,28,31,33,35,41,47],"ascension_level":11}