{"gold_per_floor":[110,60,74,74,74,74,137,59,59,74,88,88,98,98,98,98],"floor_reached":16,"playtime":1234,"items_purged":[],"score":105,"play_id":"eb72791e-d62a-46c2-a560-2f931ab57920","local_time":"20190205220238","is_ascension_mode":true,"campfire_choices":[{"floor":6,"key":"RECALL"},{"floor":12,"key":"REST"},{"data":"Offering","floor":15,"key":"SMITH"}],"neow_cost":"NONE","seed_source_timestamp":174890610117898,"circlet_count":0,"master_deck":["Strike_R","Strike_R","Strike_R","Strike_R","Strike_R","Defend_R","Bash","True Grit","Offering+1","Shockwave","Feel No Pain","Clash","Corruption","True Grit","Regret"],"relics":["Burning Blood","Tiny Chest","Orichalcum"],"potions_floor_usage":[7,16,16],"damage_taken":[{"damage":3,"enemies":"2 Louse","floor":1,"turns":4},{"damage":2,"enemies":"Small Slimes","floor":3,"turns":4},{"damage":41,"enemies":"3 Sentries","floor":7,"turns":12},{"damage":8,"enemies":"Jaw Worm","floor":10,"turns":3},{"damage":6,"enemies":"Large Slime","floor":11,"turns":4},{"damage":6,"enemies":"Looter","floor":13,"turns":3},{"damage":71,"enemies":"Slime Boss","floor":16,"turns":17}],"seed_played":"8279808338182759627","potions_obtained":[{"floor":3,"key":"SkillPotion"},{"floor":10,"key":"SpeedPotion"},{"floor":13,"key":"Energy Potion"}],"is_trial":false,"path_per_floor":["M","?","M","?","?","R","E","$","T","M","M","R","M","?","R","B"],"character_chosen":"IRONCLAD","items_purchased":["Feel No Pain"],"campfire_rested":1,"item_purchase_floors":[8],"current_hp_per_floor":[88,88,88,88,81,81,46,46,46,44,44,70,70,70,70,0],"gold":98,"neow_bonus":"TEN_PERCENT_HP_BONUS","is_prod":false,"is_daily":false,"chose_seed":false,"campfire_upgraded":1,"win_rate":0,"timestamp":1549400558,"path_taken":["M","?","M","?","?","R","E","$","T","M","?","R","M","?","R","BOSS"],"build_version":"2019-01-23","purchased_purges":0,"victory":false,"max_hp_per_floor":[88,88,88,88,88,88,88,88,88,88,88,88,88,88,88,88],"card_choices":[{"not_picked":["Flame Barrier","Pommel Strike"],"picked":"True Grit","floor":1},{"not_picked":["Body Slam","Anger","Thunderclap"],"picked":"SKIP","floor":3},{"not_picked":["Burning Pact","Bloodletting"],"picked":"Shockwave","floor":7},{"not_picked":["Flex","Thunderclap"],"picked":"Clash","floor":10},{"not_picked":["Pommel Strike","Uppercut"],"picked":"Corruption","floor":11},{"not_picked":["Blood for Blood","Carnage"],"picked":"True Grit","floor":13}],"player_experience":153517,"relics_obtained":[{"floor":7,"key":"Tiny Chest"}],"event_choices":[{"cards_removed":["Defend_R"],"damage_healed":0,"gold_gain":0,"player_choice":"Card Removal","damage_taken":0,"max_hp_gain":0,"max_hp_loss":0,"event_name":"The Cleric","floor":2,"gold_loss":50},{"damage_healed":0,"gold_gain":0,"cards_transformed":["Defend_R"],"player_choice":"Change","damage_taken":0,"max_hp_gain":0,"max_hp_loss":0,"event_name":"Living Wall","floor":4,"gold_loss":0,"cards_obtained":["Offering"]},{"cards_removed":["Defend_R"],"damage_healed":0,"gold_gain":0,"player_choice":"Card Removal","damage_taken":7,"max_hp_gain":0,"max_hp_loss":0,"event_name":"Golden Wing","floor":5,"gold_loss":0},{"damage_healed":0,"gold_gain":0,"player_choice":"Box","damage_taken":0,"relics_obtained":["Orichalcum"],"max_hp_gain":0,"max_hp_loss":0,"event_name":"Big Fish","floor":14,"gold_loss":0,"cards_obtained":["Regret"]}],"is_beta":false,"boss_relics":[],"items_purged_floors":[],"is_endless":false,"potions_floor_spawned":[3,10,13],"killed_by":"Slime Boss","ascension_level":1}