{"gold_per_floor":[112,132,82,82,99,129,60,60,60,77,89,89,103,122,122,218,218,232,45,45,45,45,45,75,75,75,93,93,93],"floor_reached":29,"playtime":1844,"items_purged":[],"score":377,"play_id":"9d47b414-82ea-41f0-b23c-6ed7ff4ecec0","local_time":"20190208105203","is_ascension_mode":true,"campfire_choices":[{"floor":8,"key":"REST"},{"floor":12,"key":"REST"},{"data":"Footwork","floor":15,"key":"SMITH"},{"data":"Footwork","floor":23,"key":"SMITH"},{"data":"Strike_G","floor":25,"key":"PURGE"},{"data":"Strike_G","floor":28,"key":"PURGE"}],"neow_cost":"NONE","seed_source_timestamp":1192308503238723,"circlet_count":0,"master_deck":["Defend_G","Defend_G","Defend_G","Defend_G","Defend_G","Strike_G","Strike_G","Survivor","Neutralize","Deadly Poison","Footwork+1","Infinite Blades","Footwork+1","PiercingWail","Deadly Poison","Finisher","Noxious Fumes","Adrenaline","Calculated Gamble","Noxious Fumes","Deadly Poison+1"],"relics":["Ring of the Snake","NeowsBlessing","GremlinMask","Peace Pipe","Gambling Chip","Cursed Key","Omamori","Pear","Bag of Marbles","Toxic Egg 2"],"potions_floor_usage":[6,24,27],"damage_taken":[{"damage":0,"enemies":"Cultist","floor":1,"turns":1},{"damage":0,"enemies":"Jaw Worm","floor":2,"turns":1},{"damage":0,"enemies":"2 Louse","floor":5,"turns":1},{"damage":44,"enemies":"3 Sentries","floor":6,"turns":13},{"damage":8,"enemies":"Large Slime","floor":10,"turns":8},{"damage":0,"enemies":"Exordium Thugs","floor":11,"turns":6},{"damage":0,"enemies":"Red Slaver","floor":13,"turns":5},{"damage":0,"enemies":"Blue Slaver","floor":14,"turns":4},{"damage":23,"enemies":"The Guardian","floor":16,"turns":11},{"damage":17,"enemies":"Spheric Guardian","floor":18,"turns":6},{"damage":10,"enemies":"Gremlin Leader","floor":24,"turns":6},{"damage":0,"enemies":"Shell Parasite","floor":27,"turns":6},{"damage":53,"enemies":"Slavers","floor":29,"turns":4}],"seed_played":"-3953714094671611046","potions_obtained":[{"floor":5,"key":"GhostInAJar"},{"floor":10,"key":"SteroidPotion"},{"floor":14,"key":"SteroidPotion"},{"floor":18,"key":"GhostInAJar"},{"floor":24,"key":"Regen Potion"}],"is_trial":false,"path_per_floor":["M","M","?","?","M","E","$","R","T","M","M","R","M","M","R","B",null,"M","$","?","?","?","R","E","R","T","M","R","E"],"character_chosen":"THE_SILENT","items_purchased":["Footwork","Noxious Fumes","Omamori"],"campfire_rested":2,"item_purchase_floors":[7,19,19],"current_hp_per_floor":[63,63,63,63,63,19,19,40,40,32,32,53,53,53,53,30,60,43,43,30,30,40,40,30,30,30,45,45,0],"gold":93,"neow_bonus":"THREE_ENEMY_KILL","is_prod":false,"is_daily":false,"chose_seed":false,"campfire_upgraded":2,"win_rate":0,"timestamp":1549619523,"path_taken":["M","?","?","?","?","E","$","R","T","M","M","R","M","M","R","BOSS","M","$","?","?","?","R","E","R","T","M","R","E"],"build_version":"2019-01-23","purchased_purges":0,"victory":false,"max_hp_per_floor":[70,70,70,70,70,70,70,70,70,70,70,70,70,70,70,70,70,70,70,75,75,85,85,85,85,85,85,85,85],"card_choices":[{"not_picked":["Prepared","Deflect","Bane"],"picked":"SKIP","floor":1},{"not_picked":["Flechettes","Underhanded Strike"],"picked":"Deadly Poison","floor":2},{"not_picked":["Dagger Throw","Tactician"],"picked":"Footwork","floor":5},{"not_picked":["Dagger Spray","Grand Finale"],"picked":"Infinite Blades","floor":6},{"not_picked":["Sucker Punch","Infinite Blades"],"picked":"PiercingWail","floor":10},{"not_picked":["Dagger Spray","Underhanded Strike"],"picked":"Deadly Poison","floor":11},{"not_picked":["Cloak And Dagger","Poisoned Stab"],"picked":"Finisher","floor":13},{"not_picked":["All Out Attack","Dagger Throw"],"picked":"Noxious Fumes","floor":14},{"not_picked":["Grand Finale","Unload"],"picked":"Adrenaline","floor":16},{"not_picked":["Outmaneuver","Deflect"],"picked":"Calculated Gamble","floor":18},{"not_picked":["Deflect","Poisoned Stab","Predator"],"picked":"SKIP","floor":24},{"not_picked":["Quick Slash","Underhanded Strike"],"picked":"Deadly Poison+1","floor":27}],"player_experience":286089,"relics_obtained":[{"floor":6,"key":"Peace Pipe"},{"floor":9,"key":"Gambling Chip"},{"floor":24,"key":"Bag of Marbles"},{"floor":26,"key":"Toxic Egg 2"}],"event_choices":[{"cards_removed":["Strike_G"],"damage_healed":0,"gold_gain":0,"player_choice":"Card Removal","damage_taken":0,"max_hp_gain":0,"max_hp_loss":0,"event_name":"The Cleric","floor":3,"gold_loss":50},{"damage_healed":0,"gold_gain":0,"player_choice":"Trade","damage_taken":0,"relics_obtained":["GremlinMask"],"max_hp_gain":0,"max_hp_loss":0,"event_name":"FaceTrader","floor":4,"gold_loss":0},{"damage_healed":0,"gold_gain":0,"player_choice":"Shed Blood","damage_taken":18,"max_hp_gain":5,"max_hp_loss":0,"event_name":"Forgotten Altar","floor":20,"gold_loss":0},{"damage_healed":0,"gold_gain":0,"player_choice":"Ignored","damage_taken":0,"max_hp_gain":0,"max_hp_loss":0,"event_name":"Beggar","floor":21,"gold_loss":0},{"damage_healed":0,"gold_gain":0,"player_choice":"Gave Potion","damage_taken":0,"relics_obtained":["Pear"],"max_hp_gain":0,"max_hp_loss":0,"event_name":"WeMeetAgain","floor":22,"gold_loss":0}],"is_beta":false,"boss_relics":[{"not_picked":["Lizard Tail","White Beast Statue"],"picked":"Cursed Key"}],"items_purged_floors":[],"is_endless":false,"potions_floor_spawned":[5,10,14,18,24],"killed_by":"Slavers","ascension_level":9}