{"gold_per_floor":[111,128,143,63,63,93,109,143,143,157,157,157,168,182,182,286,286,305,404,417,199,199,224,224,224,247,265,190,200,153,179,179,282,332,343,98,98,98,98,98,118,118,145,159,88,103,103,119,119,119],"floor_reached":50,"playtime":5072,"items_purged":["Strike_G"],"score":776,"play_id":"5340858e-4a7e-4bb5-98d4-dcedf5c58d1a","local_time":"20181220224237","is_ascension_mode":true,"campfire_choices":[{"floor":11,"key":"REST"},{"floor":15,"key":"REST"},{"floor":24,"key":"REST"},{"floor":32,"key":"REST"},{"data":"Burst","floor":40,"key":"SMITH"},{"floor":42,"key":"REST"},{"floor":47,"key":"REST"},{"floor":49,"key":"REST"}],"neow_cost":"NONE","seed_source_timestamp":83133338685518,"circlet_count":0,"master_deck":["AscendersBane","Defend_G","Defend_G","Defend_G","Defend_G","Survivor","Neutralize","Noxious Fumes+1","Predator","Bouncing Flask","Underhanded Strike","Choke","Crippling Poison","Doppelganger","Cloak And Dagger","Malaise","Catalyst","Blur","Riddle With Holes","Eviscerate","Blur","Footwork","Doppelganger","Leg Sweep","Backflip","Backflip","Burst+1","Blur+1","Predator+1","Noxious Fumes","Crippling Poison","Choke+1"],"relics":["Snecko Eye","Paper Crane","Meat on the Bone","Kunai","Lantern","Orrery","Ornamental Fan","Enchiridion","Bag of Marbles","Omamori","Tiny House","Letter Opener","Dream Catcher"],"potions_floor_usage":[10,10,13,14,16,23,29,33,35,50,50],"damage_taken":[{"damage":0,"enemies":"Cultist","floor":1,"turns":3},{"damage":7,"enemies":"Small Slimes","floor":2,"turns":4},{"damage":6,"enemies":"2 Louse","floor":3,"turns":4},{"damage":0,"enemies":"Gremlin Nob","floor":6,"turns":3},{"damage":1,"enemies":"2 Fungi Beasts","floor":7,"turns":3},{"damage":32,"enemies":"3 Sentries","floor":8,"turns":7},{"damage":0,"enemies":"Exordium Wildlife","floor":10,"turns":4},{"damage":6,"enemies":"Looter","floor":13,"turns":3},{"damage":1,"enemies":"Large Slime","floor":14,"turns":5},{"damage":21,"enemies":"The Guardian","floor":16,"turns":8},{"damage":11,"enemies":"Spheric Guardian","floor":18,"turns":4},{"damage":8,"enemies":"2 Thieves","floor":20,"turns":3},{"damage":31,"enemies":"Slavers","floor":23,"turns":6},{"damage":0,"enemies":"Snecko","floor":27,"turns":4},{"damage":24,"enemies":"Sentry and Sphere","floor":29,"turns":6},{"damage":5,"enemies":"Book of Stabbing","floor":31,"turns":5},{"damage":3,"enemies":"Automaton","floor":33,"turns":12},{"damage":4,"enemies":"3 Darklings","floor":35,"turns":5},{"damage":29,"enemies":"3 Shapes","floor":41,"turns":7},{"damage":17,"enemies":"Transient","floor":44,"turns":5},{"damage":0,"enemies":"Sphere and 2 Shapes","floor":46,"turns":4},{"damage":12,"enemies":"Spire Growth","floor":48,"turns":6},{"damage":79,"enemies":"Time Eater","floor":50,"turns":9}],"seed_played":"-5011522555652506784","potions_obtained":[{"floor":1,"key":"GhostInAJar"},{"floor":6,"key":"Explosive Potion"},{"floor":10,"key":"Energy Potion"},{"floor":13,"key":"Block Potion"},{"floor":14,"key":"EssenceOfSteel"},{"floor":16,"key":"GhostInAJar"},{"floor":20,"key":"Dexterity Potion"},{"floor":27,"key":"FearPotion"},{"floor":31,"key":"SteroidPotion"},{"floor":34,"key":"AttackPotion"},{"floor":44,"key":"AttackPotion"},{"floor":48,"key":"FearPotion"}],"is_trial":false,"path_per_floor":["M","M","M","$","?","E","M","E","T","M","R","?","M","M","R","B",null,"M","?","M","$","?","E","R","?","T","M","?","M","$","E","R","B",null,"M","$","?","?","?","R","M","R","T","M","$","M","R","M","R","B"],"character_chosen":"THE_SILENT","items_purchased":["Bouncing Flask","Eviscerate","Blur","Backflip","Letter Opener","Noxious Fumes"],"campfire_rested":7,"item_purchase_floors":[4,21,21,30,36,45],"current_hp_per_floor":[63,56,50,50,50,50,49,17,17,29,50,47,41,40,61,40,63,52,52,44,44,44,25,46,30,30,42,42,30,30,37,58,55,71,67,67,67,67,67,67,38,59,59,42,42,42,63,51,71,0],"gold":119,"neow_bonus":"BOSS_RELIC","is_prod":false,"is_daily":false,"chose_seed":false,"campfire_upgraded":1,"win_rate":0,"timestamp":1545345757,"path_taken":["M","M","M","?","?","E","M","E","T","?","R","?","M","M","R","BOSS","M","?","M","$","?","E","R","?","T","M","?","M","$","E","R","BOSS","M","$","?","?","?","R","M","R","T","M","$","M","R","M","R","BOSS"],"build_version":"2018-12-13","purchased_purges":1,"victory":false,"max_hp_per_floor":[70,70,70,70,70,70,70,70,70,70,70,70,70,70,70,70,70,70,70,70,70,70,70,70,70,70,70,70,70,70,70,70,70,75,75,75,75,71,71,71,71,71,71,71,71,71,71,71,71,71],"card_choices":[{"not_picked":["Prepared","All Out Attack"],"picked":"Noxious Fumes","floor":1},{"not_picked":["Expertise","Finisher","Backstab"],"picked":"SKIP","floor":2},{"not_picked":["Poisoned Stab","Acrobatics"],"picked":"Predator","floor":3},{"not_picked":["Terror","Infinite Blades","Prepared"],"picked":"SKIP","floor":6},{"not_picked":["Cloak And Dagger","Caltrops"],"picked":"Choke","floor":7},{"not_picked":["Infinite Blades","Sucker Punch","Accuracy"],"picked":"SKIP","floor":8},{"not_picked":["Concentrate","Backflip"],"picked":"Crippling Poison","floor":10},{"not_picked":["Caltrops","Slice"],"picked":"Doppelganger","floor":13},{"not_picked":["Dagger Throw","Quick Slash"],"picked":"Cloak And Dagger","floor":14},{"not_picked":["Grand Finale","Unload"],"picked":"Malaise","floor":16},{"not_picked":["Eviscerate","Dodge and Roll"],"picked":"Catalyst","floor":17},{"not_picked":["Bane","Reflex"],"picked":"Blur","floor":17},{"not_picked":["Prepared+1","Infinite Blades+1","Concentrate+1"],"picked":"SKIP","floor":18},{"not_picked":["Poisoned Stab","Flying Knee"],"picked":"Riddle With Holes","floor":20},{"not_picked":["Poisoned Stab","All Out Attack"],"picked":"Leg Sweep","floor":23},{"not_picked":["Die Die Die","Deadly Poison"],"picked":"Backflip","floor":27},{"not_picked":["Outmaneuver+1","Dagger Throw","Infinite Blades"],"picked":"SKIP","floor":29},{"not_picked":["Infinite Blades","Slice","Sucker Punch"],"picked":"SKIP","floor":31},{"not_picked":["Phantasmal Killer","Die Die Die"],"picked":"Burst","floor":33},{"not_picked":["Calculated Gamble","Caltrops"],"picked":"Blur+1","floor":35},{"not_picked":["Acrobatics+1","Deflect"],"picked":"Predator+1","floor":41},{"not_picked":["Backflip+1","Dagger Spray","Deadly Poison+1"],"picked":"SKIP","floor":44},{"not_picked":["Deadly Poison+1","Flechettes+1","Outmaneuver+1"],"picked":"SKIP","floor":46},{"not_picked":["Poisoned Stab+1","Dagger Spray"],"picked":"Crippling Poison","floor":47},{"not_picked":["Noxious Fumes","Backflip+1"],"picked":"Choke+1","floor":48}],"player_experience":1072489,"relics_obtained":[{"floor":6,"key":"Paper Crane"},{"floor":8,"key":"Meat on the Bone"},{"floor":9,"key":"Kunai"},{"floor":23,"key":"Ornamental Fan"},{"floor":25,"key":"Enchiridion"},{"floor":26,"key":"Bag of Marbles"},{"floor":31,"key":"Omamori"},{"floor":43,"key":"Dream Catcher"}],"event_choices":[{"damage_healed":0,"gold_gain":0,"cards_transformed":["Strike_G"],"player_choice":"Transformed","damage_taken":0,"max_hp_gain":0,"max_hp_loss":0,"event_name":"Transmorgrifier","floor":5,"gold_loss":0,"cards_obtained":["Underhanded Strike"]},{"damage_healed":0,"gold_gain":0,"player_choice":"Success","damage_taken":3,"relics_obtained":["Lantern"],"max_hp_gain":0,"max_hp_loss":0,"event_name":"Scrap Ooze","floor":12,"gold_loss":0},{"damage_healed":0,"gold_gain":99,"player_choice":"Stole From Cult","damage_taken":0,"max_hp_gain":0,"max_hp_loss":0,"event_name":"Nest","floor":19,"gold_loss":0},{"damage_healed":0,"gold_gain":0,"cards_transformed":["Strike_G","Strike_G"],"player_choice":"Became Test Subject","damage_taken":0,"max_hp_gain":0,"max_hp_loss":0,"event_name":"Drug Dealer","floor":22,"gold_loss":0,"cards_obtained":["Footwork","Doppelganger"]},{"damage_healed":0,"gold_gain":0,"player_choice":"Obtained Book","damage_taken":16,"max_hp_gain":0,"max_hp_loss":0,"event_name":"Cursed Tome","floor":25,"gold_loss":0},{"cards_removed":["Strike_G"],"damage_healed":0,"gold_gain":0,"player_choice":"Gave Gold","damage_taken":0,"max_hp_gain":0,"max_hp_loss":0,"event_name":"Beggar","floor":28,"gold_loss":75},{"damage_healed":0,"gold_gain":0,"player_choice":"Ignored","damage_taken":0,"max_hp_gain":0,"max_hp_loss":0,"event_name":"Tomb of Lord Red Mask","floor":37,"gold_loss":0},{"damage_healed":0,"gold_gain":0,"player_choice":"Max HP","damage_taken":0,"max_hp_gain":0,"max_hp_loss":4,"event_name":"Winding Halls","floor":38,"gold_loss":0},{"cards_removed":["Defend_G"],"damage_healed":0,"gold_gain":0,"player_choice":"Removed Skill","damage_taken":0,"max_hp_gain":0,"max_hp_loss":0,"event_name":"Falling","floor":39,"gold_loss":0}],"is_beta":false,"boss_relics":[{"not_picked":["Coffee Dripper","Calling Bell"],"picked":"Orrery"},{"not_picked":["Fusion Hammer","Sozu"],"picked":"Tiny House"}],"items_purged_floors":[21],"is_endless":false,"potions_floor_spawned":[1,6,10,13,14,16,20,27,31,44,48],"killed_by":"Time Eater","ascension_level":10}