{"gold_per_floor":[110,125,145,155,173,173,27,86,86,86,33,59,11,11,11,11],"floor_reached":16,"playtime":1078,"items_purged":[],"score":186,"play_id":"bfa0c4f7-1dea-4f4d-a942-ce978f33aa95","local_time":"20190118211916","is_ascension_mode":true,"campfire_choices":[{"floor":6,"key":"REST"},{"floor":10,"key":"REST"},{"floor":15,"key":"REST"}],"neow_cost":"NONE","seed_source_timestamp":815690492895898,"circlet_count":0,"master_deck":["AscendersBane","Defend_G","Defend_G","Defend_G","Defend_G","Defend_G","Strike_G","Strike_G","Strike_G","Strike_G","Strike_G","Survivor","Neutralize","Quick Slash","Blur","Flying Knee","Deadly Poison","Bouncing Flask","Dash","Poisoned Stab","Poisoned Stab","Endless Agony","Blade Dance"],"relics":["White Beast Statue","Tiny Chest","Shuriken","Bag of Preparation"],"potions_floor_usage":[4,8,12,14,14],"damage_taken":[{"damage":2,"enemies":"Cultist","floor":1,"turns":4},{"damage":2,"enemies":"Jaw Worm","floor":2,"turns":5},{"damage":0,"enemies":"Small Slimes","floor":3,"turns":4},{"damage":41,"enemies":"Exordium Thugs","floor":4,"turns":9},{"damage":9,"enemies":"2 Fungi Beasts","floor":5,"turns":5},{"damage":17,"enemies":"3 Sentries","floor":8,"turns":10},{"damage":30,"enemies":"Lagavulin","floor":12,"turns":5},{"damage":2,"enemies":"3 Sentries","floor":14,"turns":3},{"damage":23,"enemies":"The Guardian","floor":16,"turns":12}],"seed_played":"2371461455275881288","potions_obtained":[{"floor":1,"key":"Energy Potion"},{"floor":2,"key":"Poison Potion"},{"floor":3,"key":"SmokeBomb"},{"floor":4,"key":"GhostInAJar"},{"floor":8,"key":"SteroidPotion"},{"floor":12,"key":"Poison Potion"}],"is_trial":false,"path_per_floor":["M","M","M","M","M","R","$","E","T","R","$","E","$","E","R","B"],"character_chosen":"THE_SILENT","items_purchased":["Bouncing Flask","Dash","Poisoned Stab","Blade Dance"],"campfire_rested":3,"item_purchase_floors":[7,7,11,13],"current_hp_per_floor":[61,59,59,18,9,30,30,13,13,34,34,4,4,2,23,0],"gold":11,"neow_bonus":"BOSS_RELIC","is_prod":false,"is_daily":false,"chose_seed":false,"campfire_upgraded":0,"win_rate":0,"timestamp":1547846356,"path_taken":["M","M","?","M","M","R","$","E","T","R","$","E","$","E","R","BOSS"],"build_version":"2019-01-17v2","purchased_purges":0,"victory":false,"max_hp_per_floor":[70,70,70,70,70,70,70,70,70,70,70,70,70,70,70,70],"card_choices":[{"not_picked":["Choke","Blade Dance"],"picked":"Quick Slash","floor":1},{"not_picked":["Blade Dance","Distraction","Acrobatics"],"picked":"SKIP","floor":2},{"not_picked":["Backflip","Dagger Throw"],"picked":"Blur","floor":3},{"not_picked":["Expertise","Slice"],"picked":"Flying Knee","floor":4},{"not_picked":["Calculated Gamble","Escape Plan"],"picked":"Deadly Poison","floor":5},{"not_picked":["Setup","Blur"],"picked":"Poisoned Stab","floor":8},{"not_picked":["Accuracy","A Thousand Cuts"],"picked":"Endless Agony","floor":12}],"player_experience":1209122,"relics_obtained":[{"floor":8,"key":"Tiny Chest"},{"floor":9,"key":"Shuriken"},{"floor":12,"key":"Bag of Preparation"}],"event_choices":[],"is_beta":false,"boss_relics":[],"items_purged_floors":[],"is_endless":false,"potions_floor_spawned":[1,2,3,4,5,8,12,14],"killed_by":"The Guardian","ascension_level":11}