{"gold_per_floor":[115,30,30,41,3,3,3,34,34,34,46,76,76,92,92,195,195,211,161,178,1,21,21,35,35,35,35,35,35,67,87,87,191,191,202,302,313,331,331],"floor_reached":39,"playtime":1823,"items_purged":["Choke"],"score":561,"play_id":"a8290913-bd28-4f7b-b056-c81f3c4d6fce","local_time":"20190209090914","is_ascension_mode":true,"campfire_choices":[{"data":"Neutralize","floor":6.0,"key":"SMITH"},{"data":"Blur","floor":10.0,"key":"SMITH"},{"data":"Leg Sweep","floor":13.0,"key":"SMITH"},{"data":"Catalyst","floor":15.0,"key":"SMITH"},{"floor":25,"key":"REST"},{"floor":29,"key":"REST"},{"data":"Footwork","floor":32,"key":"SMITH"}],"neow_cost":"NONE","seed_source_timestamp":661235634231700,"circlet_count":0,"master_deck":["Survivor","Neutralize+1","Catalyst+1","Poisoned Stab+1","Well Laid Plans","Deflect","Blur+1","Leg Sweep+1","PiercingWail","Deadly Poison","Burst","Riddle With Holes","Burst","Skewer","Glass Knife","Skewer","Glass Knife","Glass Knife","Setup","Flying Knee","Footwork+1","Backflip","Deflect","Deadly Poison","Backflip","Corpse Explosion","Deflect","Catalyst","PiercingWail+1"],"special_seed":0,"relics":["Ring of the Snake","NeowsBlessing","The Specimen","Matryoshka","Pandora\u0027s Box","Centennial Puzzle","Mercury Hourglass","Oddly Smooth Stone","Snecko Eye","Tingsha"],"potions_floor_usage":[22,24,30,33,33],"damage_taken":[{"damage":0.0,"enemies":"Jaw Worm","floor":1.0,"turns":1.0},{"damage":0.0,"enemies":"Cultist","floor":4.0,"turns":1.0},{"damage":0.0,"enemies":"3 Sentries","floor":8.0,"turns":2.0},{"damage":0.0,"enemies":"Small Slimes","floor":11.0,"turns":3.0},{"damage":0.0,"enemies":"Blue Slaver","floor":14.0,"turns":5.0},{"damage":52.0,"enemies":"Slime Boss","floor":16.0,"turns":16.0},{"damage":0.0,"enemies":"Chosen","floor":18.0,"turns":5.0},{"damage":17,"enemies":"Shell Parasite","floor":20,"turns":4},{"damage":16,"enemies":"Shelled Parasite and Fungi","floor":22,"turns":7},{"damage":16,"enemies":"Cultist and Chosen","floor":24,"turns":8},{"damage":4,"enemies":"Slavers","floor":30,"turns":5},{"damage":0,"enemies":"Snake Plant","floor":31,"turns":4},{"damage":11,"enemies":"Collector","floor":33,"turns":8},{"damage":11,"enemies":"3 Darklings","floor":35,"turns":3},{"damage":0,"enemies":"Mind Bloom Boss Battle","floor":36,"turns":4},{"damage":0,"enemies":"Orb Walker","floor":37,"turns":3},{"damage":8,"enemies":"Maw","floor":38,"turns":5},{"damage":46,"enemies":"Spire Growth","floor":39,"turns":4}],"seed_played":"-5705979876708371766","potions_obtained":[{"floor":1.0,"key":"GamblersBrew"},{"floor":8.0,"key":"EssenceOfSteel"},{"floor":14.0,"key":"SkillPotion"},{"floor":20,"key":"Explosive Potion"},{"floor":22,"key":"Energy Potion"},{"floor":31,"key":"Explosive Potion"},{"floor":33,"key":"Fire Potion"},{"floor":38,"key":"EssenceOfSteel"}],"is_trial":false,"path_per_floor":["M","$","?","M","$","R","$","E","T","R","M","?","R","M","R","B",null,"M","?","M","$","M","$","M","R","T","$","?","R","E","M","R","B",null,"M","?","M","M","M"],"character_chosen":"THE_SILENT","items_purchased":["Poisoned Stab","Well Laid Plans","Blur","Backflip","Deflect"],"campfire_rested":2,"item_purchase_floors":[2,2,5,21,21],"current_hp_per_floor":[70,70,70,70,70,70,70,70,70,70,70,70,70,70,70,18,57,57,57,40,40,24,24,8,29,29,29,16,38,34,34,34,23,62,51,51,51,43,0],"gold":331,"neow_bonus":"THREE_ENEMY_KILL","is_prod":false,"is_daily":false,"chose_seed":false,"campfire_upgraded":5,"win_rate":0,"timestamp":1549728554,"path_taken":["M","$","?","?","$","R","?","E","T","R","M","?","R","M","R","BOSS","M","?","M","$","?","?","M","R","T","$","?","R","E","M","R","BOSS","M","?","M","M","M"],"build_version":"2019-01-23","purchased_purges":1,"victory":false,"max_hp_per_floor":[70,70,70,70,70,70,70,70,70,70,70,70,70,70,70,70,70,70,70,70,70,70,70,70,70,70,70,75,75,75,75,75,75,75,75,75,75,75,75],"card_choices":[{"not_picked":["Calculated Gamble","Cloak And Dagger"],"picked":"Catalyst","floor":1.0},{"not_picked":["Underhanded Strike","Dagger Spray"],"picked":"Deflect","floor":4.0},{"not_picked":["Riddle With Holes","Bullet Time"],"picked":"Leg Sweep","floor":8.0},{"not_picked":["Cloak And Dagger","Slice"],"picked":"PiercingWail","floor":11.0},{"not_picked":["PiercingWail","Flying Knee"],"picked":"Deadly Poison","floor":14.0},{"not_picked":["Grand Finale","Bullet Time"],"picked":"Burst","floor":16.0},{"not_picked":["Dash","Sucker Punch+1"],"picked":"Footwork","floor":18.0},{"not_picked":["Flying Knee+1","Slice","Endless Agony+1"],"picked":"SKIP","floor":20},{"not_picked":["Flechettes","Outmaneuver","Underhanded Strike"],"picked":"SKIP","floor":22},{"not_picked":["Prepared","Outmaneuver"],"picked":"Deadly Poison","floor":24},{"not_picked":["Burst","Venomology"],"picked":"Backflip","floor":30},{"not_picked":["Outmaneuver","Riddle With Holes","Bane"],"picked":"SKIP","floor":31},{"not_picked":["Doppelganger","Grand Finale"],"picked":"Corpse Explosion","floor":33},{"not_picked":["Outmaneuver","Dagger Throw+1","Blade Dance"],"picked":"SKIP","floor":35},{"not_picked":["Underhanded Strike","Eviscerate"],"picked":"Deflect","floor":36},{"not_picked":["Predator","Bane+1"],"picked":"Catalyst","floor":37},{"not_picked":["Eviscerate","Outmaneuver"],"picked":"PiercingWail+1","floor":38}],"player_experience":311287,"relics_obtained":[{"floor":8.0,"key":"The Specimen"},{"floor":9.0,"key":"Matryoshka"},{"floor":26,"key":"Centennial Puzzle"},{"floor":26,"key":"Mercury Hourglass"},{"floor":30,"key":"Oddly Smooth Stone"},{"floor":36,"key":"Tingsha"}],"event_choices":[{"damage_healed":0.0,"max_hp_gain":0.0,"max_hp_loss":0.0,"gold_gain":0.0,"event_name":"Accursed Blacksmith","player_choice":"Forge","floor":3.0,"gold_loss":0.0,"damage_taken":0.0,"cards_upgraded":["Poisoned Stab"]},{"damage_healed":0.0,"max_hp_gain":0.0,"max_hp_loss":0.0,"gold_gain":30.0,"event_name":"Dead Adventurer","player_choice":"Searched \u00272\u0027 times","floor":12.0,"gold_loss":0.0,"damage_taken":0.0},{"damage_healed":0.0,"max_hp_gain":0.0,"max_hp_loss":0.0,"gold_gain":0.0,"event_name":"The Joust","player_choice":"Bet on Owner","floor":19.0,"gold_loss":50.0,"damage_taken":0.0},{"damage_healed":0,"gold_gain":0,"player_choice":"Shed Blood","damage_taken":18,"max_hp_gain":5,"max_hp_loss":0,"event_name":"Forgotten Altar","floor":28,"gold_loss":0},{"damage_healed":0,"gold_gain":0,"player_choice":"Fight","damage_taken":0,"max_hp_gain":0,"max_hp_loss":0,"event_name":"MindBloom","floor":36,"gold_loss":0}],"is_beta":false,"boss_relics":[{"not_picked":["Velvet Choker","Runic Pyramid"],"picked":"Pandora\u0027s Box"},{"not_picked":["White Beast Statue","Tiny House"],"picked":"Snecko Eye"}],"items_purged_floors":[21],"is_endless":false,"potions_floor_spawned":[1,8,14,20,22,31,33,38],"killed_by":"Spire Growth","ascension_level":5}