{"gold_per_floor":[11,31,43,59,59,59,69,69,93,118,133,83,83,111,123,235,247,272,284,296,320,349,361,383,428,440,452,464],"floor_reached":28,"playtime":1706,"items_purged":["Strike_R"],"score":325,"play_id":"6993ffab-ad00-4e81-a699-5245d333958a","local_time":"20190210130443","is_ascension_mode":true,"campfire_choices":[{"data":"Inflame","floor":6,"key":"SMITH"},{"data":"Bash","floor":8,"key":"SMITH"},{"data":"Inflame","floor":13,"key":"SMITH"},{"data":"Offering","floor":15,"key":"SMITH"},{"data":"Barricade","floor":23,"key":"SMITH"}],"neow_cost":"NO_GOLD","seed_source_timestamp":1373206115139193,"circlet_count":0,"master_deck":["Strike_R","Strike_R","Strike_R","Defend_R","Defend_R","Defend_R","Bash+1","Inflame+1","Iron Wave","Sword Boomerang","Metallicize","Shrug It Off","Sword Boomerang","Inflame+1","Offering+1","Barricade+1","Uppercut"],"relics":["Burning Blood","Smiling Mask","Bag of Preparation","MawBank","Busted Crown","Prayer Wheel","Meat on the Bone","Boot"],"potions_floor_usage":[10,24,24,25,28],"damage_taken":[{"damage":1,"enemies":"Cultist","floor":1,"turns":4},{"damage":3,"enemies":"Small Slimes","floor":2,"turns":5},{"damage":0,"enemies":"2 Louse","floor":3,"turns":2},{"damage":4,"enemies":"Red Slaver","floor":4,"turns":4},{"damage":8,"enemies":"Large Slime","floor":7,"turns":5},{"damage":9,"enemies":"3 Sentries","floor":10,"turns":9},{"damage":0,"enemies":"2 Fungi Beasts","floor":11,"turns":4},{"damage":9,"enemies":"Lagavulin","floor":14,"turns":5},{"damage":10,"enemies":"The Guardian","floor":16,"turns":11},{"damage":6,"enemies":"3 Byrds","floor":18,"turns":3},{"damage":6,"enemies":"Spheric Guardian","floor":21,"turns":3},{"damage":18,"enemies":"Shelled Parasite and Fungi","floor":22,"turns":4},{"damage":6,"enemies":"Snecko","floor":24,"turns":3},{"damage":69,"enemies":"Slavers","floor":25,"turns":7},{"damage":8,"enemies":"Cultist and Chosen","floor":28,"turns":4}],"seed_played":"-4441842798369293250","potions_obtained":[{"floor":2,"key":"SpeedPotion"},{"floor":3,"key":"Swift Potion"},{"floor":11,"key":"SpeedPotion"},{"floor":18,"key":"Explosive Potion"},{"floor":25,"key":"Weak Potion"}],"is_trial":false,"path_per_floor":["M","M","M","M","?","R","M","R","T","E","M","$","R","E","R","B",null,"M","?","$","M","M","R","M","E","T","?","M"],"character_chosen":"IRONCLAD","items_purchased":[],"campfire_rested":0,"item_purchase_floors":[],"current_hp_per_floor":[77,80,80,80,85,85,83,83,83,80,85,85,85,82,82,78,83,83,83,83,83,71,71,71,8,8,8,0],"gold":464,"neow_bonus":"REMOVE_TWO","is_prod":false,"is_daily":false,"chose_seed":false,"campfire_upgraded":5,"win_rate":0,"timestamp":1549800283,"path_taken":["M","M","?","M","?","R","M","R","T","E","M","$","R","E","R","BOSS","M","?","$","M","?","R","M","E","T","?","M"],"build_version":"2019-01-23","purchased_purges":1,"victory":false,"max_hp_per_floor":[80,80,80,80,85,85,85,85,85,85,85,85,85,85,85,85,85,85,85,85,85,85,85,85,85,85,85,85],"card_choices":[{"not_picked":["True Grit","Armaments"],"picked":"Inflame","floor":1},{"not_picked":["Flex","Warcry"],"picked":"Iron Wave","floor":2},{"not_picked":["Pommel Strike","Clash"],"picked":"Sword Boomerang","floor":3},{"not_picked":["Anger","Warcry"],"picked":"Metallicize","floor":4},{"not_picked":["Searing Blow","True Grit"],"picked":"Shrug It Off","floor":7},{"not_picked":["Combust","Havoc"],"picked":"Sword Boomerang","floor":10},{"not_picked":["Sentinel","Armaments"],"picked":"Inflame","floor":11},{"not_picked":["True Grit","Seeing Red"],"picked":"Offering","floor":14},{"not_picked":["Immolate","Fiend Fire"],"picked":"Barricade","floor":16},{"not_picked":["Perfected Strike"],"picked":"SKIP","floor":18},{"not_picked":["Wild Strike"],"picked":"SKIP","floor":21},{"not_picked":["Headbutt"],"picked":"SKIP","floor":22},{"not_picked":["Headbutt"],"picked":"SKIP","floor":22},{"not_picked":["Pommel Strike"],"picked":"SKIP","floor":24},{"not_picked":[],"picked":"Uppercut","floor":25}],"player_experience":367904,"relics_obtained":[{"floor":9,"key":"Smiling Mask"},{"floor":10,"key":"Bag of Preparation"},{"floor":14,"key":"MawBank"},{"floor":25,"key":"Prayer Wheel"},{"floor":26,"key":"Meat on the Bone"}],"event_choices":[{"damage_healed":0,"gold_gain":0,"player_choice":"Donut","damage_taken":0,"max_hp_gain":5,"max_hp_loss":0,"event_name":"Big Fish","floor":5,"gold_loss":0},{"damage_healed":0,"gold_gain":0,"player_choice":"Ignored","damage_taken":0,"max_hp_gain":0,"max_hp_loss":0,"event_name":"N\u0027loth","floor":19,"gold_loss":0},{"damage_healed":0,"gold_gain":0,"player_choice":"Opened","damage_taken":0,"relics_obtained":["Boot"],"max_hp_gain":0,"max_hp_loss":0,"event_name":"The Mausoleum","floor":27,"gold_loss":0}],"is_beta":false,"boss_relics":[{"not_picked":["Pandora\u0027s Box","Tiny House"],"picked":"Busted Crown"}],"items_purged_floors":[12],"is_endless":false,"potions_floor_spawned":[2,3,11,18,22,25],"killed_by":"Cultist and Chosen","ascension_level":6}