{"gold_per_floor":[117,131,7,24,24,51,78,97,151,151,167,22,55,55,55,154,217,238,238,258,5,5,5,5],"floor_reached":24,"playtime":1121,"items_purged":["Strike_B"],"score":337,"play_id":"e688f8fd-c8a1-4d6e-8ccc-ab1028207ae4","local_time":"20190116182842","is_ascension_mode":true,"campfire_choices":[{"floor":10,"key":"REST"},{"floor":15,"key":"REST"},{"floor":23,"key":"REST"}],"neow_cost":"NONE","seed_source_timestamp":632594000536330,"circlet_count":0,"master_deck":["AscendersBane","Strike_B","Strike_B","Strike_B","Defend_B","Defend_B","Defend_B","Defend_B","Zap","Dualcast+1","Ball Lightning","Ball Lightning","Coolheaded","Storm","Darkness","Ball Lightning","Decay","Rip and Tear","Heatsinks","Echo Form","Static Discharge","Hologram+1","Redo","Mayhem","Writhe"],"relics":["Cursed Key","Ornamental Fan","Odd Mushroom","DataDisk","Bronze Scales","Vajra","Golden Idol","Tiny House","Shuriken","Ice Cream"],"potions_floor_usage":[6,7,13,13,24],"damage_taken":[{"damage":7,"enemies":"Small Slimes","floor":1,"turns":4},{"damage":5,"enemies":"2 Louse","floor":2,"turns":2},{"damage":7,"enemies":"Jaw Worm","floor":4,"turns":3},{"damage":40,"enemies":"3 Sentries","floor":6,"turns":5},{"damage":9,"enemies":"The Mushroom Lair","floor":7,"turns":4},{"damage":6,"enemies":"Looter","floor":8,"turns":2},{"damage":3,"enemies":"Gremlin Gang","floor":11,"turns":4},{"damage":12,"enemies":"Gremlin Nob","floor":13,"turns":3},{"damage":17,"enemies":"Slime Boss","floor":16,"turns":8},{"damage":26,"enemies":"3 Byrds","floor":18,"turns":3},{"damage":6,"enemies":"Chosen","floor":20,"turns":4},{"damage":58,"enemies":"Slavers","floor":24,"turns":3}],"seed_played":"8898957744697944139","potions_obtained":[{"floor":1,"key":"Swift Potion"},{"floor":4,"key":"LiquidBronze"},{"floor":6,"key":"AttackPotion"},{"floor":11,"key":"Fire Potion"},{"floor":17,"key":"EssenceOfSteel"},{"floor":20,"key":"Energy Potion"}],"is_trial":false,"path_per_floor":["M","M","$","M","?","E","?","M","T","R","M","$","E","?","R","B",null,"M","?","M","$","?","R","E"],"character_chosen":"DEFECT","items_purchased":["Coolheaded","Storm","Bronze Scales","Mayhem"],"campfire_rested":3,"item_purchase_floors":[3,3,12,21],"current_hp_per_floor":[61,56,56,49,74,34,25,19,19,41,38,38,26,26,46,29,64,38,38,32,32,32,54,0],"gold":5,"neow_bonus":"BOSS_RELIC","is_prod":false,"is_daily":false,"chose_seed":false,"campfire_upgraded":0,"win_rate":0,"timestamp":1547663322,"path_taken":["M","M","$","M","?","E","?","M","T","R","M","?","E","?","R","BOSS","M","?","?","?","?","R","E"],"build_version":"2019-01-10","purchased_purges":1,"victory":false,"max_hp_per_floor":[75,75,75,75,75,75,75,75,75,75,75,75,75,69,69,69,74,74,74,74,74,74,74,74],"card_choices":[{"not_picked":["Scrape","Sweeping Beam"],"picked":"Ball Lightning","floor":1},{"not_picked":["Recycle","Rebound"],"picked":"Ball Lightning","floor":2},{"not_picked":["Reinforced Body","Steam Power","Genetic Algorithm"],"picked":"SKIP","floor":4},{"not_picked":["Hologram","Conserve Battery"],"picked":"Darkness","floor":6},{"not_picked":["Rebound","Beam Cell"],"picked":"Ball Lightning","floor":7},{"not_picked":["Turbo","Aggregate","Double Energy"],"picked":"SKIP","floor":8},{"not_picked":["Stack","Coolheaded"],"picked":"Rip and Tear","floor":11},{"not_picked":["Leap","Force Field"],"picked":"Heatsinks","floor":13},{"not_picked":["Seek","All For One"],"picked":"Echo Form","floor":16},{"not_picked":["Conserve Battery","Aggregate"],"picked":"Static Discharge","floor":17},{"not_picked":["Steam","Beam Cell"],"picked":"Hologram+1","floor":18},{"not_picked":["Coolheaded+1","Sweeping Beam"],"picked":"Redo","floor":20}],"player_experience":1192537,"relics_obtained":[{"floor":6,"key":"Ornamental Fan"},{"floor":7,"key":"Odd Mushroom"},{"floor":9,"key":"DataDisk"},{"floor":13,"key":"Vajra"},{"floor":19,"key":"Shuriken"}],"event_choices":[{"damage_healed":25,"gold_gain":0,"player_choice":"Banana","damage_taken":0,"max_hp_gain":0,"max_hp_loss":0,"event_name":"Big Fish","floor":5,"gold_loss":0},{"damage_healed":0,"gold_gain":0,"player_choice":"Fought Mushrooms","damage_taken":0,"max_hp_gain":0,"max_hp_loss":0,"event_name":"Mushrooms","floor":7,"gold_loss":0},{"damage_healed":0,"gold_gain":0,"player_choice":"Lose Max HP","damage_taken":0,"relics_obtained":["Golden Idol"],"max_hp_gain":0,"max_hp_loss":6,"event_name":"Golden Idol","floor":14,"gold_loss":0},{"damage_healed":0,"gold_gain":0,"player_choice":"Relic","damage_taken":0,"max_hp_gain":0,"max_hp_loss":0,"event_name":"Wheel of Change","floor":19,"gold_loss":0},{"damage_healed":0,"gold_gain":0,"player_choice":"Opened","damage_taken":0,"relics_obtained":["Ice Cream"],"max_hp_gain":0,"max_hp_loss":0,"event_name":"The Mausoleum","floor":22,"gold_loss":0,"cards_obtained":["Writhe"]}],"is_beta":false,"boss_relics":[{"not_picked":["Ectoplasm","Black Star"],"picked":"Tiny House"}],"items_purged_floors":[21],"is_endless":false,"potions_floor_spawned":[1,4,6,11,20],"killed_by":"Slavers","ascension_level":13}