{"gold_per_floor":[219,232,39,39,51,84,84,94,94,34,34,34,47,47,47,150,150,170,170,28,0,0,28,28,55,55,55,81,67,167,182,182,278,278,291,291,24,35,35,67,67,67],"floor_reached":42,"playtime":1903,"items_purged":["Strike_G","Strike_G"],"score":636,"play_id":"ca16335a-47df-4be4-862e-d5ea5648c5d3","local_time":"20181231165016","is_ascension_mode":true,"campfire_choices":[{"data":"Apotheosis","floor":12,"key":"SMITH"},{"data":"Poisoned Stab","floor":15,"key":"SMITH"},{"floor":24,"key":"RECALL"},{"floor":27,"key":"REST"},{"floor":32,"key":"REST"},{"floor":41,"key":"REST"}],"neow_cost":"NONE","seed_source_timestamp":336079252410400,"circlet_count":0,"master_deck":["Defend_G","Defend_G","Defend_G","Defend_G","Defend_G","Strike_G","Strike_G","Survivor","Neutralize","Dagger Spray","Apotheosis+1","Well Laid Plans","Poisoned Stab","Prepared","PiercingWail","RitualDagger","Noxious Fumes","Adrenaline","Calculated Gamble","Backstab+1","Bullet Time","Footwork+1"],"relics":["Ring of the Snake","The Courier","Pantograph","White Beast Statue","Sundial","Lantern","Molten Egg 2","Bottled Flame","Fusion Hammer","Mummified Hand","Frozen Egg 2","Happy Flower"],"potions_floor_usage":[6,23,23,23,25,28,31,33,40,40,40,42],"damage_taken":[{"damage":0,"enemies":"2 Louse","floor":1,"turns":4},{"damage":0,"enemies":"Cultist","floor":2,"turns":4},{"damage":0,"enemies":"Small Slimes","floor":5,"turns":3},{"damage":15,"enemies":"Gremlin Nob","floor":6,"turns":4},{"damage":9,"enemies":"Exordium Wildlife","floor":8,"turns":4},{"damage":0,"enemies":"2 Fungi Beasts","floor":13,"turns":3},{"damage":0,"enemies":"Hexaghost","floor":16,"turns":9},{"damage":4,"enemies":"Chosen","floor":18,"turns":5},{"damage":14,"enemies":"Slavers","floor":23,"turns":5},{"damage":21,"enemies":"Gremlin Leader","floor":25,"turns":7},{"damage":38,"enemies":"Slavers","floor":28,"turns":6},{"damage":0,"enemies":"2 Thieves","floor":29,"turns":4},{"damage":22,"enemies":"Snake Plant","floor":31,"turns":5},{"damage":46,"enemies":"Collector","floor":33,"turns":9},{"damage":5,"enemies":"3 Darklings","floor":35,"turns":6},{"damage":0,"enemies":"3 Shapes","floor":38,"turns":6},{"damage":66,"enemies":"Nemesis","floor":40,"turns":13},{"damage":53,"enemies":"Reptomancer","floor":42,"turns":2}],"seed_played":"7817958424831096957","potions_obtained":[{"floor":5,"key":"Block Potion"},{"floor":6,"key":"EssenceOfSteel"},{"floor":13,"key":"Swift Potion"},{"floor":18,"key":"Block Potion"},{"floor":23,"key":"Explosive Potion"},{"floor":25,"key":"Fire Potion"},{"floor":28,"key":"FairyPotion"},{"floor":29,"key":"Regen Potion"},{"floor":31,"key":"Energy Potion"},{"floor":33,"key":"SteroidPotion"},{"floor":35,"key":"EntropicBrew"},{"floor":38,"key":"Regen Potion"},{"floor":40,"key":"Dexterity Potion"}],"is_trial":false,"path_per_floor":["M","M","$","?","M","E","?","M","T","$","T","R","M","?","R","B",null,"M","?","$","?","$","E","R","E","T","R","E","M","?","M","R","B",null,"M","T","$","M","?","E","R","E"],"character_chosen":"THE_SILENT","items_purchased":["Apotheosis","Noxious Fumes","Frozen Egg 2","Footwork+1"],"campfire_rested":3,"item_purchase_floors":[3,20,37,37],"current_hp_per_floor":[70,70,70,70,70,55,60,51,51,51,51,51,51,51,51,75,75,71,65,65,65,65,51,51,30,30,52,14,14,14,6,28,7,75,70,70,70,70,70,15,37,0],"gold":67,"neow_bonus":"HUNDRED_GOLD","is_prod":false,"is_daily":false,"chose_seed":false,"campfire_upgraded":2,"win_rate":0,"timestamp":1546271416,"path_taken":["M","M","$","?","?","E","?","M","T","?","?","R","M","?","R","BOSS","M","?","$","?","$","E","R","E","T","R","E","M","?","?","R","BOSS","M","?","$","M","?","E","R","E"],"build_version":"2018-12-20","purchased_purges":2,"victory":false,"max_hp_per_floor":[70,70,70,70,70,70,75,75,75,75,75,75,75,75,75,75,75,75,75,75,75,75,75,75,75,75,75,75,75,75,75,75,75,75,75,75,75,75,75,75,75,75],"card_choices":[{"not_picked":["Outmaneuver","Deflect"],"picked":"Dagger Spray","floor":1},{"not_picked":["Doppelganger","Flechettes"],"picked":"Poisoned Stab","floor":2},{"not_picked":["Flying Knee","Dagger Throw"],"picked":"Poisoned Stab","floor":5},{"not_picked":["Flying Knee","Setup"],"picked":"Prepared","floor":6},{"not_picked":["Deadly Poison","Accuracy","Dash"],"picked":"SKIP","floor":8},{"not_picked":["Underhanded Strike","Finisher"],"picked":"PiercingWail","floor":13},{"not_picked":["Underhanded Strike","Setup+1","Cloak And Dagger"],"picked":"SKIP","floor":18},{"not_picked":["Slice","Outmaneuver"],"picked":"Adrenaline","floor":23},{"not_picked":["Quick Slash","Blade Dance","Dodge and Roll+1"],"picked":"SKIP","floor":25},{"not_picked":["Deadly Poison","Quick Slash+1","Eviscerate+1"],"picked":"SKIP","floor":28},{"not_picked":["Dagger Throw+1","Prepared+1"],"picked":"Calculated Gamble","floor":29},{"not_picked":["Blade Dance","Outmaneuver"],"picked":"Backstab+1","floor":31},{"not_picked":["Tools of the Trade","A Thousand Cuts"],"picked":"Bullet Time","floor":33},{"not_picked":["Flying Knee+1","Expertise","Backflip"],"picked":"SKIP","floor":35},{"not_picked":["Blade Dance","Storm of Steel","PiercingWail"],"picked":"SKIP","floor":38},{"not_picked":["Cloak And Dagger","Blade Dance","Prepared+1"],"picked":"SKIP","floor":40}],"player_experience":828144,"relics_obtained":[{"floor":6,"key":"The Courier"},{"floor":11,"key":"Pantograph"},{"floor":23,"key":"Sundial"},{"floor":25,"key":"Lantern"},{"floor":26,"key":"Molten Egg 2"},{"floor":28,"key":"Bottled Flame"},{"floor":36,"key":"Mummified Hand"},{"floor":40,"key":"Happy Flower"}],"event_choices":[{"damage_healed":0,"gold_gain":0,"cards_transformed":["Strike_G"],"player_choice":"Transformed","damage_taken":0,"max_hp_gain":0,"max_hp_loss":0,"event_name":"Transmorgrifier","floor":4,"gold_loss":0,"cards_obtained":["Well Laid Plans"]},{"damage_healed":0,"gold_gain":0,"player_choice":"Donut","damage_taken":0,"max_hp_gain":5,"max_hp_loss":0,"event_name":"Big Fish","floor":7,"gold_loss":0},{"damage_healed":0,"gold_gain":0,"player_choice":"Ignored","damage_taken":0,"max_hp_gain":0,"max_hp_loss":0,"event_name":"Liars Game","floor":14,"gold_loss":0},{"damage_healed":0,"gold_gain":0,"player_choice":"Joined the Cult","damage_taken":6,"max_hp_gain":0,"max_hp_loss":0,"event_name":"Nest","floor":19,"gold_loss":0,"cards_obtained":["RitualDagger"]},{"damage_healed":0,"gold_gain":0,"player_choice":"Paid Fearfully","damage_taken":0,"max_hp_gain":0,"max_hp_loss":0,"event_name":"Masked Bandits","floor":21,"gold_loss":28},{"damage_healed":0,"gold_gain":100,"player_choice":"Pray","damage_taken":0,"max_hp_gain":0,"max_hp_loss":0,"event_name":"Golden Shrine","floor":30,"gold_loss":0},{"cards_removed":["Poisoned Stab"],"damage_healed":0,"gold_gain":0,"player_choice":"Removed Attack","damage_taken":0,"max_hp_gain":0,"max_hp_loss":0,"event_name":"Falling","floor":39,"gold_loss":0}],"is_beta":false,"boss_relics":[{"not_picked":["Ectoplasm","WristBlade"],"picked":"White Beast Statue"},{"not_picked":["Astrolabe","Calling Bell"],"picked":"Fusion Hammer"}],"items_purged_floors":[10,20],"is_endless":false,"potions_floor_spawned":[5,6,13,18,23,25,28,29,31,33,35,38,40],"killed_by":"Reptomancer","ascension_level":4}