{"gold_per_floor":[215,290,290,306,211,240,256,256,283,295,308,308,319,331,331,430,430,442,442,462,142,157,174,186,285,285,298,332,332,232,244,244,347,347,367,18,36,36,136,136,148,148,148,148,161,177,177,399,399,399],"floor_reached":50,"playtime":2558,"items_purged":["Strike_R","Parasite"],"score":607,"play_id":"d4fa7e3e-7a5d-45e9-b72e-b8b1bd42f137","local_time":"20190130180904","is_ascension_mode":true,"campfire_choices":[{"data":"Bash","floor":8,"key":"SMITH"},{"data":"Shockwave","floor":12,"key":"SMITH"},{"data":"Whirlwind","floor":15,"key":"SMITH"},{"data":"Flex","floor":29,"key":"SMITH"},{"data":"Master of Strategy","floor":32,"key":"SMITH"},{"data":"Limit Break","floor":40,"key":"SMITH"},{"data":"Sword Boomerang","floor":42,"key":"SMITH"},{"data":"Spot Weakness","floor":44,"key":"SMITH"},{"data":"Dark Embrace","floor":49,"key":"SMITH"}],"neow_cost":"NONE","seed_source_timestamp":12292148174033,"circlet_count":0,"master_deck":["Strike_R+1","Strike_R+1","Strike_R+1","Strike_R","Defend_R+1","Defend_R","Defend_R","Defend_R","Bash+1","Spot Weakness+1","Sword Boomerang+1","Shockwave+1","Whirlwind+1","Immolate","Immolate","Flex+1","Master of Strategy+1","True Grit+1","Armaments+1","Impervious","Limit Break+1","Ghostly Armor+1","Normality","Dark Embrace+1","Purity"],"relics":["Burning Blood","Anchor","Whetstone","Orichalcum","Cursed Key","Mercury Hourglass","Red Mask","Mark of Pain","Medical Kit","Darkstone Periapt"],"potions_floor_usage":[16,16,33,33,50,50],"damage_taken":[{"damage":1,"enemies":"Cultist","floor":1,"turns":3},{"damage":7,"enemies":"Jaw Worm","floor":4,"turns":3},{"damage":18,"enemies":"Gremlin Nob","floor":6,"turns":3},{"damage":0,"enemies":"2 Louse","floor":7,"turns":2},{"damage":0,"enemies":"Gremlin Gang","floor":10,"turns":4},{"damage":0,"enemies":"2 Fungi Beasts","floor":11,"turns":3},{"damage":6,"enemies":"Lots of Slimes","floor":13,"turns":3},{"damage":0,"enemies":"3 Louse","floor":14,"turns":3},{"damage":22,"enemies":"The Guardian","floor":16,"turns":7},{"damage":6,"enemies":"2 Thieves","floor":18,"turns":2},{"damage":1,"enemies":"Spheric Guardian","floor":20,"turns":3},{"damage":0,"enemies":"3 Cultists","floor":22,"turns":2},{"damage":12,"enemies":"Snake Plant","floor":23,"turns":3},{"damage":10,"enemies":"Shelled Parasite and Fungi","floor":24,"turns":3},{"damage":0,"enemies":"Centurion and Healer","floor":27,"turns":3},{"damage":0,"enemies":"Masked Bandits","floor":28,"turns":2},{"damage":0,"enemies":"3 Cultists","floor":31,"turns":2},{"damage":87,"enemies":"Champ","floor":33,"turns":10},{"damage":5,"enemies":"3 Darklings","floor":35,"turns":3},{"damage":8,"enemies":"Orb Walker","floor":37,"turns":3},{"damage":3,"enemies":"4 Shapes","floor":41,"turns":5},{"damage":28,"enemies":"Maw","floor":45,"turns":8},{"damage":0,"enemies":"Jaw Worm Horde","floor":46,"turns":2},{"damage":47,"enemies":"Time Eater","floor":50,"turns":7}],"seed_played":"-430694076888556769","potions_obtained":[{"floor":6,"key":"Regen Potion"},{"floor":11,"key":"BloodPotion"},{"floor":13,"key":"Weak Potion"},{"floor":18,"key":"FairyPotion"},{"floor":22,"key":"SpeedPotion"},{"floor":33,"key":"EssenceOfSteel"},{"floor":35,"key":"Ancient Potion"},{"floor":45,"key":"Dexterity Potion"}],"is_trial":false,"path_per_floor":["M","?","?","M","?","E","M","R","T","M","M","R","M","M","R","B",null,"M","?","M","$","M","M","M","?","T","M","?","R","$","M","R","B",null,"M","$","M","$","?","R","M","R","T","R","M","M","?","?","R","B"],"character_chosen":"IRONCLAD","items_purchased":["Flex","Master of Strategy","Medical Kit","Limit Break"],"campfire_rested":0,"item_purchase_floors":[21,21,36,36],"current_hp_per_floor":[77,66,50,49,49,37,43,43,43,49,55,55,55,61,61,59,75,75,75,80,80,80,74,70,70,70,76,80,80,77,77,77,13,61,62,62,60,60,60,60,63,63,63,63,41,47,47,47,47,0],"gold":399,"neow_bonus":"HUNDRED_GOLD","is_prod":false,"is_daily":false,"chose_seed":false,"campfire_upgraded":9,"win_rate":0,"timestamp":1548839344,"path_taken":["M","?","?","M","?","E","M","R","T","M","M","R","M","?","R","BOSS","M","?","M","$","M","M","?","?","T","M","?","R","$","M","R","BOSS","M","$","M","$","?","R","M","R","T","R","?","M","?","?","R","BOSS"],"build_version":"2019-01-23","purchased_purges":2,"victory":false,"max_hp_per_floor":[80,80,80,80,80,80,80,80,80,80,80,80,80,80,80,80,80,80,80,80,80,80,80,80,80,80,80,80,80,77,77,77,77,77,77,77,77,77,77,77,77,77,77,77,77,77,77,77,77,77],"card_choices":[{"not_picked":["Havoc","Evolve"],"picked":"Spot Weakness","floor":1},{"not_picked":["Twin Strike","True Grit"],"picked":"Sword Boomerang","floor":4},{"not_picked":["Hemokinesis","Headbutt"],"picked":"Shockwave","floor":6},{"not_picked":["Heavy Blade","Cleave","Havoc"],"picked":"SKIP","floor":7},{"not_picked":["Dark Embrace","Iron Wave","Armaments"],"picked":"SKIP","floor":10},{"not_picked":["Cleave","Rampage","Heavy Blade"],"picked":"SKIP","floor":11},{"not_picked":["Uppercut","Headbutt","Reckless Charge"],"picked":"SKIP","floor":13},{"not_picked":["Reckless Charge","Havoc"],"picked":"Whirlwind","floor":14},{"not_picked":["Exhume","Feed"],"picked":"Immolate","floor":16},{"not_picked":["Feel No Pain","Seeing Red","Thunderclap"],"picked":"SKIP","floor":18},{"not_picked":["Disarm","Iron Wave","Warcry"],"picked":"SKIP","floor":20},{"not_picked":["Iron Wave","Heavy Blade","Clash"],"picked":"SKIP","floor":22},{"not_picked":["Clash+1","Cleave"],"picked":"True Grit+1","floor":23},{"not_picked":["Iron Wave","Anger","Headbutt+1"],"picked":"SKIP","floor":24},{"not_picked":["Reckless Charge","Twin Strike"],"picked":"Armaments+1","floor":27},{"not_picked":["Warcry","Wild Strike","Pommel Strike"],"picked":"SKIP","floor":31},{"not_picked":["Barricade","Dark Embrace"],"picked":"Impervious","floor":33},{"not_picked":["Dropkick","Iron Wave+1","Reckless Charge+1"],"picked":"SKIP","floor":35},{"not_picked":["Spot Weakness","Flex+1"],"picked":"Ghostly Armor+1","floor":37},{"not_picked":["Body Slam+1","Twin Strike+1","Heavy Blade"],"picked":"SKIP","floor":41},{"not_picked":["Ghostly Armor+1","Flex","Carnage"],"picked":"SKIP","floor":45},{"not_picked":["Perfected Strike+1","Cleave"],"picked":"Dark Embrace","floor":46},{"not_picked":["Thinking Ahead","Discovery"],"picked":"Purity","floor":47}],"player_experience":124854,"relics_obtained":[{"floor":6,"key":"Whetstone"},{"floor":9,"key":"Orichalcum"},{"floor":26,"key":"Mercury Hourglass"},{"floor":28,"key":"Red Mask"},{"floor":43,"key":"Darkstone Periapt"}],"event_choices":[{"damage_healed":0,"gold_gain":75,"player_choice":"Gather Gold","damage_taken":11,"max_hp_gain":0,"max_hp_loss":0,"event_name":"World of Goop","floor":2,"gold_loss":0},{"damage_healed":0,"gold_gain":0,"player_choice":"Entered Light","damage_taken":16,"max_hp_gain":0,"max_hp_loss":0,"event_name":"Shining Light","floor":3,"gold_loss":0,"cards_upgraded":["Strike_R","Defend_R"]},{"damage_healed":0,"gold_gain":0,"player_choice":"Paid Gold","damage_taken":0,"relics_obtained":["Anchor"],"max_hp_gain":0,"max_hp_loss":0,"event_name":"WeMeetAgain","floor":5,"gold_loss":95},{"damage_healed":0,"gold_gain":0,"player_choice":"Copied","damage_taken":0,"max_hp_gain":0,"max_hp_loss":0,"event_name":"Duplicator","floor":19,"gold_loss":0,"cards_obtained":["Immolate"]},{"damage_healed":0,"gold_gain":99,"player_choice":"Stole From Cult","damage_taken":0,"max_hp_gain":0,"max_hp_loss":0,"event_name":"Nest","floor":25,"gold_loss":0},{"damage_healed":0,"gold_gain":0,"player_choice":"Fought Bandits","damage_taken":0,"max_hp_gain":0,"max_hp_loss":0,"event_name":"Masked Bandits","floor":28,"gold_loss":0},{"damage_healed":0,"gold_gain":100,"player_choice":"Pray","damage_taken":0,"max_hp_gain":0,"max_hp_loss":0,"event_name":"Golden Shrine","floor":39,"gold_loss":0},{"damage_healed":0,"gold_gain":0,"player_choice":"Memory 1","damage_taken":0,"max_hp_gain":0,"max_hp_loss":0,"event_name":"SensoryStone","floor":47,"gold_loss":0},{"damage_healed":0,"gold_gain":222,"player_choice":"Wore Mask","damage_taken":0,"max_hp_gain":0,"max_hp_loss":0,"event_name":"Tomb of Lord Red Mask","floor":48,"gold_loss":0}],"is_beta":false,"boss_relics":[{"not_picked":["White Beast Statue","Runic Pyramid"],"picked":"Cursed Key"},{"not_picked":["Eternal Feather","Lizard Tail"],"picked":"Mark of Pain"}],"items_purged_floors":[21,30],"is_endless":false,"potions_floor_spawned":[6,11,13,14,18,22,24,27,33,35,45],"killed_by":"Time Eater","ascension_level":6}