{"gold_per_floor":[114,130,130,130,150,150,130,130,154,177,27,27,48,48,48,167,167,190,206,206],"floor_reached":20,"playtime":926,"items_purged":[],"score":262,"play_id":"512c868f-b92f-4236-aaa0-fd7ddf68e45d","local_time":"20190107035355","is_ascension_mode":true,"campfire_choices":[{"data":"Concentrate","floor":6,"key":"SMITH"},{"data":"Expertise","floor":8,"key":"SMITH"},{"floor":15,"key":"REST"}],"neow_cost":"NONE","seed_source_timestamp":1245219243116717,"circlet_count":0,"master_deck":["AscendersBane","Survivor","Neutralize","Tactician+1","Bullet Time+1","Terror","Expertise+1","A Thousand Cuts","Flechettes","Concentrate+1","Deadly Poison","Heel Hook","Slice","Backflip","Flying Knee","Crippling Poison","Cloak And Dagger","Dagger Throw","Unload","Reflex","Predator"],"relics":["Pandora\u0027s Box","Golden Idol","Potion Belt","War Paint","Coffee Dripper"],"potions_floor_usage":[16],"damage_taken":[{"damage":0,"enemies":"2 Louse","floor":1,"turns":2},{"damage":13,"enemies":"Small Slimes","floor":2,"turns":3},{"damage":6,"enemies":"Cultist","floor":5,"turns":3},{"damage":1,"enemies":"Exordium Thugs","floor":10,"turns":3},{"damage":13,"enemies":"Gremlin Gang","floor":13,"turns":4},{"damage":11,"enemies":"Hexaghost","floor":16,"turns":8},{"damage":32,"enemies":"2 Thieves","floor":18,"turns":4},{"damage":7,"enemies":"Shell Parasite","floor":19,"turns":4},{"damage":27,"enemies":"Centurion and Healer","floor":20,"turns":4}],"seed_played":"-323186316486778903","potions_obtained":[{"floor":2,"key":"Energy Potion"},{"floor":7,"key":"SteroidPotion"},{"floor":10,"key":"Strength Potion"},{"floor":13,"key":"GhostInAJar"},{"floor":19,"key":"LiquidBronze"}],"is_trial":false,"path_per_floor":["M","M","?","?","M","R","?","R","T","M","$","?","M","$","R","B",null,"M","M","M"],"character_chosen":"THE_SILENT","items_purchased":["War Paint"],"campfire_rested":1,"item_purchase_floors":[11],"current_hp_per_floor":[63,50,33,56,50,50,50,50,50,49,49,49,36,36,57,46,64,32,25,0],"gold":206,"neow_bonus":"BOSS_RELIC","is_prod":false,"is_daily":false,"chose_seed":false,"campfire_upgraded":2,"win_rate":0,"timestamp":1546851235,"path_taken":["M","M","?","?","M","R","?","R","T","?","$","?","M","?","R","BOSS","M","M","?"],"build_version":"2019-01-03v4","purchased_purges":0,"victory":false,"max_hp_per_floor":[70,70,70,70,70,70,70,70,70,70,70,70,70,70,70,70,70,70,70,70],"card_choices":[{"not_picked":["Poisoned Stab","Distraction"],"picked":"Backflip","floor":1},{"not_picked":["Prepared","Slice"],"picked":"Flying Knee","floor":2},{"not_picked":["Backflip","Poisoned Stab"],"picked":"Crippling Poison","floor":5},{"not_picked":["Outmaneuver","Quick Slash"],"picked":"Cloak And Dagger","floor":10},{"not_picked":["Deflect","Phantasmal Killer"],"picked":"Dagger Throw","floor":13},{"not_picked":["Night Terror","Grand Finale"],"picked":"Unload","floor":16},{"not_picked":["Crippling Poison","Endless Agony"],"picked":"Reflex","floor":18},{"not_picked":["Backflip","Deadly Poison"],"picked":"Predator","floor":19}],"player_experience":478995,"relics_obtained":[{"floor":9,"key":"Potion Belt"}],"event_choices":[{"damage_healed":0,"gold_gain":0,"player_choice":"Take Damage","damage_taken":17,"relics_obtained":["Golden Idol"],"max_hp_gain":0,"max_hp_loss":0,"event_name":"Golden Idol","floor":3,"gold_loss":0},{"damage_healed":23,"gold_gain":0,"player_choice":"Banana","damage_taken":0,"max_hp_gain":0,"max_hp_loss":0,"event_name":"Big Fish","floor":4,"gold_loss":0},{"damage_healed":0,"gold_gain":0,"player_choice":"Bought 1 Potion","damage_taken":0,"max_hp_gain":0,"max_hp_loss":0,"event_name":"The Woman in Blue","floor":7,"gold_loss":0},{"damage_healed":0,"gold_gain":0,"player_choice":"Ignored","damage_taken":0,"max_hp_gain":0,"max_hp_loss":0,"event_name":"Liars Game","floor":12,"gold_loss":0}],"is_beta":false,"boss_relics":[{"not_picked":["Calling Bell","Lizard Tail"],"picked":"Coffee Dripper"}],"items_purged_floors":[],"is_endless":false,"potions_floor_spawned":[2,10,13,19],"killed_by":"Centurion and Healer","ascension_level":12}