{"gold_per_floor":[117,134,159,172,189,189,215,365,365,49,49,65,78,93,93,171,171,187,204,204,204],"floor_reached":21,"playtime":737,"items_purged":["Doubt"],"score":320,"play_id":"c4480209-e723-43b6-a9f7-176c33afccf6","local_time":"20190206020957","is_ascension_mode":true,"campfire_choices":[{"data":"Zap","floor":6,"key":"SMITH"},{"data":"Defragment","floor":11,"key":"SMITH"},{"floor":15,"key":"REST"}],"neow_cost":"NONE","seed_source_timestamp":2189641420257700,"circlet_count":0,"master_deck":["AscendersBane","Strike_B","Defend_B","Defend_B","Defend_B","Defend_B","Zap+1","Dualcast","Seek","Ball Lightning","Leap","Auto Shields","Sweeping Beam","Scrape","Defragment+1","Coolheaded","Cold Snap","Beam Cell","Static Discharge","Beam Cell","Fission","Go for the Eyes","Cold Snap"],"relics":["Cracked Core","Boot","Blood Vial","Omamori","Membership Card","Empty Cage","Matryoshka"],"potions_floor_usage":[7,16],"damage_taken":[{"damage":6,"enemies":"Cultist","floor":1,"turns":3},{"damage":3,"enemies":"2 Louse","floor":2,"turns":2},{"damage":7,"enemies":"Small Slimes","floor":4,"turns":3},{"damage":2,"enemies":"Looter","floor":5,"turns":3},{"damage":10,"enemies":"3 Sentries","floor":7,"turns":6},{"damage":0,"enemies":"Large Slime","floor":12,"turns":3},{"damage":10,"enemies":"Red Slaver","floor":13,"turns":2},{"damage":2,"enemies":"Blue Slaver","floor":14,"turns":2},{"damage":22,"enemies":"Hexaghost","floor":16,"turns":8},{"damage":22,"enemies":"3 Byrds","floor":18,"turns":5},{"damage":25,"enemies":"2 Thieves","floor":19,"turns":4}],"seed_played":"4087344539019370695","potions_obtained":[{"floor":2,"key":"AttackPotion"},{"floor":5,"key":"FearPotion"},{"floor":12,"key":"GamblersBrew"},{"floor":13,"key":"Strength Potion"},{"floor":18,"key":"LiquidBronze"}],"is_trial":false,"path_per_floor":["M","M","T","M","M","R","E","?","T","$","R","M","M","M","R","B",null,"M","M","?","?"],"character_chosen":"DEFECT","items_purchased":["Membership Card","Defragment","Coolheaded","Cold Snap"],"campfire_rested":1,"item_purchase_floors":[10,10,10,10],"current_hp_per_floor":[58,55,55,48,46,46,36,36,36,36,36,38,30,30,51,31,61,41,18,18,0],"gold":204,"neow_bonus":"TRANSFORM_CARD","is_prod":false,"is_daily":false,"chose_seed":false,"campfire_upgraded":2,"win_rate":0,"timestamp":1549436997,"path_taken":["M","?","?","M","M","R","E","?","T","$","R","M","M","M","R","BOSS","M","M","?","?"],"build_version":"2019-01-23","purchased_purges":1,"victory":false,"max_hp_per_floor":[71,71,71,71,71,71,71,71,71,71,71,71,71,71,71,71,71,71,71,71,76],"card_choices":[{"not_picked":["Stack","Compile Driver"],"picked":"Ball Lightning","floor":1},{"not_picked":["Beam Cell","Steam"],"picked":"Leap","floor":2},{"not_picked":["Compile Driver","Coolheaded"],"picked":"Auto Shields","floor":4},{"not_picked":["Heatsinks","Compile Driver"],"picked":"Sweeping Beam","floor":5},{"not_picked":["Rebound","Hologram"],"picked":"Scrape","floor":7},{"not_picked":["Conserve Battery","Hologram"],"picked":"Beam Cell","floor":12},{"not_picked":["Sunder","Rebound"],"picked":"Static Discharge","floor":13},{"not_picked":["Auto Shields","Rebound"],"picked":"Beam Cell","floor":14},{"not_picked":["Buffer","All For One"],"picked":"Fission","floor":16},{"not_picked":["Heatsinks","Fusion"],"picked":"Go for the Eyes","floor":18},{"not_picked":["Beam Cell","Genetic Algorithm"],"picked":"Cold Snap","floor":19}],"player_experience":530071,"relics_obtained":[{"floor":3,"key":"Boot"},{"floor":7,"key":"Blood Vial"},{"floor":9,"key":"Omamori"}],"event_choices":[{"damage_healed":0,"gold_gain":150,"player_choice":"AGREE","damage_taken":0,"max_hp_gain":0,"max_hp_loss":0,"event_name":"Liars Game","floor":8,"gold_loss":0,"cards_obtained":["Doubt"]},{"damage_healed":0,"gold_gain":0,"player_choice":"Stole Relic","damage_taken":0,"relics_obtained":["Matryoshka"],"max_hp_gain":0,"max_hp_loss":0,"event_name":"Addict","floor":20,"gold_loss":0,"cards_obtained":["Shame"]}],"is_beta":false,"boss_relics":[{"not_picked":["White Beast Statue","Ectoplasm"],"picked":"Empty Cage"}],"items_purged_floors":[10],"is_endless":false,"potions_floor_spawned":[2,5,12,13,18,19],"ascension_level":15}