{"gold_per_floor":[112,112,128,138,138,165,165,180,180,180,195,195,195,207,207,312,312,252,151,151,151,32,32,32,32,32,32,32,32,32,32,32,32,32,32,32,32,32,32,32,32,32,32,32,0,0,0,0,0,0],"floor_reached":51,"playtime":2121,"items_purged":["Strike_R","Strike_R"],"score":1385,"play_id":"f52ac764-abb4-4ccc-a0ef-02ef7861cb63","local_time":"20190209160612","is_ascension_mode":true,"campfire_choices":[{"data":"Entrench","floor":10.0,"key":"SMITH"},{"data":"Body Slam","floor":13,"key":"SMITH"},{"data":"Entrench","floor":15,"key":"SMITH"},{"data":"True Grit","floor":23,"key":"SMITH"},{"data":"Flame Barrier","floor":25,"key":"SMITH"},{"data":"Offering","floor":28,"key":"SMITH"},{"data":"Battle Trance","floor":32,"key":"SMITH"},{"data":"Shrug It Off","floor":41,"key":"SMITH"},{"floor":49,"key":"REST"}],"neow_cost":"NONE","seed_source_timestamp":685928745032700,"circlet_count":0,"master_deck":["Strike_R","Strike_R+1","Defend_R","Defend_R","Defend_R","Defend_R+1","Bash","Barricade+1","True Grit+1","Entrench+1","Body Slam+1","Entrench+1","Flame Barrier+1","Offering+1","Shrug It Off+1","Shrug It Off+1","Battle Trance+1","Body Slam+1","Burning Pact+1","Secret Technique","Offering+1"],"special_seed":0,"relics":["Burning Blood","PreservedInsect","The Courier","StoneCalendar","Meat on the Bone","Ectoplasm","Juzu Bracelet","Ancient Tea Set","Prayer Wheel","Runic Cube","Whetstone","Lantern","Toxic Egg 2","Art of War","Red Mask"],"potions_floor_usage":[24,24,33,50],"damage_taken":[{"damage":10.0,"enemies":"Cultist","floor":1.0,"turns":5.0},{"damage":4.0,"enemies":"Small Slimes","floor":3.0,"turns":4.0},{"damage":5.0,"enemies":"2 Louse","floor":4.0,"turns":3.0},{"damage":43.0,"enemies":"Lagavulin","floor":6.0,"turns":9.0},{"damage":13.0,"enemies":"Large Slime","floor":8.0,"turns":7.0},{"damage":12,"enemies":"Exordium Wildlife","floor":11,"turns":7},{"damage":10,"enemies":"3 Louse","floor":14,"turns":6},{"damage":23,"enemies":"Hexaghost","floor":16,"turns":17},{"damage":9,"enemies":"2 Thieves","floor":18,"turns":5},{"damage":6,"enemies":"Shell Parasite","floor":21,"turns":6},{"damage":9,"enemies":"Slavers","floor":24,"turns":7},{"damage":17,"enemies":"Gremlin Leader","floor":27,"turns":3},{"damage":6,"enemies":"3 Cultists","floor":30,"turns":6},{"damage":6,"enemies":"Champ","floor":33,"turns":3},{"damage":6,"enemies":"3 Darklings","floor":35,"turns":7},{"damage":6,"enemies":"Orb Walker","floor":36,"turns":3},{"damage":6,"enemies":"Giant Head","floor":40,"turns":5},{"damage":6,"enemies":"Nemesis","floor":42,"turns":3},{"damage":12,"enemies":"Giant Head","floor":44,"turns":1},{"damage":6,"enemies":"Sphere and 2 Shapes","floor":46,"turns":4},{"damage":6,"enemies":"4 Shapes","floor":48,"turns":7},{"damage":0,"enemies":"Time Eater","floor":50,"turns":9}],"seed_played":"-217208940020072043","potions_obtained":[{"floor":1.0,"key":"PowerPotion"},{"floor":6.0,"key":"Fruit Juice"},{"floor":8.0,"key":"FearPotion"},{"floor":11,"key":"Fire Potion"},{"floor":21,"key":"FearPotion"},{"floor":30,"key":"GamblersBrew"},{"floor":33,"key":"Weak Potion"},{"floor":42,"key":"Explosive Potion"},{"floor":46,"key":"SkillPotion"},{"floor":48,"key":"Block Potion"}],"is_trial":false,"path_per_floor":["M","T","M","M","?","E","?","M","T","R","M","?","R","M","R","B",null,"M","$","?","M","$","R","E","R","T","E","R","?","M","?","R","B",null,"M","M","?","?","$","E","R","E","T","E","?","M","?","M","R","B",null],"character_chosen":"IRONCLAD","items_purchased":["Shrug It Off","Shrug It Off"],"campfire_rested":1,"item_purchase_floors":[19,22],"current_hp_per_floor":[68,68,70,71,68,31,20,13,13,13,19,47,47,55,55,50,76,73,73,73,73,73,73,70,70,70,59,59,59,59,59,59,59,79,79,79,79,79,79,79,79,79,79,73,73,73,73,73,85,85],"gold":0,"neow_bonus":"ONE_RANDOM_RARE_CARD","is_prod":false,"is_daily":false,"chose_seed":false,"campfire_upgraded":8,"win_rate":0,"timestamp":1549753572,"path_taken":["M","?","M","M","?","E","?","M","T","R","M","?","R","M","R","BOSS","M","$","?","M","$","R","E","R","T","E","R","?","M","?","R","BOSS","M","M","?","?","$","E","R","E","T","E","?","M","?","M","R","BOSS"],"build_version":"2019-01-23","purchased_purges":2,"victory":true,"max_hp_per_floor":[80,80,80,80,80,80,85,85,85,85,85,85,85,85,85,85,85,85,85,85,85,85,85,85,85,85,85,85,85,85,85,85,85,85,85,85,85,85,85,85,85,85,85,85,85,85,85,85,85,85],"card_choices":[{"not_picked":["Infernal Blade","Perfected Strike"],"picked":"True Grit","floor":1.0},{"not_picked":["Reckless Charge","Feel No Pain"],"picked":"Entrench","floor":3.0},{"not_picked":["Wild Strike","Flex"],"picked":"Body Slam","floor":4.0},{"not_picked":["Shockwave","Sever Soul","Twin Strike"],"picked":"SKIP","floor":6.0},{"not_picked":["Clothesline","Inflame"],"picked":"Entrench","floor":8.0},{"not_picked":["Blood for Blood","Pommel Strike","Heavy Blade"],"picked":"SKIP","floor":11},{"not_picked":["Havoc","Rampage"],"picked":"Flame Barrier","floor":14},{"not_picked":["Double Tap","Demon Form"],"picked":"Offering","floor":16},{"not_picked":["Fire Breathing","Uppercut+1"],"picked":"Shrug It Off+1","floor":18},{"not_picked":["Flex","Headbutt","Sword Boomerang"],"picked":"SKIP","floor":21},{"not_picked":["Thunderclap+1","Clash","Sword Boomerang"],"picked":"SKIP","floor":24},{"not_picked":["Thunderclap+1","Twin Strike","Anger"],"picked":"SKIP","floor":27},{"not_picked":["Perfected Strike","Body Slam"],"picked":"Battle Trance","floor":30},{"not_picked":["Carnage","Twin Strike","Sword Boomerang"],"picked":"SKIP","floor":30},{"not_picked":["Heavy Blade","Headbutt"],"picked":"Body Slam","floor":35},{"not_picked":["Heavy Blade","Iron Wave","Wild Strike"],"picked":"SKIP","floor":35},{"not_picked":["Reaper","Inflame"],"picked":"Burning Pact+1","floor":36},{"not_picked":["Body Slam","Warcry+1","Pommel Strike"],"picked":"SKIP","floor":36},{"not_picked":["Good Instincts","Swift Strike"],"picked":"Secret Technique","floor":37},{"not_picked":["Sentinel","Disarm","Pommel Strike"],"picked":"SKIP","floor":40},{"not_picked":["Body Slam","Wild Strike","Pommel Strike+1"],"picked":"SKIP","floor":42},{"not_picked":["Bludgeon","Flex+1","Feel No Pain+1"],"picked":"SKIP","floor":44},{"not_picked":["Reckless Charge","Sever Soul","Anger"],"picked":"SKIP","floor":46},{"not_picked":["Perfected Strike","Anger+1","Blood for Blood+1"],"picked":"SKIP","floor":46},{"not_picked":["Combust","Havoc+1","Warcry+1"],"picked":"SKIP","floor":48},{"not_picked":["Pommel Strike","Anger+1","Flex+1"],"picked":"SKIP","floor":48}],"player_experience":323719,"relics_obtained":[{"floor":2.0,"key":"PreservedInsect"},{"floor":6.0,"key":"StoneCalendar"},{"floor":9.0,"key":"Meat on the Bone"},{"floor":24,"key":"Juzu Bracelet"},{"floor":26,"key":"Ancient Tea Set"},{"floor":27,"key":"Prayer Wheel"},{"floor":40,"key":"Whetstone"},{"floor":42,"key":"Lantern"},{"floor":43,"key":"Toxic Egg 2"},{"floor":44,"key":"Art of War"}],"event_choices":[{"damage_healed":0.0,"max_hp_gain":0.0,"max_hp_loss":0.0,"gold_gain":0.0,"event_name":"Scrap Ooze","player_choice":"Success","floor":5.0,"gold_loss":0.0,"damage_taken":3.0,"relics_obtained":["The Courier"]},{"damage_healed":0.0,"max_hp_gain":0.0,"max_hp_loss":0.0,"gold_gain":0.0,"event_name":"Shining Light","player_choice":"Entered Light","floor":7.0,"gold_loss":0.0,"damage_taken":16.0,"cards_upgraded":["Barricade","Defend_R"]},{"damage_healed":28,"gold_gain":0,"player_choice":"Banana","damage_taken":0,"max_hp_gain":0,"max_hp_loss":0,"event_name":"Big Fish","floor":12,"gold_loss":0},{"damage_healed":0,"gold_gain":0,"player_choice":"Ignored","damage_taken":0,"max_hp_gain":0,"max_hp_loss":0,"event_name":"Cursed Tome","floor":20,"gold_loss":0},{"cards_removed":["Strike_R"],"damage_healed":0,"gold_gain":0,"player_choice":"Purged","damage_taken":0,"max_hp_gain":0,"max_hp_loss":0,"event_name":"Purifier","floor":29,"gold_loss":0},{"damage_healed":0,"gold_gain":0,"player_choice":"Ignored","damage_taken":0,"max_hp_gain":0,"max_hp_loss":0,"event_name":"Vampires","floor":31,"gold_loss":0},{"damage_healed":0,"gold_gain":0,"player_choice":"Memory 1","damage_taken":0,"max_hp_gain":0,"max_hp_loss":0,"event_name":"SensoryStone","floor":37,"gold_loss":0},{"damage_healed":0,"gold_gain":0,"player_choice":"Copied","damage_taken":0,"max_hp_gain":0,"max_hp_loss":0,"event_name":"Duplicator","floor":38,"gold_loss":0,"cards_obtained":["Offering"]},{"damage_healed":0,"gold_gain":0,"player_choice":"Paid","damage_taken":0,"relics_obtained":["Red Mask"],"max_hp_gain":0,"max_hp_loss":0,"event_name":"Tomb of Lord Red Mask","floor":45,"gold_loss":32},{"cards_removed":["Shrug It Off"],"damage_healed":0,"gold_gain":0,"player_choice":"Removed Skill","damage_taken":0,"max_hp_gain":0,"max_hp_loss":0,"event_name":"Falling","floor":47,"gold_loss":0}],"is_beta":false,"boss_relics":[{"not_picked":["Orrery","Runic Dome"],"picked":"Ectoplasm"},{"not_picked":["Velvet Choker","Coffee Dripper"],"picked":"Runic Cube"}],"items_purged_floors":[19,22],"is_endless":false,"potions_floor_spawned":[1,6,8,11,21,30,33,42,44,46,48],"ascension_level":9}