{"gold_per_floor":[114,114,114,37,53,53,2,2,27,27,52,52,127,144,144,218,218,233,122,37,37,118,118,118,217,217,217,230,246,263,279,279,358,358,370,382,382,112,112,137,137,151,224,224,241,241],"floor_reached":46,"playtime":3817,"items_purged":["Defend_B"],"score":733,"play_id":"4f33f895-b5e3-4158-be84-8ce396d5fd76","local_time":"20190116194517","is_ascension_mode":true,"campfire_choices":[{"data":"Strike_B","floor":6.0,"key":"PURGE"},{"data":"Strike_B","floor":8,"key":"PURGE"},{"data":"Strike_B","floor":10,"key":"PURGE"},{"data":"Strike_B","floor":12,"key":"PURGE"},{"data":"Defend_B","floor":15,"key":"PURGE"},{"data":"Defend_B","floor":23,"key":"PURGE"},{"data":"Hologram","floor":32,"key":"PURGE"},{"floor":41,"key":"REST"},{"floor":44,"key":"REST"}],"neow_cost":"NONE","seed_source_timestamp":634485661775950,"circlet_count":0,"master_deck":["AscendersBane","Defend_B+1","Zap","Dualcast","Redo+1","Gash","Go for the Eyes","Coolheaded","Self Repair","FTL","Echo Form","Static Discharge","Glacier+1","Gash","Apotheosis","Panache","Storm","Madness","Madness","FTL"],"special_seed":0,"relics":["Runic Dome","Peace Pipe","War Paint","Mummified Hand","Eternal Feather","Oddly Smooth Stone","Enchiridion","Ornamental Fan","MutagenicStrength","Letter Opener","Inserter","Calipers","The Courier"],"potions_floor_usage":[11,33],"damage_taken":[{"damage":0.0,"enemies":"Cultist","floor":1.0,"turns":3.0},{"damage":0.0,"enemies":"Small Slimes","floor":5.0,"turns":3.0},{"damage":14,"enemies":"Lagavulin","floor":11,"turns":5},{"damage":0,"enemies":"Jaw Worm","floor":14,"turns":4},{"damage":34,"enemies":"The Guardian","floor":16,"turns":13},{"damage":0,"enemies":"Shell Parasite","floor":18,"turns":8},{"damage":7,"enemies":"3 Byrds","floor":28,"turns":3},{"damage":5,"enemies":"Snecko","floor":29,"turns":6},{"damage":22,"enemies":"Sentry and Sphere","floor":30,"turns":4},{"damage":17,"enemies":"Snake Plant","floor":31,"turns":5},{"damage":31,"enemies":"Automaton","floor":33,"turns":9},{"damage":4,"enemies":"Orb Walker","floor":35,"turns":4},{"damage":27,"enemies":"3 Darklings","floor":36,"turns":6},{"damage":63,"enemies":"Nemesis","floor":40,"turns":9},{"damage":10,"enemies":"Maw","floor":42,"turns":7},{"damage":60,"enemies":"Sphere and 2 Shapes","floor":45,"turns":5},{"damage":21,"enemies":"4 Shapes","floor":46,"turns":1}],"seed_played":"6137517746554929588","potions_obtained":[{"floor":3.0,"key":"FairyPotion"},{"floor":3.0,"key":"SkillPotion"},{"floor":16,"key":"Swift Potion"},{"floor":36,"key":"SteroidPotion"},{"floor":42,"key":"LiquidBronze"}],"is_trial":false,"path_per_floor":["M","?","?","$","M","R","$","R","T","R","E","R","?","M","R","B",null,"M","$","?","?","T","R","?","?","T","?","M","M","M","M","R","B",null,"M","M","?","$","?","E","R","M","T","R","M","M"],"character_chosen":"DEFECT","items_purchased":["Gash","Go for the Eyes","Hologram","Static Discharge","Panache","Storm"],"campfire_rested":2,"item_purchase_floors":[4,4,7,19,38,38],"current_hp_per_floor":[68,61,61,61,61,61,61,61,61,61,47,47,36,43,43,16,60,67,67,67,51,51,57,57,57,57,57,64,66,51,48,54,30,64,67,47,47,47,38,15,46,43,43,74,21,0],"gold":241,"neow_bonus":"BOSS_RELIC","is_prod":false,"is_daily":false,"chose_seed":false,"campfire_upgraded":0,"win_rate":0,"timestamp":1547667917,"path_taken":["M","?","?","$","?","R","$","R","T","R","E","R","?","M","R","BOSS","M","$","?","?","?","R","?","?","T","?","M","M","M","M","R","BOSS","M","M","?","$","?","E","R","M","T","R","M","M"],"build_version":"2019-01-10","purchased_purges":1,"victory":false,"max_hp_per_floor":[75,75,75,75,75,75,75,75,75,75,75,75,75,75,75,75,75,75,75,75,75,75,75,75,75,75,75,75,75,75,75,75,75,75,75,75,75,75,75,75,75,75,75,75,75,75],"card_choices":[{"not_picked":["Steam","Undo"],"picked":"Redo","floor":1.0},{"not_picked":["Ball Lightning","Stack"],"picked":"Coolheaded","floor":5.0},{"not_picked":["Meteor Strike","Ball Lightning"],"picked":"Self Repair","floor":11},{"not_picked":["Stack","Coolheaded"],"picked":"FTL","floor":14},{"not_picked":["Electrodynamics","Reboot"],"picked":"Echo Form","floor":16},{"not_picked":["Defragment","Barrage","Leap"],"picked":"SKIP","floor":18},{"not_picked":["Undo","Compile Driver"],"picked":"Glacier+1","floor":28},{"not_picked":["Blizzard","Hologram","Barrage"],"picked":"SKIP","floor":29},{"not_picked":["Compile Driver","Beam Cell","Hello World"],"picked":"SKIP","floor":30},{"not_picked":["Redo","Sunder","Stack"],"picked":"SKIP","floor":31},{"not_picked":["Cold Snap","Turbo","Beam Cell"],"picked":"SKIP","floor":35},{"not_picked":["Reprogram+1","Lockon"],"picked":"Gash","floor":36},{"not_picked":["Madness","Deep Breath"],"picked":"Apotheosis","floor":37},{"not_picked":["Double Energy","Hello World","Darkness"],"picked":"SKIP","floor":40},{"not_picked":["Storm","Compile Driver","Rip and Tear"],"picked":"SKIP","floor":42},{"not_picked":["Turbo+1","Steam"],"picked":"FTL","floor":45}],"player_experience":1194382,"relics_obtained":[{"floor":9,"key":"War Paint"},{"floor":11,"key":"Mummified Hand"},{"floor":21,"key":"Enchiridion"},{"floor":22,"key":"Ornamental Fan"},{"floor":26,"key":"Letter Opener"},{"floor":40,"key":"Calipers"},{"floor":43,"key":"The Courier"}],"event_choices":[{"damage_healed":0.0,"max_hp_gain":0.0,"max_hp_loss":0.0,"gold_gain":0.0,"event_name":"Scrap Ooze","player_choice":"Success","floor":2.0,"gold_loss":0.0,"damage_taken":7.0,"relics_obtained":["Peace Pipe"]},{"damage_healed":0.0,"max_hp_gain":0.0,"max_hp_loss":0.0,"gold_gain":0.0,"event_name":"Lab","player_choice":"Got Potions","floor":3.0,"gold_loss":0.0,"damage_taken":0.0},{"damage_healed":0,"gold_gain":75,"player_choice":"Gather Gold","damage_taken":11,"max_hp_gain":0,"max_hp_loss":0,"event_name":"World of Goop","floor":13,"gold_loss":0},{"damage_healed":0,"gold_gain":0,"player_choice":"Obtained Relic","damage_taken":0,"relics_obtained":["Oddly Smooth Stone"],"max_hp_gain":0,"max_hp_loss":0,"event_name":"Addict","floor":20,"gold_loss":85},{"damage_healed":0,"gold_gain":0,"player_choice":"Obtained Book","damage_taken":16,"max_hp_gain":0,"max_hp_loss":0,"event_name":"Cursed Tome","floor":21,"gold_loss":0},{"damage_healed":0,"gold_gain":0,"player_choice":"Inject Mutagens","damage_taken":0,"relics_obtained":["MutagenicStrength"],"max_hp_gain":0,"max_hp_loss":0,"event_name":"Drug Dealer","floor":24,"gold_loss":0},{"damage_healed":0,"gold_gain":99,"player_choice":"Stole From Cult","damage_taken":0,"max_hp_gain":0,"max_hp_loss":0,"event_name":"Nest","floor":25,"gold_loss":0},{"damage_healed":0,"gold_gain":0,"player_choice":"Ignored","damage_taken":0,"max_hp_gain":0,"max_hp_loss":0,"event_name":"Ghosts","floor":27,"gold_loss":0},{"damage_healed":0,"gold_gain":0,"player_choice":"Memory 1","damage_taken":0,"max_hp_gain":0,"max_hp_loss":0,"event_name":"SensoryStone","floor":37,"gold_loss":0},{"damage_healed":0,"gold_gain":0,"player_choice":"Embrace Madness","damage_taken":9,"max_hp_gain":0,"max_hp_loss":0,"event_name":"Winding Halls","floor":39,"gold_loss":0,"cards_obtained":["Madness","Madness"]}],"is_beta":false,"boss_relics":[{"not_picked":["Fusion Hammer","Nuclear Battery"],"picked":"Eternal Feather"},{"not_picked":["Runic Pyramid","Philosopher\u0027s Stone"],"picked":"Inserter"}],"items_purged_floors":[19],"is_endless":false,"potions_floor_spawned":[5,16,28,30,36,42,45],"killed_by":"4 Shapes","ascension_level":13}