{"gold_per_floor":[110,285,36,111,129,129,160,160,187,212,312,312,343,360,360,460,460,475,475,489,439,458,484,484,514,538,554,584,584,584,600,600,695,695,708,725,359,359,359,390,406,432,455,455,455,56,67,67,67,67],"floor_reached":51,"playtime":1998,"items_purged":["Doubt","Strike_B","Strike_B","Regret"],"score":1166,"play_id":"21bf1e2b-ddf3-4dcc-ba3d-16d1be5192dc","local_time":"20190116183753","is_ascension_mode":true,"campfire_choices":[{"data":"Zap","floor":6,"key":"SMITH"},{"data":"Dualcast","floor":8,"key":"SMITH"},{"data":"Hologram","floor":12,"key":"SMITH"},{"data":"Sunder","floor":15,"key":"SMITH"},{"floor":24,"key":"REST"},{"floor":32,"key":"REST"},{"data":"Biased Cognition","floor":45,"key":"SMITH"},{"data":"Buffer","floor":49,"key":"SMITH"}],"neow_cost":"NONE","seed_source_timestamp":235067313838424,"circlet_count":0,"master_deck":["Defend_B","Defend_B+1","Defend_B","Defend_B","Zap+1","Dualcast+1","Hologram+1","Melter","Self Repair","FTL+1","Sunder+1","Buffer+1","Static Discharge","Redo","Leap","Defragment+1","Defragment+1","Cold Snap","Biased Cognition+1","Storm+1","Ball Lightning","Glacier+1","Deep Breath","Electrodynamics","Defragment+1","Skim","Coolheaded"],"special_seed":0,"relics":["Cracked Core","NeowsBlessing","Membership Card","Pantograph","Juzu Bracelet","Strawberry","PreservedInsect","Busted Crown","Bronze Scales","Whetstone","Blood Vial","Anchor","Cursed Key","Happy Flower","Vajra","OrangePellets","Regal Pillow","Pen Nib","War Paint","DataDisk","DollysMirror"],"potions_floor_usage":[13,25,33,33,50,50],"damage_taken":[{"damage":0.0,"enemies":"Small Slimes","floor":1.0,"turns":1.0},{"damage":0,"enemies":"Jaw Worm","floor":5,"turns":1},{"damage":0,"enemies":"Gremlin Nob","floor":7,"turns":1},{"damage":26,"enemies":"Lagavulin","floor":10,"turns":6},{"damage":5,"enemies":"3 Sentries","floor":13,"turns":6},{"damage":0,"enemies":"Cultist","floor":14,"turns":2},{"damage":15,"enemies":"The Guardian","floor":16,"turns":12},{"damage":0,"enemies":"Chosen","floor":18,"turns":4},{"damage":0,"enemies":"Spheric Guardian","floor":20,"turns":2},{"damage":15,"enemies":"Centurion and Healer","floor":22,"turns":7},{"damage":53,"enemies":"Gremlin Leader","floor":23,"turns":6},{"damage":19,"enemies":"Book of Stabbing","floor":25,"turns":4},{"damage":10,"enemies":"Snecko","floor":27,"turns":5},{"damage":18,"enemies":"Gremlin Leader","floor":28,"turns":4},{"damage":7,"enemies":"Snake Plant","floor":31,"turns":3},{"damage":8,"enemies":"Automaton","floor":33,"turns":8},{"damage":10,"enemies":"Orb Walker","floor":35,"turns":3},{"damage":0,"enemies":"3 Shapes","floor":36,"turns":3},{"damage":12,"enemies":"Nemesis","floor":40,"turns":7},{"damage":0,"enemies":"3 Darklings","floor":41,"turns":4},{"damage":0,"enemies":"Giant Head","floor":42,"turns":6},{"damage":0,"enemies":"Transient","floor":47,"turns":5},{"damage":5,"enemies":"Donu and Deca","floor":50,"turns":5}],"seed_played":"3936434048947624648","potions_obtained":[{"floor":1.0,"key":"Strength Potion"},{"floor":10,"key":"PowerPotion"},{"floor":13,"key":"AttackPotion"},{"floor":16,"key":"PowerPotion"},{"floor":25,"key":"FocusPotion"},{"floor":41,"key":"GamblersBrew"}],"is_trial":false,"path_per_floor":["M","?","$","?","M","R","E","R","T","E","?","R","E","M","R","B",null,"M","?","M","$","M","E","R","E","T","M","E","?","?","M","R","B",null,"M","M","$","?","?","E","M","E","T","T","R","$","M","?","R","B",null],"character_chosen":"DEFECT","items_purchased":["Membership Card","Melter","Ball Lightning","Glacier","Happy Flower","Vajra","OrangePellets","Electrodynamics","DataDisk","DollysMirror","EssenceOfSteel","Skim"],"campfire_rested":2,"item_purchase_floors":[3,3,37,37,37,37,37,46,46,46,46,46],"current_hp_per_floor":[68,68,68,57,57,57,64,64,64,52,52,52,47,47,47,64,78,82,82,82,82,74,28,52,40,40,39,30,30,30,32,56,81,82,79,81,81,81,81,77,82,82,82,82,82,82,82,82,82,82],"gold":67,"neow_bonus":"THREE_ENEMY_KILL","is_prod":false,"is_daily":false,"chose_seed":false,"campfire_upgraded":6,"win_rate":0,"timestamp":1547685473,"path_taken":["M","?","$","?","?","R","E","R","T","E","?","R","E","M","R","BOSS","M","?","M","$","M","E","R","E","T","M","E","?","?","M","R","BOSS","M","M","$","?","?","E","M","E","T","?","R","$","M","?","R","BOSS"],"build_version":"2019-01-10","purchased_purges":4,"victory":true,"max_hp_per_floor":[75,75,75,75,75,75,75,75,75,82,82,82,82,82,82,82,82,82,82,82,82,82,82,82,82,82,82,82,82,82,82,82,82,82,82,82,82,82,82,82,82,82,82,82,82,82,82,82,82,82],"card_choices":[{"not_picked":["Steam Power","Stack"],"picked":"Hologram","floor":1.0},{"not_picked":["Chaos","Hello World"],"picked":"Self Repair","floor":5},{"not_picked":["Redo","Beam Cell"],"picked":"Cold Snap","floor":7},{"not_picked":["White Noise","Streamline"],"picked":"FTL","floor":10},{"not_picked":["Meteor Strike","Heatsinks"],"picked":"Sunder","floor":13},{"not_picked":["Recycle","Sunder","Barrage"],"picked":"SKIP","floor":14},{"not_picked":["Recycle","Sunder","Barrage"],"picked":"SKIP","floor":14},{"not_picked":["Rainbow","Thunder Strike"],"picked":"Buffer","floor":16},{"not_picked":["Turbo"],"picked":"SKIP","floor":18},{"not_picked":["Cold Snap"],"picked":"SKIP","floor":20},{"not_picked":["FTL"],"picked":"SKIP","floor":22},{"not_picked":[],"picked":"Leap","floor":23},{"not_picked":["Gash"],"picked":"SKIP","floor":25},{"not_picked":["Turbo"],"picked":"SKIP","floor":27},{"not_picked":["Turbo"],"picked":"SKIP","floor":27},{"not_picked":[],"picked":"Defragment+1","floor":28},{"not_picked":[],"picked":"Cold Snap","floor":31},{"not_picked":[],"picked":"Biased Cognition","floor":33},{"not_picked":["Hologram+1"],"picked":"SKIP","floor":35},{"not_picked":[],"picked":"Storm+1","floor":36},{"not_picked":[],"picked":"Deep Breath","floor":38},{"not_picked":["Go for the Eyes+1"],"picked":"SKIP","floor":40},{"not_picked":["Hologram+1"],"picked":"SKIP","floor":41},{"not_picked":["Redo+1"],"picked":"SKIP","floor":42},{"not_picked":[],"picked":"Coolheaded","floor":47}],"player_experience":176743,"relics_obtained":[{"floor":7,"key":"Pantograph"},{"floor":9,"key":"Juzu Bracelet"},{"floor":10,"key":"Strawberry"},{"floor":13,"key":"PreservedInsect"},{"floor":23,"key":"Bronze Scales"},{"floor":25,"key":"Whetstone"},{"floor":26,"key":"Blood Vial"},{"floor":28,"key":"Anchor"},{"floor":40,"key":"Regal Pillow"},{"floor":42,"key":"Pen Nib"},{"floor":43,"key":"War Paint"}],"event_choices":[{"damage_healed":0.0,"max_hp_gain":0.0,"max_hp_loss":0.0,"gold_gain":175.0,"event_name":"Liars Game","player_choice":"AGREE","floor":2.0,"gold_loss":0.0,"damage_taken":0.0,"cards_obtained":["Doubt"]},{"damage_healed":0,"gold_gain":75,"player_choice":"Gather Gold","damage_taken":11,"max_hp_gain":0,"max_hp_loss":0,"event_name":"World of Goop","floor":4,"gold_loss":0},{"damage_healed":0,"gold_gain":100,"player_choice":"Pray","damage_taken":0,"max_hp_gain":0,"max_hp_loss":0,"event_name":"Golden Shrine","floor":11,"gold_loss":0},{"damage_healed":0,"gold_gain":0,"cards_transformed":["Strike_B","Strike_B"],"player_choice":"Became Test Subject","damage_taken":0,"max_hp_gain":0,"max_hp_loss":0,"event_name":"Drug Dealer","floor":19,"gold_loss":0,"cards_obtained":["Static Discharge","Redo"]},{"damage_healed":0,"gold_gain":0,"player_choice":"Ignored","damage_taken":0,"max_hp_gain":0,"max_hp_loss":0,"event_name":"The Mausoleum","floor":29,"gold_loss":0},{"damage_healed":0,"gold_gain":0,"player_choice":"Copied","damage_taken":0,"max_hp_gain":0,"max_hp_loss":0,"event_name":"Duplicator","floor":30,"gold_loss":0,"cards_obtained":["Defragment"]},{"damage_healed":0,"gold_gain":0,"player_choice":"Memory 1","damage_taken":0,"max_hp_gain":0,"max_hp_loss":0,"event_name":"SensoryStone","floor":38,"gold_loss":0},{"damage_healed":0,"gold_gain":0,"player_choice":"Ignored","damage_taken":0,"max_hp_gain":0,"max_hp_loss":0,"event_name":"Tomb of Lord Red Mask","floor":39,"gold_loss":0},{"cards_removed":["Cold Snap"],"damage_healed":0,"gold_gain":0,"player_choice":"Removed Attack","damage_taken":0,"max_hp_gain":0,"max_hp_loss":0,"event_name":"Falling","floor":48,"gold_loss":0}],"is_beta":false,"boss_relics":[{"not_picked":["Nuclear Battery","Astrolabe"],"picked":"Busted Crown"},{"not_picked":["Calling Bell","Philosopher\u0027s Stone"],"picked":"Cursed Key"}],"items_purged_floors":[3,21,37,46],"is_endless":false,"potions_floor_spawned":[1,10,13,16,20,23,25,27,31,41],"ascension_level":8}