{"gold_per_floor":[109,120,9,26,26,26,36,70,70,87,103,103,123,123,123,218,218,202,221,221,48,48,48,79,94,117,117,127,142,61,74,74,74],"floor_reached":33,"playtime":3923,"items_purged":["Strike_G","Strike_G"],"score":285,"play_id":"33c53a6f-68dc-4eb5-822e-5ec0bbdeeef0","local_time":"20190207165556","is_ascension_mode":true,"campfire_choices":[{"floor":6,"key":"REST"},{"floor":12,"key":"RECALL"},{"floor":15,"key":"REST"},{"floor":23,"key":"REST"},{"floor":27,"key":"REST"},{"floor":32,"key":"REST"}],"neow_cost":"NONE","seed_source_timestamp":326593274905325,"circlet_count":0,"master_deck":["Defend_G","Defend_G","Defend_G","Defend_G","Defend_G","Strike_G","Strike_G+1","Strike_G+1","Survivor","Neutralize+1","Underhanded Strike","Cloak And Dagger","Noxious Fumes","Cloak And Dagger+1","Noxious Fumes","Bouncing Flask","Acrobatics","Bouncing Flask","Deadly Poison","Burst","Masterful Stab+1","Cloak And Dagger","Caltrops+1","A Thousand Cuts+1","Well Laid Plans+1","Bane","Caltrops+1","Deadly Poison+1"],"relics":["Ring of the Serpent","Whetstone","Lantern","Frozen Egg 2","Mummified Hand","Potion Belt","Pen Nib"],"potions_floor_usage":[8,16,16,16,22,28,33,33],"damage_taken":[{"damage":0,"enemies":"Jaw Worm","floor":1,"turns":3},{"damage":0,"enemies":"Small Slimes","floor":2,"turns":4},{"damage":0,"enemies":"Cultist","floor":4,"turns":4},{"damage":4,"enemies":"Exordium Wildlife","floor":7,"turns":4},{"damage":3,"enemies":"Lagavulin","floor":8,"turns":7},{"damage":1,"enemies":"2 Fungi Beasts","floor":10,"turns":3},{"damage":0,"enemies":"3 Louse","floor":11,"turns":3},{"damage":2,"enemies":"Looter","floor":13,"turns":3},{"damage":49,"enemies":"Slime Boss","floor":16,"turns":10},{"damage":7,"enemies":"2 Thieves","floor":18,"turns":4},{"damage":0,"enemies":"Chosen","floor":19,"turns":5},{"damage":6,"enemies":"Colosseum Slavers","floor":22,"turns":6},{"damage":18,"enemies":"Book of Stabbing","floor":24,"turns":5},{"damage":11,"enemies":"Centurion and Healer","floor":25,"turns":5},{"damage":11,"enemies":"Snecko","floor":28,"turns":4},{"damage":0,"enemies":"Sentry and Sphere","floor":29,"turns":3},{"damage":9,"enemies":"Centurion and Healer","floor":31,"turns":5},{"damage":74,"enemies":"Collector","floor":33,"turns":7}],"seed_played":"4408294157097196629","potions_obtained":[{"floor":4,"key":"SkillPotion"},{"floor":7,"key":"Poison Potion"},{"floor":8,"key":"Ancient Potion"},{"floor":13,"key":"LiquidBronze"},{"floor":19,"key":"Explosive Potion"},{"floor":25,"key":"Weak Potion"},{"floor":28,"key":"LiquidBronze"},{"floor":29,"key":"Explosive Potion"}],"is_trial":false,"path_per_floor":["M","M","$","M","?","R","M","E","T","M","M","R","M","?","R","B",null,"M","M","?","$","?","R","E","M","T","R","M","M","$","M","R","B"],"character_chosen":"THE_SILENT","items_purchased":["Noxious Fumes","Caltrops+1","Caltrops+1"],"campfire_rested":5,"item_purchase_floors":[3,21,30],"current_hp_per_floor":[70,70,70,70,56,70,66,63,63,62,62,62,60,53,70,21,70,63,63,63,63,57,70,52,41,41,62,51,51,51,42,63,0],"gold":74,"neow_bonus":"RANDOM_COMMON_RELIC","is_prod":false,"is_daily":false,"chose_seed":false,"campfire_upgraded":0,"win_rate":0,"timestamp":1549554956,"path_taken":["M","M","$","M","?","R","M","E","T","M","M","R","M","?","R","BOSS","M","M","?","$","?","R","E","M","T","R","M","M","?","M","R","BOSS"],"build_version":"2019-01-23","purchased_purges":2,"victory":false,"max_hp_per_floor":[70,70,70,70,70,70,70,70,70,70,70,70,70,70,70,70,70,70,70,70,70,70,70,70,70,70,70,70,70,70,70,70,70],"card_choices":[{"not_picked":["Dagger Spray","Poisoned Stab"],"picked":"Underhanded Strike","floor":1},{"not_picked":["Flechettes","Acrobatics"],"picked":"Cloak And Dagger","floor":2},{"not_picked":["Blade Dance","Sucker Punch"],"picked":"Cloak And Dagger","floor":4},{"not_picked":["Underhanded Strike","Night Terror"],"picked":"Noxious Fumes","floor":7},{"not_picked":["Flying Knee","Terror"],"picked":"Bouncing Flask","floor":8},{"not_picked":["Dodge and Roll","Reflex"],"picked":"Acrobatics","floor":10},{"not_picked":["Dagger Spray","Predator"],"picked":"Bouncing Flask","floor":11},{"not_picked":["Reflex","Acrobatics"],"picked":"Deadly Poison","floor":13},{"not_picked":["A Thousand Cuts+1","Tools of the Trade+1"],"picked":"Burst","floor":16},{"not_picked":["Concentrate","Blade Dance+1"],"picked":"Masterful Stab+1","floor":18},{"not_picked":["Concentrate","Quick Slash"],"picked":"Cloak And Dagger","floor":19},{"not_picked":["Flechettes+1","Burst"],"picked":"A Thousand Cuts+1","floor":24},{"not_picked":["Blade Dance","Heel Hook+1","Slice"],"picked":"SKIP","floor":25},{"not_picked":["Acrobatics+1","Heel Hook+1"],"picked":"Well Laid Plans+1","floor":28},{"not_picked":["Flechettes+1","Outmaneuver"],"picked":"Bane","floor":29},{"not_picked":["All Out Attack","Backstab+1"],"picked":"Deadly Poison+1","floor":31}],"player_experience":217880,"relics_obtained":[{"floor":8,"key":"Lantern"},{"floor":24,"key":"Potion Belt"},{"floor":26,"key":"Pen Nib"}],"event_choices":[{"damage_healed":0,"gold_gain":0,"player_choice":"Entered Light","damage_taken":14,"max_hp_gain":0,"max_hp_loss":0,"event_name":"Shining Light","floor":5,"gold_loss":0,"cards_upgraded":["Strike_G","Cloak And Dagger"]},{"damage_healed":0,"gold_gain":0,"player_choice":"Success","damage_taken":7,"relics_obtained":["Frozen Egg 2"],"max_hp_gain":0,"max_hp_loss":0,"event_name":"Scrap Ooze","floor":14,"gold_loss":0},{"damage_healed":0,"gold_gain":0,"player_choice":"Opened","damage_taken":0,"relics_obtained":["Mummified Hand"],"max_hp_gain":0,"max_hp_loss":0,"event_name":"The Mausoleum","floor":20,"gold_loss":0},{"damage_healed":0,"gold_gain":0,"player_choice":"Fight","damage_taken":0,"max_hp_gain":0,"max_hp_loss":0,"event_name":"Colosseum","floor":22,"gold_loss":0},{"damage_healed":0,"gold_gain":0,"player_choice":"Fled From Nobs","damage_taken":0,"max_hp_gain":0,"max_hp_loss":0,"event_name":"Colosseum","floor":22,"gold_loss":0}],"is_beta":false,"boss_relics":[{"not_picked":["Lizard Tail","Runic Pyramid"],"picked":"Ring of the Serpent"}],"items_purged_floors":[3,21],"is_endless":false,"potions_floor_spawned":[4,7,8,13,19,25,28,29],"killed_by":"Collector","ascension_level":1}