{"gold_per_floor":[110,110,123,140,150,150,180,180,230,230,230,305,337,353,353,450,450,466,466,17,34,309,309,319,319,342,376,376,65,75,174,174,275,275,291,308,326,29,48,48,48,78,78,93,93,13,13,28,28,28],"floor_reached":51,"playtime":2939,"items_purged":["Regret","Cloak And Dagger","Doubt"],"score":1041,"play_id":"5cad63ff-94d3-43c2-acac-840a0610ebdb","local_time":"20181213220746","is_ascension_mode":true,"campfire_choices":[{"data":"Malaise","floor":6,"key":"SMITH"},{"data":"Noxious Fumes","floor":8,"key":"SMITH"},{"floor":11,"key":"REST"},{"data":"Deadly Poison","floor":15,"key":"SMITH"},{"data":"Bullet Time","floor":23,"key":"SMITH"},{"floor":25,"key":"REST"},{"floor":32,"key":"REST"},{"floor":40,"key":"REST"},{"data":"Apotheosis","floor":47,"key":"SMITH"},{"data":"Well Laid Plans","floor":49,"key":"SMITH"}],"neow_cost":"NONE","seed_source_timestamp":12888889847587,"circlet_count":0,"master_deck":["Survivor","Neutralize","Noxious Fumes+1","Crippling Poison","PiercingWail","Backflip","Malaise+1","Deadly Poison+1","Footwork","Dodge and Roll","Leg Sweep","Footwork","Wraith Form v2","Bullet Time+1","Backstab","Endless Agony","Dodge and Roll","Footwork","Die Die Die","Storm of Steel","PiercingWail","Flechettes","Die Die Die","Outmaneuver","Noxious Fumes","Poisoned Stab","Expertise+1","Dodge and Roll","Backflip","Caltrops","Corpse Explosion","Die Die Die","Blur+1","Glass Knife","Malaise+1","Parasite","Well Laid Plans+1","Apotheosis+1","Backstab"],"relics":["Orrery","Pantograph","PreservedInsect","Boot","Strawberry","Pandora\u0027s Box","Membership Card","Snake Skull","Matryoshka","Ornamental Fan","Juzu Bracelet","Ninja Scroll","Nilry\u0027s Codex","ClockworkSouvenir","Busted Crown","The Specimen","DollysMirror","Shuriken","Dream Catcher","Darkstone Periapt"],"potions_floor_usage":[10,24,33,39,44,50,50],"damage_taken":[{"damage":2,"enemies":"Jaw Worm","floor":1,"turns":6},{"damage":1,"enemies":"Cultist","floor":3,"turns":7},{"damage":1,"enemies":"Small Slimes","floor":4,"turns":6},{"damage":0,"enemies":"Looter","floor":5,"turns":4},{"damage":18,"enemies":"3 Sentries","floor":7,"turns":8},{"damage":0,"enemies":"Gremlin Nob","floor":10,"turns":3},{"damage":5,"enemies":"Lagavulin","floor":13,"turns":7},{"damage":2,"enemies":"3 Louse","floor":14,"turns":5},{"damage":16,"enemies":"Slime Boss","floor":16,"turns":10},{"damage":10,"enemies":"Shell Parasite","floor":18,"turns":8},{"damage":19,"enemies":"2 Thieves","floor":21,"turns":4},{"damage":17,"enemies":"Shelled Parasite and Fungi","floor":24,"turns":5},{"damage":9,"enemies":"Slavers","floor":27,"turns":6},{"damage":17,"enemies":"Sentry and Sphere","floor":30,"turns":7},{"damage":23,"enemies":"Collector","floor":33,"turns":12},{"damage":4,"enemies":"Orb Walker","floor":35,"turns":2},{"damage":7,"enemies":"3 Shapes","floor":36,"turns":2},{"damage":2,"enemies":"Maw","floor":37,"turns":8},{"damage":16,"enemies":"Writhing Mass","floor":39,"turns":7},{"damage":18,"enemies":"Nemesis","floor":42,"turns":7},{"damage":16,"enemies":"Transient","floor":44,"turns":5},{"damage":12,"enemies":"Sphere and 2 Shapes","floor":48,"turns":4},{"damage":80,"enemies":"Donu and Deca","floor":50,"turns":12}],"seed_played":"-3939546102725944653","potions_obtained":[{"floor":5,"key":"SmokeBomb"},{"floor":13,"key":"SteroidPotion"},{"floor":16,"key":"Fire Potion"},{"floor":18,"key":"GhostInAJar"},{"floor":33,"key":"EssenceOfSteel"},{"floor":36,"key":"Ancient Potion"},{"floor":37,"key":"Dexterity Potion"},{"floor":48,"key":"Regen Potion"}],"is_trial":false,"path_per_floor":["M","?","M","M","M","R","E","R","T","E","R","?","E","M","R","B",null,"M","?","$","M","?","R","M","R","T","E","?","$","M","?","R","B",null,"M","M","M","$","M","R","?","E","T","M","?","$","R","M","R","B",null],"character_chosen":"THE_SILENT","items_purchased":["Membership Card","Snake Skull","Noxious Fumes","Matryoshka","Poisoned Stab","ClockworkSouvenir","Caltrops","Corpse Explosion","Die Die Die","The Specimen","DollysMirror","Backstab"],"campfire_rested":4,"item_purchase_floors":[20,20,20,20,20,29,29,29,29,38,38,46],"current_hp_per_floor":[61,61,60,59,59,59,41,41,41,41,62,51,53,51,51,60,73,63,63,63,44,44,44,27,50,50,41,25,25,8,8,31,33,66,62,55,53,53,37,60,50,32,32,16,83,83,83,71,71,18],"gold":28,"neow_bonus":"BOSS_RELIC","is_prod":false,"is_daily":false,"chose_seed":false,"campfire_upgraded":6,"win_rate":0,"timestamp":1544756866,"path_taken":["M","?","?","M","M","R","E","R","T","E","R","?","E","M","R","BOSS","M","?","$","M","?","R","?","R","T","E","?","$","M","?","R","BOSS","M","M","M","$","M","R","?","E","T","M","?","$","R","M","R","BOSS"],"build_version":"2018-12-13","purchased_purges":3,"victory":true,"max_hp_per_floor":[70,70,70,70,70,70,70,70,70,70,70,70,77,77,77,77,77,77,77,77,77,77,77,77,77,77,77,77,77,77,77,77,77,77,77,77,77,77,77,77,77,77,77,77,83,83,83,83,83,83],"card_choices":[{"not_picked":["Eviscerate","Dagger Spray"],"picked":"Noxious Fumes","floor":0},{"not_picked":["Backflip","Concentrate"],"picked":"Crippling Poison","floor":0},{"not_picked":["Endless Agony","Dagger Spray"],"picked":"PiercingWail","floor":0},{"not_picked":["PiercingWail","Escape Plan"],"picked":"Cloak And Dagger","floor":0},{"not_picked":["Dagger Spray","Sucker Punch"],"picked":"Backflip","floor":0},{"not_picked":["Deflect","Poisoned Stab"],"picked":"Malaise","floor":1},{"not_picked":["Caltrops","Bane"],"picked":"Deadly Poison","floor":3},{"not_picked":["Bane","Dash"],"picked":"Footwork","floor":4},{"not_picked":["Cloak And Dagger","Backflip"],"picked":"Dodge and Roll","floor":5},{"not_picked":["Predator","Dodge and Roll"],"picked":"Leg Sweep","floor":7},{"not_picked":["Wraith Form v2","Underhanded Strike"],"picked":"Slice","floor":13},{"not_picked":["Prepared","Dodge and Roll"],"picked":"Footwork","floor":14},{"not_picked":["Unload","Bullet Time"],"picked":"Wraith Form v2","floor":16},{"not_picked":["Dagger Spray","Sucker Punch"],"picked":"Outmaneuver","floor":18},{"not_picked":["Bane+1","PiercingWail"],"picked":"Expertise+1","floor":21},{"not_picked":["Tactician","Flying Knee"],"picked":"Dodge and Roll","floor":24},{"not_picked":["PiercingWail+1","Quick Slash"],"picked":"Backflip","floor":27},{"not_picked":["Caltrops","Deadly Poison+1"],"picked":"Blur+1","floor":30},{"not_picked":["Tools of the Trade","Venomology"],"picked":"Glass Knife","floor":33},{"not_picked":["Calculated Gamble"],"picked":"SKIP","floor":35},{"not_picked":["Accuracy"],"picked":"SKIP","floor":36},{"not_picked":["Sucker Punch"],"picked":"SKIP","floor":37},{"not_picked":[],"picked":"Well Laid Plans","floor":39},{"not_picked":[],"picked":"Apotheosis","floor":41},{"not_picked":["Dagger Throw"],"picked":"SKIP","floor":42},{"not_picked":["Skewer"],"picked":"SKIP","floor":44},{"not_picked":["Poisoned Stab"],"picked":"SKIP","floor":48}],"player_experience":386310,"relics_obtained":[{"floor":2,"key":"Pantograph"},{"floor":7,"key":"PreservedInsect"},{"floor":9,"key":"Boot"},{"floor":13,"key":"Strawberry"},{"floor":26,"key":"Ornamental Fan"},{"floor":26,"key":"Juzu Bracelet"},{"floor":27,"key":"Ninja Scroll"},{"floor":28,"key":"Nilry\u0027s Codex"},{"floor":42,"key":"Shuriken"},{"floor":43,"key":"Dream Catcher"},{"floor":43,"key":"Darkstone Periapt"}],"event_choices":[{"damage_healed":0,"gold_gain":0,"player_choice":"Relic","damage_taken":0,"max_hp_gain":0,"max_hp_loss":0,"event_name":"Wheel of Change","floor":2,"gold_loss":0},{"damage_healed":0,"gold_gain":75,"player_choice":"Gather Gold","damage_taken":11,"max_hp_gain":0,"max_hp_loss":0,"event_name":"World of Goop","floor":12,"gold_loss":0},{"cards_removed":["Slice"],"damage_healed":0,"gold_gain":0,"player_choice":"Elegance","damage_taken":0,"max_hp_gain":0,"max_hp_loss":0,"event_name":"Back to Basics","floor":19,"gold_loss":0},{"damage_healed":0,"gold_gain":275,"player_choice":"Desecrate","damage_taken":0,"max_hp_gain":0,"max_hp_loss":0,"event_name":"Golden Shrine","floor":22,"gold_loss":0,"cards_obtained":["Regret"]},{"damage_healed":0,"gold_gain":0,"player_choice":"Obtained Book","damage_taken":16,"max_hp_gain":0,"max_hp_loss":0,"event_name":"Cursed Tome","floor":28,"gold_loss":0},{"damage_healed":0,"gold_gain":99,"player_choice":"Stole From Cult","damage_taken":0,"max_hp_gain":0,"max_hp_loss":0,"event_name":"Nest","floor":31,"gold_loss":0},{"damage_healed":0,"gold_gain":0,"player_choice":"Memory 3","damage_taken":10,"max_hp_gain":0,"max_hp_loss":0,"event_name":"SensoryStone","floor":41,"gold_loss":0},{"damage_healed":61,"gold_gain":0,"player_choice":"Heal","damage_taken":0,"max_hp_gain":0,"max_hp_loss":0,"event_name":"MindBloom","floor":45,"gold_loss":0,"cards_obtained":["Doubt"]}],"is_beta":false,"boss_relics":[{"not_picked":["Calling Bell","White Beast Statue"],"picked":"Pandora\u0027s Box"},{"not_picked":["Cursed Key","Fusion Hammer"],"picked":"Busted Crown"}],"items_purged_floors":[29,38,46],"is_endless":false,"potions_floor_spawned":[5,10,13,16,18,33,36,37,48],"ascension_level":8}