{"gold_per_floor":[117,133,57,70,70,70,85,85,108,141,206,226,5,80,80,175,175,192,203,217,316,316,316,329,359,405,405,419,439,470,484,484,582,582,602,261,261,279,294,294,304,304,328,117,130,141,141,141,141,141],"floor_reached":50,"playtime":2361,"items_purged":["Strike_B","Regret","Decay"],"score":715,"play_id":"9d9603ed-1a66-438c-b698-0c471f83b824","local_time":"20190108195040","is_ascension_mode":true,"campfire_choices":[{"data":"Zap","floor":6.0,"key":"SMITH"},{"data":"Dualcast","floor":8.0,"key":"SMITH"},{"data":"Go for the Eyes","floor":15.0,"key":"SMITH"},{"data":"Go for the Eyes","floor":23,"key":"SMITH"},{"data":"Coolheaded","floor":27,"key":"SMITH"},{"data":"Sunder","floor":32,"key":"SMITH"},{"data":"Hologram","floor":40,"key":"SMITH"},{"data":"Madness","floor":47,"key":"SMITH"},{"data":"Madness","floor":49,"key":"SMITH"}],"neow_cost":"NONE","seed_source_timestamp":245413660230816,"circlet_count":0,"master_deck":["Strike_B+1","Defend_B","Defend_B","Defend_B","Defend_B","Zap+1","Dualcast+1","All For One","Self Repair","Sunder+1","Cold Snap","Coolheaded+1","Go for the Eyes+1","Go for the Eyes+1","Buffer+1","Conserve Battery+1","Melter","Gash+1","Auto Shields+1","Ball Lightning+1","FTL","All For One","Clumsy","Gash","Chill+1","Hologram+1","Madness+1","Madness+1","Deep Breath","Gash+1"],"special_seed":0,"relics":["Cracked Core","Bag of Marbles","Centennial Puzzle","Ancient Tea Set","Lantern","Coffee Dripper","Whetstone","Bag of Preparation","Blue Candle","Calling Bell","Potion Belt","Shuriken","Bird Faced Urn","Gremlin Horn","Dream Catcher"],"potions_floor_usage":[33],"damage_taken":[{"damage":0.0,"enemies":"Cultist","floor":1.0,"turns":4.0},{"damage":3.0,"enemies":"2 Louse","floor":2.0,"turns":2.0},{"damage":12.0,"enemies":"Jaw Worm","floor":4.0,"turns":2.0},{"damage":5.0,"enemies":"Large Slime","floor":7.0,"turns":4.0},{"damage":16.0,"enemies":"Gremlin Nob","floor":10.0,"turns":4.0},{"damage":18.0,"enemies":"Lagavulin Event","floor":11.0,"turns":3.0},{"damage":1.0,"enemies":"Blue Slaver","floor":12.0,"turns":2.0},{"damage":21.0,"enemies":"The Guardian","floor":16.0,"turns":10.0},{"damage":1.0,"enemies":"3 Byrds","floor":18.0,"turns":5.0},{"damage":0.0,"enemies":"Chosen","floor":19.0,"turns":5.0},{"damage":14.0,"enemies":"Snake Plant","floor":20.0,"turns":4.0},{"damage":0,"enemies":"Sentry and Sphere","floor":24,"turns":3},{"damage":0,"enemies":"Gremlin Leader","floor":25,"turns":10},{"damage":0,"enemies":"Cultist and Chosen","floor":28,"turns":4},{"damage":0,"enemies":"Centurion and Healer","floor":29,"turns":3},{"damage":6,"enemies":"Book of Stabbing","floor":30,"turns":5},{"damage":0,"enemies":"Snecko","floor":31,"turns":3},{"damage":44,"enemies":"Collector","floor":33,"turns":8},{"damage":1,"enemies":"3 Darklings","floor":35,"turns":1},{"damage":0,"enemies":"Orb Walker","floor":38,"turns":1},{"damage":13,"enemies":"Transient","floor":39,"turns":5},{"damage":36,"enemies":"Maw","floor":41,"turns":6},{"damage":1,"enemies":"3 Darklings","floor":45,"turns":4},{"damage":0,"enemies":"Sphere and 2 Shapes","floor":46,"turns":2},{"damage":40,"enemies":"Time Eater","floor":50,"turns":2}],"seed_played":"-8474303457594948730","potions_obtained":[{"floor":2.0,"key":"FearPotion"},{"floor":4.0,"key":"AttackPotion"},{"floor":11.0,"key":"Explosive Potion"},{"floor":16.0,"key":"EssenceOfSteel"},{"floor":18.0,"key":"PowerPotion"},{"floor":29,"key":"Weak Potion"},{"floor":39,"key":"Explosive Potion"},{"floor":41,"key":"SteroidPotion"},{"floor":45,"key":"Explosive Potion"},{"floor":46,"key":"EssenceOfSteel"}],"is_trial":false,"path_per_floor":["M","M","$","M","?","R","M","R","T","E","?","M","$","?","R","B",null,"M","M","M","?","?","R","M","E","T","R","M","M","E","M","R","B",null,"M","$","?","M","M","R","M","?","T","$","M","M","R","?","R","B"],"character_chosen":"DEFECT","items_purchased":["FTL","Lantern","Gremlin Horn","Deep Breath"],"campfire_rested":0,"item_purchase_floors":[3,13,36,44],"current_hp_per_floor":[68,65,65,60,53,53,55,55,55,46,35,41,41,30,30,9,59,65,72,65,65,65,65,72,75,75,75,75,75,75,75,75,38,66,65,65,65,65,54,54,29,20,20,20,30,30,30,30,30,0],"gold":141,"neow_bonus":"TRANSFORM_CARD","is_prod":false,"is_daily":false,"chose_seed":false,"campfire_upgraded":9,"win_rate":0,"timestamp":1546998640,"path_taken":["M","M","$","M","?","R","M","R","T","E","?","M","?","?","R","BOSS","M","M","M","?","?","R","?","E","T","R","M","M","E","M","R","BOSS","M","$","?","M","M","R","M","?","T","$","M","M","R","?","R","BOSS"],"build_version":"2019-01-03v4","purchased_purges":3,"victory":false,"max_hp_per_floor":[75,75,75,75,75,75,75,75,75,75,75,75,75,75,75,75,75,75,75,75,75,75,75,75,75,75,75,75,75,75,75,75,75,75,75,75,75,75,75,75,75,75,75,75,75,75,75,75,75,75],"card_choices":[{"not_picked":["Rebound","Turbo"],"picked":"Self Repair","floor":1.0},{"not_picked":["Sweeping Beam","Chaos"],"picked":"Sunder","floor":2.0},{"not_picked":["Aggregate","Thunder Strike"],"picked":"Cold Snap","floor":4.0},{"not_picked":["Streamline","Conserve Battery"],"picked":"Coolheaded","floor":7.0},{"not_picked":["Loop","Streamline"],"picked":"Go for the Eyes","floor":10.0},{"not_picked":["Genetic Algorithm","Cold Snap"],"picked":"Go for the Eyes","floor":12.0},{"not_picked":["Machine Learning","Hyperbeam"],"picked":"Buffer","floor":16.0},{"not_picked":["Lockon+1","Redo"],"picked":"Conserve Battery+1","floor":18.0},{"not_picked":["Sweeping Beam","Capacitor+1"],"picked":"Melter","floor":19.0},{"not_picked":["Loop+1","Barrage","Reinforced Body"],"picked":"SKIP","floor":20.0},{"not_picked":["Glacier","Sunder","Barrage"],"picked":"SKIP","floor":24},{"not_picked":["Barrage","Coolheaded"],"picked":"Gash+1","floor":25},{"not_picked":["Hello World","Chaos"],"picked":"Auto Shields+1","floor":28},{"not_picked":["Consume+1","Storm+1"],"picked":"Ball Lightning+1","floor":29},{"not_picked":["Fusion","Amplify"],"picked":"FTL","floor":30},{"not_picked":["Turbo","Conserve Battery","Compile Driver+1"],"picked":"SKIP","floor":31},{"not_picked":["Biased Cognition","Core Surge"],"picked":"All For One","floor":33},{"not_picked":["Redo+1","Hologram"],"picked":"Gash","floor":35},{"not_picked":["Turbo","Hyperbeam"],"picked":"Chill+1","floor":38},{"not_picked":["Barrage+1","Storm"],"picked":"Hologram","floor":39},{"not_picked":["Coolheaded","Streamline+1","Rebound+1"],"picked":"SKIP","floor":41},{"not_picked":["Aggregate","Compile Driver+1"],"picked":"Gash+1","floor":45},{"not_picked":["Auto Shields+1","Recycle+1","Multi-Cast"],"picked":"SKIP","floor":46}],"player_experience":129545,"relics_obtained":[{"floor":9.0,"key":"Bag of Marbles"},{"floor":10.0,"key":"Centennial Puzzle"},{"floor":11.0,"key":"Ancient Tea Set"},{"floor":25,"key":"Whetstone"},{"floor":26,"key":"Bag of Preparation"},{"floor":30,"key":"Blue Candle"},{"floor":34,"key":"Potion Belt"},{"floor":34,"key":"Shuriken"},{"floor":34,"key":"Bird Faced Urn"},{"floor":43,"key":"Dream Catcher"}],"event_choices":[{"cards_removed":["Strike_B"],"damage_healed":0.0,"max_hp_gain":0.0,"max_hp_loss":0.0,"gold_gain":0.0,"event_name":"Golden Wing","player_choice":"Card Removal","floor":5.0,"gold_loss":0.0,"damage_taken":7.0},{"damage_healed":0.0,"max_hp_gain":0.0,"max_hp_loss":0.0,"gold_gain":0.0,"event_name":"Dead Adventurer","player_choice":"Searched \u00271\u0027 times","floor":11.0,"gold_loss":0.0,"damage_taken":0.0},{"damage_healed":0.0,"max_hp_gain":0.0,"max_hp_loss":0.0,"gold_gain":75.0,"event_name":"World of Goop","player_choice":"Gather Gold","floor":14.0,"gold_loss":0.0,"damage_taken":11.0},{"damage_healed":0.0,"max_hp_gain":0.0,"max_hp_loss":0.0,"gold_gain":99.0,"event_name":"Nest","player_choice":"Stole From Cult","floor":21.0,"gold_loss":0.0,"damage_taken":0.0},{"damage_healed":0.0,"max_hp_gain":0.0,"max_hp_loss":0.0,"gold_gain":0.0,"event_name":"Accursed Blacksmith","player_choice":"Forge","floor":22.0,"gold_loss":0.0,"damage_taken":0.0,"cards_upgraded":["Buffer"]},{"damage_healed":0,"gold_gain":0,"player_choice":"Ignored","damage_taken":0,"max_hp_gain":0,"max_hp_loss":0,"event_name":"Tomb of Lord Red Mask","floor":37,"gold_loss":0},{"damage_healed":0,"gold_gain":0,"player_choice":"Embrace Madness","damage_taken":9,"max_hp_gain":0,"max_hp_loss":0,"event_name":"Winding Halls","floor":42,"gold_loss":0,"cards_obtained":["Madness","Madness"]},{"cards_removed":["FTL"],"damage_healed":0,"gold_gain":0,"player_choice":"Removed Attack","damage_taken":0,"max_hp_gain":0,"max_hp_loss":0,"event_name":"Falling","floor":48,"gold_loss":0}],"is_beta":false,"boss_relics":[{"not_picked":["Eternal Feather","Nuclear Battery"],"picked":"Coffee Dripper"},{"not_picked":["Black Star","Velvet Choker"],"picked":"Calling Bell"}],"items_purged_floors":[13,36,44],"is_endless":false,"potions_floor_spawned":[2,4,11,16,18,20,29,30,39,41,45,46],"killed_by":"Time Eater","ascension_level":8}