{"gold_per_floor":[113,113,125,18,18,18,45,45,71,71,96,20,20,37,37,139,189,205,205,273,287,337,337,41,41,122,16,16,43,43,56,56,155,155,169,319,330,450,11,37,37,63,87,18,33,0,50,100,100,100,100,100,22,48,48],"floor_reached":55,"playtime":2092,"items_purged":["Strike_G+1"],"score":950,"play_id":"1c87315f-8836-4f16-a797-b68be0f8a962","local_time":"20181231215716","is_ascension_mode":true,"campfire_choices":[{"data":"Blade Dance","floor":6,"key":"SMITH"},{"floor":8,"key":"REST"},{"floor":13,"key":"REST"},{"data":"Finisher","floor":15,"key":"SMITH"},{"data":"Blade Dance","floor":23,"key":"SMITH"},{"data":"After Image","floor":25,"key":"SMITH"},{"data":"Infinite Blades","floor":28,"key":"SMITH"},{"floor":30,"key":"REST"},{"floor":32,"key":"RECALL"},{"floor":41,"key":"REST"},{"floor":49,"key":"REST"},{"floor":52,"key":"REST"}],"neow_cost":"NONE","seed_source_timestamp":354310348083300,"circlet_count":0,"master_deck":["Defend_G+1","Defend_G+1","Defend_G+1","Defend_G+1","Defend_G+1","Strike_G+1","Strike_G+1","Strike_G+1","Survivor","Neutralize","Footwork+1","Blade Dance+1","Infinite Blades+1","Heel Hook","Backstab","Finisher+1","Footwork","A Thousand Cuts+1","Backstab","Blade Dance+1","After Image+1","Terror","Accuracy+1","Endless Agony+1","After Image+1","Blade Dance","Footwork+1","Accuracy+1","Footwork+1","Calculated Gamble"],"relics":["Ring of the Snake","Pen Nib","Oddly Smooth Stone","Shuriken","Potion Belt","Tiny House","SsserpentHead","PreservedInsect","Frozen Egg 2","Juzu Bracelet","Fusion Hammer","Torii","Bottled Lightning","Anchor","Unceasing Top","Pantograph","Gremlin Horn","Happy Flower","Red Mask","StoneCalendar","Bronze Scales"],"potions_floor_usage":[11,18,20,21,31,33,35,37,45,50,55],"damage_taken":[{"damage":0,"enemies":"2 Louse","floor":1,"turns":4},{"damage":0,"enemies":"Small Slimes","floor":3,"turns":5},{"damage":36,"enemies":"Gremlin Nob","floor":7,"turns":5},{"damage":11,"enemies":"Lagavulin","floor":11,"turns":6},{"damage":1,"enemies":"Jaw Worm","floor":14,"turns":2},{"damage":16,"enemies":"The Guardian","floor":16,"turns":11},{"damage":0,"enemies":"3 Byrds","floor":18,"turns":2},{"damage":21,"enemies":"2 Thieves","floor":20,"turns":4},{"damage":1,"enemies":"3 Cultists","floor":21,"turns":4},{"damage":37,"enemies":"Book of Stabbing","floor":29,"turns":5},{"damage":0,"enemies":"Cultist and Chosen","floor":31,"turns":4},{"damage":13,"enemies":"Champ","floor":33,"turns":7},{"damage":23,"enemies":"3 Darklings","floor":35,"turns":4},{"damage":0,"enemies":"Mind Bloom Boss Battle","floor":36,"turns":6},{"damage":1,"enemies":"Orb Walker","floor":37,"turns":3},{"damage":0,"enemies":"Nemesis","floor":40,"turns":3},{"damage":8,"enemies":"Giant Head","floor":42,"turns":6},{"damage":0,"enemies":"Maw","floor":45,"turns":5},{"damage":36,"enemies":"Time Eater","floor":50,"turns":8},{"damage":59,"enemies":"Shield and Spear","floor":54,"turns":6},{"damage":53,"enemies":"The Heart","floor":55,"turns":3}],"seed_played":"-8302081554108923078","potions_obtained":[{"floor":3,"key":"Energy Potion"},{"floor":7,"key":"Strength Potion"},{"floor":16,"key":"SpeedPotion"},{"floor":17,"key":"Energy Potion"},{"floor":20,"key":"Regen Potion"},{"floor":21,"key":"Dexterity Potion"},{"floor":31,"key":"PowerPotion"},{"floor":33,"key":"Dexterity Potion"},{"floor":36,"key":"SkillPotion"},{"floor":42,"key":"PowerPotion"},{"floor":54,"key":"EssenceOfSteel"}],"is_trial":false,"path_per_floor":["M","?","M","$","?","R","E","R","T","?","E","$","R","M","R","B",null,"M","?","M","M","?","R","$","R","T","$","R","E","R","M","R","B",null,"M","?","M","T","$","E","R","E","T","$","M","?","?","?","R","B",null,"R","$","E","B"],"character_chosen":"THE_SILENT","items_purchased":["Infinite Blades","Heel Hook","Footwork","After Image","PreservedInsect","Terror","Accuracy+1","Anchor","Unceasing Top","Accuracy+1","Footwork+1"],"campfire_rested":6,"item_purchase_floors":[4,4,12,24,24,24,27,39,39,44,53],"current_hp_per_floor":[70,70,70,70,58,58,22,43,43,36,25,25,46,45,45,29,75,75,75,54,65,65,65,65,65,65,65,65,28,50,50,50,37,75,52,52,51,51,51,51,73,65,65,65,65,65,65,65,75,39,75,75,75,16,0],"gold":48,"neow_bonus":"RANDOM_COMMON_RELIC","is_prod":false,"is_daily":false,"chose_seed":false,"campfire_upgraded":5,"win_rate":0,"timestamp":1546289836,"path_taken":["M","?","M","$","?","R","E","R","T","?","E","$","R","M","R","BOSS","M","?","?","M","?","R","$","R","T","?","R","E","R","M","R","BOSS","M","?","M","?","$","E","R","E","T","$","M","?","?","?","R","BOSS","R","$","E","BOSS"],"build_version":"2018-12-20","purchased_purges":1,"victory":false,"max_hp_per_floor":[70,70,70,70,70,70,70,70,70,70,70,70,70,70,70,70,75,75,75,75,75,75,75,75,75,75,75,75,75,75,75,75,75,75,75,75,75,75,75,75,75,75,75,75,75,75,75,75,75,75,75,75,75,75,75],"card_choices":[{"not_picked":["Cloak And Dagger","All Out Attack"],"picked":"Footwork","floor":1},{"not_picked":["Quick Slash","Escape Plan"],"picked":"Blade Dance","floor":3},{"not_picked":["Bane","Poisoned Stab"],"picked":"Backstab","floor":7},{"not_picked":["Outmaneuver","Deflect"],"picked":"Finisher","floor":11},{"not_picked":["Bouncing Flask","Skewer","Reflex"],"picked":"SKIP","floor":14},{"not_picked":["Night Terror","Doppelganger"],"picked":"A Thousand Cuts","floor":16},{"not_picked":["All Out Attack","Backflip+1"],"picked":"Backstab","floor":18},{"not_picked":["Quick Slash","Heel Hook"],"picked":"Blade Dance","floor":20},{"not_picked":["Flechettes","Masterful Stab","Expertise"],"picked":"SKIP","floor":21},{"not_picked":["Leg Sweep","Expertise"],"picked":"Endless Agony+1","floor":29},{"not_picked":["Skewer","Flechettes","Dodge and Roll"],"picked":"SKIP","floor":31},{"not_picked":["Venomology","Grand Finale"],"picked":"After Image+1","floor":33},{"not_picked":["Flying Knee","Tactician+1","Finisher+1"],"picked":"SKIP","floor":35},{"not_picked":["Poisoned Stab+1","Choke"],"picked":"Blade Dance","floor":37},{"not_picked":["Grand Finale","Setup+1"],"picked":"Footwork+1","floor":40},{"not_picked":["Catalyst+1","Acrobatics+1"],"picked":"Prepared","floor":42},{"not_picked":["Bane","Prepared+1","Underhanded Strike"],"picked":"SKIP","floor":45},{"not_picked":["Outmaneuver","Distraction"],"picked":"Calculated Gamble","floor":54}],"player_experience":830047,"relics_obtained":[{"floor":7,"key":"Shuriken"},{"floor":11,"key":"Potion Belt"},{"floor":26,"key":"Frozen Egg 2"},{"floor":29,"key":"Juzu Bracelet"},{"floor":36,"key":"Torii"},{"floor":38,"key":"Bottled Lightning"},{"floor":40,"key":"Pantograph"},{"floor":42,"key":"Gremlin Horn"},{"floor":43,"key":"Happy Flower"},{"floor":54,"key":"Bronze Scales"}],"event_choices":[{"damage_healed":0,"gold_gain":0,"player_choice":"Grow","damage_taken":0,"max_hp_gain":0,"max_hp_loss":0,"event_name":"Living Wall","floor":2,"gold_loss":0,"cards_upgraded":["Footwork"]},{"damage_healed":0,"gold_gain":0,"player_choice":"Success","damage_taken":12,"relics_obtained":["Oddly Smooth Stone"],"max_hp_gain":0,"max_hp_loss":0,"event_name":"Scrap Ooze","floor":5,"gold_loss":0},{"cards_removed":["Strike_G"],"damage_healed":0,"gold_gain":0,"player_choice":"Card Removal","damage_taken":7,"max_hp_gain":0,"max_hp_loss":0,"event_name":"Golden Wing","floor":10,"gold_loss":0},{"damage_healed":0,"gold_gain":0,"player_choice":"Trade","damage_taken":0,"relics_obtained":["SsserpentHead"],"max_hp_gain":0,"max_hp_loss":0,"event_name":"FaceTrader","floor":19,"gold_loss":0},{"damage_healed":0,"gold_gain":0,"player_choice":"Simplicity","damage_taken":0,"max_hp_gain":0,"max_hp_loss":0,"event_name":"Back to Basics","floor":22,"gold_loss":0,"cards_upgraded":["Defend_G","Defend_G","Defend_G","Defend_G","Defend_G","Strike_G","Strike_G","Strike_G","Strike_G"]},{"damage_healed":0,"gold_gain":0,"player_choice":"Fight","damage_taken":0,"max_hp_gain":0,"max_hp_loss":0,"event_name":"MindBloom","floor":36,"gold_loss":0},{"damage_healed":0,"gold_gain":0,"player_choice":"Paid","damage_taken":0,"relics_obtained":["Red Mask"],"max_hp_gain":0,"max_hp_loss":0,"event_name":"Tomb of Lord Red Mask","floor":46,"gold_loss":83},{"damage_healed":0,"gold_gain":0,"player_choice":"Ignored","damage_taken":0,"max_hp_gain":0,"max_hp_loss":0,"event_name":"Mysterious Sphere","floor":47,"gold_loss":0},{"cards_removed":["Prepared"],"damage_healed":0,"gold_gain":0,"player_choice":"Gave Card","damage_taken":0,"relics_obtained":["StoneCalendar"],"max_hp_gain":0,"max_hp_loss":0,"event_name":"WeMeetAgain","floor":48,"gold_loss":0}],"is_beta":false,"boss_relics":[{"not_picked":["Runic Dome","Pandora\u0027s Box"],"picked":"Tiny House"},{"not_picked":["Astrolabe","Velvet Choker"],"picked":"Fusion Hammer"}],"items_purged_floors":[27],"is_endless":false,"potions_floor_spawned":[3,7,16,20,21,31,33,36,42,54],"killed_by":"The Heart","ascension_level":4}