{"gold_per_floor":[110,110,127,3,15,15,15,25,70,85,85,85,100,100,100,100],"floor_reached":16,"playtime":3606,"items_purged":["Defend_R"],"score":92,"play_id":"6233c86e-1b9c-4434-9d65-d09552863198","local_time":"20190203162439","is_ascension_mode":false,"campfire_choices":[{"data":"Shrug It Off","floor":6.0,"key":"SMITH"},{"data":"True Grit","floor":15,"key":"SMITH"}],"neow_cost":"NONE","seed_source_timestamp":0,"circlet_count":0,"master_deck":["Strike_R","Strike_R","Strike_R","Strike_R","Strike_R","Defend_R","Defend_R","Defend_R","Bash","Shrug It Off+1","True Grit+1","Shrug It Off","Warcry"],"special_seed":0,"relics":["Burning Blood","Anchor"],"potions_floor_usage":[16],"damage_taken":[{"damage":3.0,"enemies":"2 Louse","floor":1.0,"turns":3.0},{"damage":0.0,"enemies":"Cultist","floor":3.0,"turns":3.0},{"damage":4.0,"enemies":"Jaw Worm","floor":5.0,"turns":3.0},{"damage":16.0,"enemies":"Large Slime","floor":8.0,"turns":11.0},{"damage":2.0,"enemies":"2 Fungi Beasts","floor":10.0,"turns":5.0},{"damage":19.0,"enemies":"Gremlin Gang","floor":13.0,"turns":8.0},{"damage":75,"enemies":"Slime Boss","floor":16,"turns":15}],"seed_played":"-2879319620221598985","potions_obtained":[{"floor":1.0,"key":"Strength Potion"},{"floor":10.0,"key":"Regen Potion"}],"is_trial":false,"path_per_floor":["M","?","M","$","M","R","$","M","T","M","?","?","M","?","R","B"],"character_chosen":"IRONCLAD","items_purchased":["True Grit"],"campfire_rested":0,"item_purchase_floors":[4],"current_hp_per_floor":[80,80,80,80,80,80,80,70,70,74,74,74,75,75,75,0],"gold":100,"neow_bonus":"THREE_CARDS","is_prod":false,"is_daily":false,"chose_seed":false,"campfire_upgraded":2,"win_rate":0.0,"timestamp":1549229079,"path_taken":["M","?","M","?","M","R","$","M","T","M","?","?","M","?","R","BOSS"],"build_version":"2019-01-23","purchased_purges":1,"victory":false,"max_hp_per_floor":[80,80,80,80,80,80,80,80,80,80,80,80,80,80,80,80],"card_choices":[{"not_picked":["Carnage","Pommel Strike"],"picked":"Shrug It Off","floor":1.0},{"not_picked":["Anger","Pommel Strike","Thunderclap"],"picked":"SKIP","floor":3.0},{"not_picked":["Clothesline","Evolve"],"picked":"Shrug It Off","floor":5.0},{"not_picked":["Clothesline","Disarm","Wild Strike"],"picked":"SKIP","floor":8.0},{"not_picked":["Thunderclap","Searing Blow"],"picked":"Warcry","floor":10.0},{"not_picked":["Shrug It Off","Warcry","Rage"],"picked":"SKIP","floor":13.0}],"player_experience":51717,"relics_obtained":[{"floor":9.0,"key":"Anchor"}],"event_choices":[{"damage_healed":0.0,"max_hp_gain":0.0,"max_hp_loss":0.0,"gold_gain":0.0,"event_name":"Wheel of Change","player_choice":"Cursed","floor":2.0,"gold_loss":0.0,"damage_taken":0.0,"cards_obtained":["Decay"]},{"damage_healed":0.0,"max_hp_gain":0.0,"max_hp_loss":0.0,"gold_gain":0.0,"event_name":"Shining Light","player_choice":"Ignored","floor":11.0,"gold_loss":0.0,"damage_taken":0.0},{"damage_healed":0.0,"max_hp_gain":0.0,"max_hp_loss":0.0,"gold_gain":0.0,"event_name":"Liars Game","player_choice":"Ignored","floor":12.0,"gold_loss":0.0,"damage_taken":0.0},{"cards_removed":["Decay"],"damage_healed":0.0,"max_hp_gain":0.0,"max_hp_loss":0.0,"gold_gain":0.0,"event_name":"Purifier","player_choice":"Purged","floor":14.0,"gold_loss":0.0,"damage_taken":0.0}],"is_beta":false,"boss_relics":[],"items_purged_floors":[4],"is_endless":false,"potions_floor_spawned":[1,10],"killed_by":"Slime Boss","ascension_level":0}