{"gold_per_floor":[114,127,138,151,163,163,178,0,0,0,0,0,51,51,51,176,176,195,233,233,258,281,281,281],"floor_reached":24,"playtime":1502,"items_purged":[],"score":222,"play_id":"8559a0d7-1378-4623-83cd-ca3d8fb8cfef","local_time":"20181026003123","is_ascension_mode":true,"campfire_choices":[{"data":"Rupture","floor":6,"key":"SMITH"},{"data":"Magnetism","floor":10,"key":"SMITH"},{"floor":12,"key":"REST"},{"data":"Bash","floor":15,"key":"SMITH"},{"data":"Limit Break","floor":23,"key":"SMITH"}],"neow_cost":"NONE","seed_source_timestamp":541140955802501,"circlet_count":0,"master_deck":["Defend_R","Defend_R","Defend_R","Defend_R","Bash+1","Rupture+1","Sword Boomerang","Dual Wield","Metallicize","Seeing Red","Cleave","Magnetism+1","Limit Break+1","Seeing Red+1","Thunderclap+1","Sever Soul+1","Shockwave","Hemokinesis","Bite","Bite","Bite","Bite","Bite","Armaments+1","Flex+1"],"relics":["Burning Blood","Bronze Scales","Self Forming Clay","Golden Idol","Pen Nib","Astrolabe","Red Mask"],"potions_floor_usage":[7,16,19,22],"damage_taken":[{"damage":5,"enemies":"Cultist","floor":1,"turns":4},{"damage":9,"enemies":"Jaw Worm","floor":2,"turns":4},{"damage":12,"enemies":"Small Slimes","floor":3,"turns":3},{"damage":14,"enemies":"Exordium Wildlife","floor":4,"turns":4},{"damage":32,"enemies":"Large Slime","floor":5,"turns":8},{"damage":19,"enemies":"Blue Slaver","floor":7,"turns":3},{"damage":34,"enemies":"Hexaghost","floor":16,"turns":6},{"damage":7,"enemies":"Chosen","floor":18,"turns":5},{"damage":41,"enemies":"Masked Bandits","floor":19,"turns":5},{"damage":13,"enemies":"3 Byrds","floor":21,"turns":5},{"damage":14,"enemies":"Snecko","floor":22,"turns":5},{"damage":55,"enemies":"Slavers","floor":24,"turns":3}],"seed_played":"4542894986508562810","potions_obtained":[{"floor":2,"key":"PowerPotion"},{"floor":3,"key":"Dexterity Potion"},{"floor":5,"key":"Fire Potion"},{"floor":7,"key":"PowerPotion"},{"floor":19,"key":"EssenceOfSteel"}],"is_trial":false,"path_per_floor":["M","M","M","M","M","R","M","$","T","R","?","R","T","?","R","B",null,"M","?","?","M","M","R"],"character_chosen":"IRONCLAD","items_purchased":["Magnetism"],"campfire_rested":1,"item_purchase_floors":[8],"current_hp_per_floor":[80,77,71,63,37,37,24,24,24,24,24,46,46,51,51,23,79,78,43,43,44,43,43,0],"gold":281,"neow_bonus":"RANDOM_COMMON_RELIC","is_prod":false,"is_daily":false,"chose_seed":false,"campfire_upgraded":4,"win_rate":0,"timestamp":1540528283,"path_taken":["M","?","M","M","M","R","M","$","T","R","?","R","?","?","R","BOSS","M","?","?","M","M","R","E"],"build_version":"2018-10-25","purchased_purges":0,"victory":false,"max_hp_per_floor":[80,80,80,80,80,80,80,80,80,80,74,74,74,79,79,79,79,79,79,55,55,55,55,55],"card_choices":[{"not_picked":["Clothesline","Pommel Strike"],"picked":"Rupture","floor":1},{"not_picked":["True Grit","Heavy Blade"],"picked":"Sword Boomerang","floor":2},{"not_picked":["Ghostly Armor","Shrug It Off"],"picked":"Dual Wield","floor":3},{"not_picked":["Warcry","Wild Strike"],"picked":"Metallicize","floor":4},{"not_picked":["Havoc","Pommel Strike"],"picked":"Seeing Red","floor":5},{"not_picked":["Wild Strike","Clash"],"picked":"Cleave","floor":7},{"not_picked":["Double Tap","Berserk"],"picked":"Limit Break","floor":16},{"not_picked":["Entrench","Cleave"],"picked":"Shockwave","floor":18},{"not_picked":["Pummel","Second Wind"],"picked":"Hemokinesis","floor":19},{"not_picked":["Clash","Blood for Blood"],"picked":"Armaments+1","floor":21},{"not_picked":["Heavy Blade","Wild Strike"],"picked":"Flex+1","floor":22}],"player_experience":183497,"relics_obtained":[{"floor":9,"key":"Self Forming Clay"},{"floor":13,"key":"Pen Nib"},{"floor":19,"key":"Red Mask"}],"event_choices":[{"damage_healed":0,"gold_gain":0,"player_choice":"Lose Max HP","damage_taken":0,"relics_obtained":["Golden Idol"],"max_hp_gain":0,"max_hp_loss":6,"event_name":"Golden Idol","floor":11,"gold_loss":0},{"damage_healed":0,"gold_gain":0,"player_choice":"Donut","damage_taken":0,"max_hp_gain":5,"max_hp_loss":0,"event_name":"Big Fish","floor":14,"gold_loss":0},{"damage_healed":0,"gold_gain":0,"player_choice":"Fought Bandits","damage_taken":0,"max_hp_gain":0,"max_hp_loss":0,"event_name":"Masked Bandits","floor":19,"gold_loss":0},{"damage_healed":0,"gold_gain":0,"player_choice":"Became a vampire","damage_taken":0,"max_hp_gain":0,"max_hp_loss":24,"event_name":"Vampires","floor":20,"gold_loss":0,"cards_obtained":["Bite","Bite","Bite","Bite","Bite"]}],"is_beta":false,"boss_relics":[{"not_picked":["Cursed Key","Orrery"],"picked":"Astrolabe"}],"items_purged_floors":[],"is_endless":false,"potions_floor_spawned":[2,3,5,7,19],"killed_by":"Slavers","ascension_level":1}