{"gold_per_floor":[110,110,126,16,36,36,70,70,70,82,97,117,129,161,161,161],"floor_reached":16,"playtime":499,"items_purged":["Strike_R"],"score":143,"play_id":"e017f3dc-1f6a-4899-80ec-069500fceebb","local_time":"20190209020626","is_ascension_mode":true,"campfire_choices":[{"data":"Dual Wield","floor":6,"key":"SMITH"},{"data":"Immolate","floor":8,"key":"SMITH"},{"floor":15,"key":"REST"}],"neow_cost":"NONE","seed_source_timestamp":1734276476807500,"circlet_count":0,"master_deck":["Strike_R+1","Strike_R","Strike_R","Strike_R","Defend_R","Defend_R","Defend_R+1","Bash","Body Slam","Blood for Blood","Dual Wield+1","Warcry","Immolate+1","Clash","Blood for Blood","Shrug It Off"],"relics":["Burning Blood","Meat on the Bone","Bronze Scales"],"potions_floor_usage":[7,12,14,14],"damage_taken":[{"damage":7,"enemies":"Small Slimes","floor":1,"turns":3},{"damage":7,"enemies":"Jaw Worm","floor":3,"turns":3},{"damage":3,"enemies":"Cultist","floor":5,"turns":4},{"damage":39,"enemies":"Gremlin Nob","floor":7,"turns":5},{"damage":6,"enemies":"Red Slaver","floor":10,"turns":2},{"damage":0,"enemies":"3 Louse","floor":11,"turns":2},{"damage":3,"enemies":"Lots of Slimes","floor":12,"turns":2},{"damage":5,"enemies":"Blue Slaver","floor":13,"turns":2},{"damage":8,"enemies":"3 Sentries","floor":14,"turns":4},{"damage":82,"enemies":"The Guardian","floor":16,"turns":7}],"seed_played":"-6606585963171608736","potions_obtained":[{"floor":5,"key":"SkillPotion"},{"floor":10,"key":"EssenceOfSteel"},{"floor":11,"key":"Block Potion"},{"floor":13,"key":"LiquidBronze"}],"is_trial":false,"path_per_floor":["M","?","M","$","M","R","E","R","T","M","M","M","M","E","R","B"],"character_chosen":"IRONCLAD","items_purchased":["Dual Wield"],"campfire_rested":1,"item_purchase_floors":[4],"current_hp_per_floor":[79,63,62,62,65,65,32,32,32,44,50,53,54,52,76,0],"gold":161,"neow_bonus":"REMOVE_CARD","is_prod":false,"is_daily":false,"chose_seed":false,"campfire_upgraded":2,"win_rate":0,"timestamp":1549674386,"path_taken":["M","?","M","$","M","R","E","R","T","M","M","M","M","E","R","BOSS"],"build_version":"2019-01-23","purchased_purges":1,"victory":false,"max_hp_per_floor":[80,80,80,80,80,80,80,80,80,80,80,80,80,80,80,80],"card_choices":[{"not_picked":["Ghostly Armor","Headbutt"],"picked":"Body Slam","floor":1},{"not_picked":["Pommel Strike","Evolve"],"picked":"Blood for Blood","floor":3},{"not_picked":["Wild Strike","Second Wind"],"picked":"Warcry","floor":5},{"not_picked":["Hemokinesis","Intimidate"],"picked":"Immolate","floor":7},{"not_picked":["Body Slam","Hemokinesis"],"picked":"Clash","floor":10},{"not_picked":["Thunderclap","True Grit","Intimidate"],"picked":"SKIP","floor":11},{"not_picked":["Power Through","Sentinel","Headbutt"],"picked":"SKIP","floor":12},{"not_picked":["Warcry","Rupture"],"picked":"Blood for Blood","floor":13},{"not_picked":["True Grit","Hemokinesis"],"picked":"Shrug It Off","floor":14}],"player_experience":863190,"relics_obtained":[{"floor":7,"key":"Meat on the Bone"},{"floor":14,"key":"Bronze Scales"}],"event_choices":[{"damage_healed":0,"gold_gain":0,"player_choice":"Entered Light","damage_taken":16,"max_hp_gain":0,"max_hp_loss":0,"event_name":"Shining Light","floor":2,"gold_loss":0,"cards_upgraded":["Strike_R","Defend_R"]}],"is_beta":false,"boss_relics":[],"items_purged_floors":[4],"is_endless":false,"potions_floor_spawned":[5,10,11,13],"killed_by":"The Guardian","ascension_level":5}