{"gold_per_floor":[363,378,142,217,227,258,258,278,278,278,27,27,61,61,61,154,154,179,199,24,24,24,57,57,70,70,70,70,70,70,86,86,86],"floor_reached":33,"playtime":1551,"items_purged":["Carnage+1"],"score":530,"play_id":"dd54a2c8-f03e-4833-9d82-7b8e2abe1563","local_time":"20181126210152","is_ascension_mode":true,"campfire_choices":[{"floor":7,"key":"REST"},{"floor":12,"key":"REST"},{"data":"Perfected Strike","floor":15,"key":"SMITH"},{"floor":24,"key":"REST"},{"data":"Secret Weapon","floor":27,"key":"SMITH"},{"floor":30,"key":"REST"},{"floor":32,"key":"REST"}],"neow_cost":"TEN_PERCENT_HP_LOSS","seed_source_timestamp":250605537509710,"circlet_count":0,"master_deck":["AscendersBane","Strike_R","Strike_R","Strike_R","Strike_R","Strike_R","Defend_R","Bash","Perfected Strike+1","Shrug It Off","Secret Weapon+1","Thunderclap","Dual Wield","Spot Weakness","Headbutt","Wild Strike+1","Immolate","Shockwave+1","Offering+1","True Grit","Cleave+1","Ghostly Armor","Shrug It Off"],"relics":["Burning Blood","The Courier","Ornamental Fan","Juzu Bracelet","Red Skull","Happy Flower","Golden Idol","Astrolabe","PreservedInsect","Ancient Tea Set","Kunai","Nloth\u0027s Gift"],"potions_floor_usage":[5,8,16,19,23,33],"damage_taken":[{"damage":10,"enemies":"Small Slimes","floor":1,"turns":3},{"damage":2,"enemies":"2 Louse","floor":2,"turns":3},{"damage":7,"enemies":"Jaw Worm","floor":5,"turns":3},{"damage":47,"enemies":"3 Sentries","floor":6,"turns":7},{"damage":0,"enemies":"Exordium Wildlife","floor":8,"turns":1},{"damage":13,"enemies":"Gremlin Nob","floor":13,"turns":4},{"damage":0,"enemies":"Slime Boss","floor":16,"turns":4},{"damage":13,"enemies":"2 Thieves","floor":18,"turns":2},{"damage":12,"enemies":"Chosen","floor":19,"turns":3},{"damage":20,"enemies":"Slavers","floor":23,"turns":3},{"damage":16,"enemies":"Centurion and Healer","floor":25,"turns":3},{"damage":28,"enemies":"Shelled Parasite and Fungi","floor":31,"turns":4},{"damage":83,"enemies":"Automaton","floor":33,"turns":6}],"seed_played":"3291556414465072142","potions_obtained":[{"floor":1,"key":"AttackPotion"},{"floor":6,"key":"Fire Potion"},{"floor":13,"key":"AttackPotion"},{"floor":16,"key":"Fire Potion"},{"floor":18,"key":"Ancient Potion"},{"floor":31,"key":"Ancient Potion"}],"is_trial":false,"path_per_floor":["M","M","$","?","M","E","R","M","T","?","$","R","E","?","R","B",null,"M","M","$","?","?","E","R","M","T","R","?","?","R","M","R","B"],"character_chosen":"IRONCLAD","items_purchased":["Secret Weapon","Thunderclap","Juzu Bracelet","Red Skull","PreservedInsect"],"campfire_rested":5,"item_purchase_floors":[3,3,11,11,20],"current_hp_per_floor":[68,72,72,61,60,19,40,46,46,43,43,64,57,57,57,63,66,59,53,53,53,53,39,59,49,49,49,49,49,67,45,65,0],"gold":86,"neow_bonus":"TWO_FIFTY_GOLD","is_prod":false,"is_daily":false,"chose_seed":false,"campfire_upgraded":2,"win_rate":0,"timestamp":1543266112,"path_taken":["M","M","$","?","M","E","R","M","T","?","?","R","E","?","R","BOSS","M","M","$","?","?","E","R","M","T","R","?","?","R","M","R","BOSS"],"build_version":"2018-11-15","purchased_purges":1,"victory":false,"max_hp_per_floor":[72,72,72,72,72,72,72,72,72,72,72,72,72,67,67,67,67,67,67,67,67,67,67,67,67,67,67,67,67,67,67,67,67],"card_choices":[{"not_picked":["Bloodletting","True Grit"],"picked":"Perfected Strike","floor":1},{"not_picked":["Headbutt","Hemokinesis"],"picked":"Shrug It Off","floor":2},{"not_picked":["Havoc","Body Slam"],"picked":"Dual Wield","floor":5},{"not_picked":["Shockwave","Searing Blow"],"picked":"Spot Weakness","floor":6},{"not_picked":["Reckless Charge","Sever Soul"],"picked":"Headbutt","floor":8},{"not_picked":["Flex","Blood for Blood"],"picked":"Wild Strike","floor":13},{"not_picked":["Juggernaut","Berserk"],"picked":"Immolate","floor":16},{"not_picked":["Clash","Havoc"],"picked":"True Grit","floor":18},{"not_picked":["Infernal Blade","Anger","Searing Blow"],"picked":"SKIP","floor":19},{"not_picked":["Thunderclap","True Grit"],"picked":"Cleave+1","floor":23},{"not_picked":["Cleave+1","Sever Soul"],"picked":"Ghostly Armor","floor":25},{"not_picked":["Iron Wave","Flame Barrier+1"],"picked":"Shrug It Off","floor":31}],"player_experience":898405,"relics_obtained":[{"floor":6,"key":"Self Forming Clay"},{"floor":9,"key":"The Courier"},{"floor":13,"key":"Happy Flower"},{"floor":23,"key":"Ancient Tea Set"},{"floor":26,"key":"Kunai"}],"event_choices":[{"damage_healed":0,"gold_gain":75,"player_choice":"Gather Gold","damage_taken":11,"max_hp_gain":0,"max_hp_loss":0,"event_name":"World of Goop","floor":4,"gold_loss":0},{"damage_healed":0,"gold_gain":0,"player_choice":"Success","damage_taken":3,"relics_obtained":["Ornamental Fan"],"max_hp_gain":0,"max_hp_loss":0,"event_name":"Scrap Ooze","floor":10,"gold_loss":0},{"damage_healed":0,"gold_gain":0,"player_choice":"Lose Max HP","damage_taken":0,"relics_obtained":["Golden Idol"],"max_hp_gain":0,"max_hp_loss":5,"event_name":"Golden Idol","floor":14,"gold_loss":0},{"damage_healed":0,"gold_gain":0,"player_choice":"Forge","damage_taken":0,"max_hp_gain":0,"max_hp_loss":0,"event_name":"Accursed Blacksmith","floor":21,"gold_loss":0,"cards_upgraded":["Wild Strike"]},{"damage_healed":0,"gold_gain":0,"player_choice":"Ignored","damage_taken":0,"max_hp_gain":0,"max_hp_loss":0,"event_name":"Beggar","floor":22,"gold_loss":0},{"damage_healed":0,"gold_gain":0,"player_choice":"0 cards matched","damage_taken":0,"max_hp_gain":0,"max_hp_loss":0,"event_name":"Match and Keep!","floor":28,"gold_loss":0,"cards_obtained":[]},{"damage_healed":0,"gold_gain":0,"player_choice":"Traded Relic","damage_taken":0,"relics_obtained":["Nloth\u0027s Gift"],"max_hp_gain":0,"max_hp_loss":0,"event_name":"N\u0027loth","floor":29,"relics_lost":["Self Forming Clay"],"gold_loss":0}],"is_beta":false,"boss_relics":[{"not_picked":["Runic Cube","Cursed Key"],"picked":"Astrolabe"}],"items_purged_floors":[20],"is_endless":false,"potions_floor_spawned":[1,6,13,16,18,31],"killed_by":"Automaton","ascension_level":13}