{"gold_per_floor":[11,11,11,22,37,37,67,67,67,78,78,78,88,100,100,176,176,190,190,140,157,167,167,198,198,198,243,266,293,318,6,6,6],"floor_reached":33,"playtime":1975,"items_purged":[],"score":520,"play_id":"b86f4d4a-fe09-4072-aa26-58586f0189f4","local_time":"20190206031209","is_ascension_mode":true,"campfire_choices":[{"data":"Neutralize","floor":6,"key":"SMITH"},{"floor":12,"key":"REST"},{"floor":15,"key":"REST"},{"floor":23,"key":"REST"},{"data":"Well Laid Plans","floor":25,"key":"SMITH"},{"floor":32,"key":"REST"}],"neow_cost":"NO_GOLD","seed_source_timestamp":2192135144289800,"circlet_count":0,"master_deck":["AscendersBane","Defend_G+1","Defend_G+1","Defend_G+1","Defend_G+1","Defend_G+1","Strike_G","Strike_G+1","Strike_G","Survivor","Neutralize+1","Eviscerate","Doppelganger+1","Slice","Dagger Throw","Quick Slash","Well Laid Plans+1","Sucker Punch","Deflect+1","Dodge and Roll+1","Malaise+1","Blade Dance+1","Acrobatics+1","PiercingWail+1","Dash","PiercingWail+1","Prepared+1","Backflip+1","Tactician+1","Accuracy+1","Blade Dance+1","Accuracy+1","Accuracy+1"],"relics":["Ring of the Snake","Blue Candle","The Courier","Toxic Egg 2","Sozu","Happy Flower","MawBank","Frozen Egg 2","War Paint"],"potions_floor_usage":[7,24,27],"damage_taken":[{"damage":4,"enemies":"Jaw Worm","floor":1,"turns":7},{"damage":1,"enemies":"Small Slimes","floor":4,"turns":5},{"damage":0,"enemies":"2 Louse","floor":5,"turns":3},{"damage":14,"enemies":"Gremlin Nob","floor":7,"turns":4},{"damage":3,"enemies":"Looter","floor":10,"turns":4},{"damage":19,"enemies":"Gremlin Gang","floor":13,"turns":5},{"damage":0,"enemies":"Large Slime","floor":14,"turns":4},{"damage":22,"enemies":"The Guardian","floor":16,"turns":18},{"damage":11,"enemies":"Spheric Guardian","floor":18,"turns":5},{"damage":5,"enemies":"Shell Parasite","floor":21,"turns":6},{"damage":18,"enemies":"Cultist and Chosen","floor":22,"turns":13},{"damage":1,"enemies":"Book of Stabbing","floor":24,"turns":9},{"damage":19,"enemies":"Slavers","floor":27,"turns":8},{"damage":1,"enemies":"Snecko","floor":28,"turns":6},{"damage":0,"enemies":"Shelled Parasite and Fungi","floor":29,"turns":9},{"damage":0,"enemies":"Snake Plant","floor":30,"turns":8},{"damage":40,"enemies":"Champ","floor":33,"turns":9}],"seed_played":"-5515561849217154268","potions_obtained":[{"floor":4,"key":"Strength Potion"},{"floor":7,"key":"Energy Potion"},{"floor":13,"key":"FearPotion"}],"is_trial":false,"path_per_floor":["M","?","?","M","M","R","E","?","T","M","T","R","M","M","R","B",null,"M","?","?","M","M","R","E","R","T","E","M","M","M","$","R","B"],"character_chosen":"THE_SILENT","items_purchased":["Accuracy+1","Blade Dance+1","Accuracy+1","Accuracy+1","War Paint"],"campfire_rested":4,"item_purchase_floors":[31,31,31,31,31],"current_hp_per_floor":[55,35,35,34,34,34,20,20,20,17,17,36,17,17,36,14,53,42,42,42,37,19,38,37,37,37,18,17,17,17,17,36,0],"gold":6,"neow_bonus":"TRANSFORM_TWO_CARDS","is_prod":false,"is_daily":false,"chose_seed":false,"campfire_upgraded":2,"win_rate":0,"timestamp":1549440729,"path_taken":["M","?","?","M","M","R","E","?","T","M","?","R","M","?","R","BOSS","M","?","?","?","M","R","E","R","T","E","?","M","M","?","R","BOSS"],"build_version":"2019-01-23","purchased_purges":0,"victory":false,"max_hp_per_floor":[66,66,66,66,66,66,66,66,66,66,66,66,66,66,66,66,66,66,66,66,66,66,66,66,66,66,66,66,66,66,66,66,66],"card_choices":[{"not_picked":["Terror","PiercingWail"],"picked":"Slice","floor":1},{"not_picked":["Outmaneuver","Noxious Fumes"],"picked":"Dagger Throw","floor":4},{"not_picked":["Acrobatics","Backflip"],"picked":"Quick Slash","floor":5},{"not_picked":["Noxious Fumes","Terror"],"picked":"Well Laid Plans","floor":7},{"not_picked":["Acrobatics","Underhanded Strike"],"picked":"Sucker Punch","floor":10},{"not_picked":["Bouncing Flask+1","Dagger Spray"],"picked":"Deflect+1","floor":13},{"not_picked":["Sucker Punch","Wraith Form v2"],"picked":"Dodge and Roll+1","floor":14},{"not_picked":["Bullet Time+1","Storm of Steel+1"],"picked":"Malaise+1","floor":16},{"not_picked":["Poisoned Stab","Reflex+1"],"picked":"Blade Dance+1","floor":18},{"not_picked":["Slice+1","Bouncing Flask+1"],"picked":"Acrobatics+1","floor":21},{"not_picked":["Bane","Catalyst+1"],"picked":"PiercingWail+1","floor":22},{"not_picked":["Poisoned Stab","Catalyst+1"],"picked":"Dash","floor":24},{"not_picked":["Backflip+1","Flechettes"],"picked":"PiercingWail+1","floor":27},{"not_picked":["Reflex+1","Noxious Fumes+1"],"picked":"Prepared+1","floor":28},{"not_picked":["Underhanded Strike","Poisoned Stab"],"picked":"Backflip+1","floor":29},{"not_picked":["Calculated Gamble+1","All Out Attack"],"picked":"Tactician+1","floor":30}],"player_experience":530808,"relics_obtained":[{"floor":7,"key":"Blue Candle"},{"floor":9,"key":"The Courier"},{"floor":11,"key":"Toxic Egg 2"},{"floor":24,"key":"Happy Flower"},{"floor":26,"key":"MawBank"},{"floor":27,"key":"Frozen Egg 2"}],"event_choices":[{"damage_healed":0,"gold_gain":0,"player_choice":"Entered Light","damage_taken":20,"max_hp_gain":0,"max_hp_loss":0,"event_name":"Shining Light","floor":2,"gold_loss":0,"cards_upgraded":["Defend_G","Strike_G"]},{"damage_healed":0,"gold_gain":0,"player_choice":"Ignored","damage_taken":0,"max_hp_gain":0,"max_hp_loss":0,"event_name":"Golden Idol","floor":3,"gold_loss":0},{"damage_healed":0,"gold_gain":0,"player_choice":"Grow","damage_taken":0,"max_hp_gain":0,"max_hp_loss":0,"event_name":"Living Wall","floor":8,"gold_loss":0,"cards_upgraded":["Doppelganger"]},{"damage_healed":0,"gold_gain":0,"player_choice":"Ignored","damage_taken":0,"max_hp_gain":0,"max_hp_loss":0,"event_name":"Ghosts","floor":19,"gold_loss":0},{"damage_healed":0,"gold_gain":0,"player_choice":"Upgraded Two","damage_taken":0,"max_hp_gain":0,"max_hp_loss":0,"event_name":"Designer","floor":20,"gold_loss":50,"cards_upgraded":["Defend_G","Defend_G"]}],"is_beta":false,"boss_relics":[{"not_picked":["HoveringKite","Philosopher\u0027s Stone"],"picked":"Sozu"}],"items_purged_floors":[],"is_endless":false,"potions_floor_spawned":[4,7,13,18,27,28],"killed_by":"Champ","ascension_level":16}