{"gold_per_floor":[111,61,61,76,76,103,123,123,146,158,170,170,27,60,60,139,139,152,166,166,166,177,177,211,228,228,228,44,4,39,55,55,132,132,142,162,162,162,173,173,173,173,200,223,236,256,12,27,27,27],"floor_reached":51,"playtime":2554,"items_purged":["Strike_B","Defend_B"],"score":1283,"play_id":"57c69ed9-7faa-44ed-994e-dee9d2f3536c","local_time":"20190107010942","is_ascension_mode":true,"campfire_choices":[{"data":"Zap","floor":8,"key":"SMITH"},{"data":"Capacitor","floor":12,"key":"SMITH"},{"data":"Capacitor","floor":15,"key":"SMITH"},{"floor":23,"key":"RECALL"},{"data":"Chaos","floor":27,"key":"SMITH"},{"data":"Defragment","floor":32,"key":"SMITH"},{"data":"Defragment","floor":40,"key":"SMITH"},{"data":"Chill","floor":42,"key":"SMITH"},{"data":"Machine Learning","floor":49,"key":"SMITH"}],"neow_cost":"NONE","seed_source_timestamp":1233729792190402,"circlet_count":0,"master_deck":["AscendersBane","Strike_B+1","Defend_B+1","Defend_B","Defend_B","Zap+1","Dualcast","Go for the Eyes","Steam","Glacier","Chill+1","Capacitor+1","Chaos+1","Blizzard","Capacitor+1","Biased Cognition","Reinforced Body","Glacier","Conserve Battery+1","Skim+1","Self Repair","Blizzard","Defragment+1","Machine Learning+1","Coolheaded+1","Amplify","Defragment+1","Undo","Consume+1","Redo","Parasite"],"relics":["Cracked Core","NeowsBlessing","PreservedInsect","Blood Vial","Mummified Hand","Coffee Dripper","Bronze Scales","Bottled Tornado","DataDisk","Sozu","Juzu Bracelet","Bag of Marbles","Bag of Preparation"],"potions_floor_usage":[20,24,30,30,39],"damage_taken":[{"damage":0,"enemies":"Jaw Worm","floor":1,"turns":1},{"damage":0,"enemies":"2 Louse","floor":4,"turns":1},{"damage":0,"enemies":"Gremlin Nob","floor":6,"turns":1},{"damage":1,"enemies":"Small Slimes","floor":7,"turns":4},{"damage":0,"enemies":"Blue Slaver","floor":10,"turns":4},{"damage":1,"enemies":"Exordium Wildlife","floor":11,"turns":5},{"damage":8,"enemies":"3 Sentries","floor":14,"turns":4},{"damage":34,"enemies":"Slime Boss","floor":16,"turns":16},{"damage":8,"enemies":"Chosen","floor":18,"turns":8},{"damage":14,"enemies":"Spheric Guardian","floor":19,"turns":8},{"damage":22,"enemies":"Colosseum Slavers","floor":20,"turns":8},{"damage":9,"enemies":"Centurion and Healer","floor":22,"turns":12},{"damage":0,"enemies":"Book of Stabbing","floor":24,"turns":7},{"damage":2,"enemies":"Shelled Parasite and Fungi","floor":25,"turns":8},{"damage":17,"enemies":"Gremlin Leader","floor":30,"turns":6},{"damage":2,"enemies":"Cultist and Chosen","floor":31,"turns":8},{"damage":0,"enemies":"Automaton","floor":33,"turns":12},{"damage":15,"enemies":"3 Darklings","floor":35,"turns":6},{"damage":0,"enemies":"3 Shapes","floor":36,"turns":7},{"damage":23,"enemies":"Sphere and 2 Shapes","floor":39,"turns":6},{"damage":19,"enemies":"Jaw Worm Horde","floor":45,"turns":5},{"damage":22,"enemies":"4 Shapes","floor":46,"turns":7},{"damage":1,"enemies":"Writhing Mass","floor":48,"turns":7},{"damage":4,"enemies":"Awakened One","floor":50,"turns":14}],"seed_played":"5397421026592228224","potions_obtained":[{"floor":4,"key":"SpeedPotion"},{"floor":6,"key":"Energy Potion"},{"floor":7,"key":"Strength Potion"},{"floor":22,"key":"SkillPotion"},{"floor":25,"key":"Regen Potion"},{"floor":33,"key":"Poison Potion"}],"is_trial":false,"path_per_floor":["M","?","?","M","?","E","M","R","T","M","M","R","$","E","R","B",null,"M","M","?","?","M","R","E","M","T","R","$","$","E","M","R","B",null,"M","M","?","?","M","R","?","R","T","T","M","M","$","M","R","B",null],"character_chosen":"DEFECT","items_purchased":["Blizzard","Capacitor","Self Repair","Blizzard","Defragment","Bag of Preparation"],"campfire_rested":0,"item_purchase_floors":[13,13,28,28,29,47],"current_hp_per_floor":[68,68,53,53,58,58,57,57,57,59,60,60,60,54,54,22,66,60,48,28,28,21,21,23,23,23,23,23,23,30,37,37,46,72,66,80,80,80,57,57,57,57,57,57,54,48,48,56,56,61],"gold":27,"neow_bonus":"THREE_ENEMY_KILL","is_prod":false,"is_daily":false,"chose_seed":false,"campfire_upgraded":8,"win_rate":0,"timestamp":1546841382,"path_taken":["M","?","?","M","?","E","M","R","T","M","M","R","?","E","R","BOSS","M","M","?","?","?","R","E","M","T","R","?","$","E","M","R","BOSS","M","M","?","?","M","R","?","R","T","?","M","M","$","M","R","BOSS"],"build_version":"2019-01-03v4","purchased_purges":2,"victory":true,"max_hp_per_floor":[75,75,75,75,80,80,80,80,80,80,80,80,80,80,80,80,80,80,80,80,80,80,80,80,80,80,80,80,80,80,80,80,80,80,80,80,80,80,80,80,76,76,76,76,76,76,76,76,76,76],"card_choices":[{"not_picked":["BootSequence","Static Discharge"],"picked":"Go for the Eyes","floor":1},{"not_picked":["Storm","Barrage"],"picked":"Steam","floor":4},{"not_picked":["Compile Driver","Recycle"],"picked":"Glacier","floor":6},{"not_picked":["Heatsinks","Undo"],"picked":"Chill","floor":7},{"not_picked":["Tempest","Rebound"],"picked":"Capacitor","floor":10},{"not_picked":["Heatsinks","Leap"],"picked":"Chaos","floor":11},{"not_picked":["Compile Driver","Go for the Eyes","Streamline"],"picked":"SKIP","floor":14},{"not_picked":["Thunder Strike","Electrodynamics"],"picked":"Biased Cognition","floor":16},{"not_picked":["Conserve Battery","Rebound"],"picked":"Reinforced Body","floor":18},{"not_picked":["Redo","Stack","Lockon"],"picked":"SKIP","floor":19},{"not_picked":["Rebound","Stack","Aggregate"],"picked":"SKIP","floor":22},{"not_picked":["Force Field","BootSequence"],"picked":"Conserve Battery+1","floor":24},{"not_picked":["Coolheaded","Go for the Eyes"],"picked":"Skim+1","floor":25},{"not_picked":["Hello World","Streamline"],"picked":"Machine Learning","floor":30},{"not_picked":["Rebound","Darkness"],"picked":"Coolheaded+1","floor":31},{"not_picked":["Core Surge","All For One"],"picked":"Amplify","floor":33},{"not_picked":["Capacitor","Fusion","Heatsinks+1"],"picked":"SKIP","floor":35},{"not_picked":["Go for the Eyes","Compile Driver"],"picked":"Defragment","floor":36},{"not_picked":["Stack+1","Sweeping Beam"],"picked":"Undo","floor":39},{"not_picked":["Blizzard+1","Coolheaded"],"picked":"Consume+1","floor":45},{"not_picked":["Beam Cell","Rebound"],"picked":"Redo","floor":46},{"not_picked":["Aggregate+1","Thunder Strike","Melter"],"picked":"SKIP","floor":48}],"player_experience":476441,"relics_obtained":[{"floor":6,"key":"PreservedInsect"},{"floor":9,"key":"Blood Vial"},{"floor":14,"key":"Mummified Hand"},{"floor":24,"key":"Bronze Scales"},{"floor":26,"key":"Bottled Tornado"},{"floor":30,"key":"DataDisk"},{"floor":43,"key":"Juzu Bracelet"},{"floor":44,"key":"Bag of Marbles"}],"event_choices":[{"cards_removed":["Strike_B"],"damage_healed":0,"gold_gain":0,"player_choice":"Card Removal","damage_taken":0,"max_hp_gain":0,"max_hp_loss":0,"event_name":"The Cleric","floor":2,"gold_loss":50},{"damage_healed":0,"gold_gain":0,"player_choice":"Entered Light","damage_taken":15,"max_hp_gain":0,"max_hp_loss":0,"event_name":"Shining Light","floor":3,"gold_loss":0,"cards_upgraded":["Strike_B","Defend_B"]},{"damage_healed":0,"gold_gain":0,"player_choice":"Donut","damage_taken":0,"max_hp_gain":5,"max_hp_loss":0,"event_name":"Big Fish","floor":5,"gold_loss":0},{"damage_healed":0,"gold_gain":0,"player_choice":"Fight","damage_taken":0,"max_hp_gain":0,"max_hp_loss":0,"event_name":"Colosseum","floor":20,"gold_loss":0},{"damage_healed":0,"gold_gain":0,"player_choice":"Fled From Nobs","damage_taken":0,"max_hp_gain":0,"max_hp_loss":0,"event_name":"Colosseum","floor":20,"gold_loss":0},{"damage_healed":0,"gold_gain":0,"player_choice":"Copied","damage_taken":0,"max_hp_gain":0,"max_hp_loss":0,"event_name":"Duplicator","floor":21,"gold_loss":0,"cards_obtained":["Glacier"]},{"cards_removed":["Strike_B"],"damage_healed":0,"gold_gain":0,"player_choice":"Removed Attack","damage_taken":0,"max_hp_gain":0,"max_hp_loss":0,"event_name":"Falling","floor":37,"gold_loss":0},{"damage_healed":0,"gold_gain":0,"player_choice":"Ignored","damage_taken":0,"max_hp_gain":0,"max_hp_loss":0,"event_name":"Tomb of Lord Red Mask","floor":38,"gold_loss":0},{"damage_healed":0,"gold_gain":0,"player_choice":"Max HP","damage_taken":0,"max_hp_gain":0,"max_hp_loss":4,"event_name":"Winding Halls","floor":41,"gold_loss":0}],"is_beta":false,"boss_relics":[{"not_picked":["Snecko Eye","Eternal Feather"],"picked":"Coffee Dripper"},{"not_picked":["Black Star","Lizard Tail"],"picked":"Sozu"}],"items_purged_floors":[28,47],"is_endless":false,"potions_floor_spawned":[4,6,7,14,18,22,25,33,36,48],"ascension_level":13}