{"gold_per_floor":[116,128,148,148,148,148,132,132,132,145,161,174,193,206,206,305,305,325,240,165,182,65,65,65,65,365,384,403,403,403,419,419,520,520,533,545,545,129,129,155,165,165,191,191,202,215,235,253,253,253],"floor_reached":51,"playtime":7544,"items_purged":["Strike_G","Strike_G"],"score":964,"play_id":"3710ac0e-95be-4900-bc66-c00562e64080","local_time":"20180926143436","is_ascension_mode":true,"campfire_choices":[{"data":"Crippling Poison","floor":6,"key":"SMITH"},{"floor":8,"key":"REST"},{"floor":15,"key":"REST"},{"data":"Burst","floor":23,"key":"SMITH"},{"data":"Catalyst","floor":30,"key":"SMITH"},{"floor":32,"key":"REST"},{"data":"Bullet Time","floor":44,"key":"SMITH"},{"floor":49,"key":"REST"}],"neow_cost":"PERCENT_DAMAGE","seed_source_timestamp":1293937851532424,"circlet_count":0,"master_deck":["Defend_G","Defend_G","Defend_G","Defend_G","Strike_G","Strike_G","Survivor","Neutralize","Leg Sweep","Blur","Crippling Poison+1","Deadly Poison","Heel Hook","Caltrops+1","Flying Knee","Burst+1","Backflip","Adrenaline","Caltrops+1","Deadly Poison","Deadly Poison","Calculated Gamble","Dodge and Roll+1","Well Laid Plans+1","Footwork+1","Blur","Envenom+1","Caltrops+1","Backflip+1","Catalyst+1","Footwork+1","Bullet Time+1","Dodge and Roll","Bandage Up","Deflect","Doubt","Dash+1","Bane+1"],"relics":["Ring of the Snake","Frozen Egg 2","Orrery","Pear","Old Coin","Eternal Feather","Mummified Hand","Orichalcum","Bag of Preparation"],"potions_floor_usage":[12,18,33,33,48,48,50,50],"damage_taken":[{"damage":5,"enemies":"Cultist","floor":1,"turns":6},{"damage":4,"enemies":"Small Slimes","floor":2,"turns":7},{"damage":0,"enemies":"Jaw Worm","floor":3,"turns":7},{"damage":16,"enemies":"Exordium Thugs","floor":7,"turns":4},{"damage":0,"enemies":"2 Fungi Beasts","floor":10,"turns":3},{"damage":10,"enemies":"3 Louse","floor":11,"turns":2},{"damage":9,"enemies":"Exordium Thugs","floor":12,"turns":6},{"damage":0,"enemies":"Looter","floor":13,"turns":4},{"damage":4,"enemies":"Large Slime","floor":14,"turns":7},{"damage":21,"enemies":"Hexaghost","floor":16,"turns":11},{"damage":1,"enemies":"Chosen","floor":18,"turns":5},{"damage":0,"enemies":"Shell Parasite","floor":21,"turns":6},{"damage":6,"enemies":"Snake Plant","floor":27,"turns":5},{"damage":16,"enemies":"3 Cultists","floor":28,"turns":5},{"damage":10,"enemies":"Chosen and Byrds","floor":31,"turns":6},{"damage":40,"enemies":"Collector","floor":33,"turns":7},{"damage":3,"enemies":"3 Shapes","floor":35,"turns":9},{"damage":3,"enemies":"Orb Walker","floor":36,"turns":4},{"damage":0,"enemies":"Nemesis","floor":40,"turns":9},{"damage":34,"enemies":"Transient","floor":41,"turns":5},{"damage":7,"enemies":"Spire Growth","floor":45,"turns":7},{"damage":15,"enemies":"4 Shapes","floor":46,"turns":8},{"damage":16,"enemies":"Maw","floor":47,"turns":7},{"damage":41,"enemies":"Transient","floor":48,"turns":5},{"damage":86,"enemies":"Awakened One","floor":50,"turns":40}],"seed_played":"5230965329000163740","potions_obtained":[{"floor":2,"key":"Swift Potion"},{"floor":3,"key":"GhostInAJar"},{"floor":10,"key":"SpeedPotion"},{"floor":13,"key":"Weak Potion"},{"floor":14,"key":"Block Potion"},{"floor":18,"key":"Regen Potion"},{"floor":33,"key":"Dexterity Potion"},{"floor":36,"key":"Fire Potion"},{"floor":41,"key":"PowerPotion"},{"floor":47,"key":"Regen Potion"},{"floor":48,"key":"Fire Potion"}],"is_trial":false,"path_per_floor":["M","M","M","$","?","R","M","R","T","M","M","M","M","M","R","B",null,"M","?","$","M","$","R","?","?","T","M","M","?","R","M","R","B",null,"M","M","?","$","?","E","M","?","T","R","M","M","M","M","R","B"],"character_chosen":"THE_SILENT","items_purchased":["Footwork+1","Blur","Mummified Hand","Deflect"],"campfire_rested":4,"item_purchase_floors":[22,22,38,38],"current_hp_per_floor":[51,47,47,47,47,47,31,56,56,56,46,37,37,33,58,37,72,71,81,81,81,81,81,81,81,81,75,59,59,59,49,77,52,84,81,78,78,78,78,86,56,94,94,94,87,76,64,42,91,9],"gold":253,"neow_bonus":"TWENTY_PERCENT_HP_BONUS","is_prod":false,"is_daily":false,"chose_seed":false,"campfire_upgraded":4,"win_rate":0,"timestamp":1537986876,"path_taken":["M","M","M","?","?","R","M","R","T","M","M","M","M","M","R","BOSS","M","?","$","M","$","R","?","?","T","M","M","?","R","?","R","BOSS","M","M","?","$","?","E","M","?","T","R","M","M","?","?","R","BOSS"],"build_version":"2018-09-20","purchased_purges":2,"victory":true,"max_hp_per_floor":[84,84,84,84,84,84,84,84,84,84,84,84,84,84,84,84,84,84,94,94,94,94,94,94,94,94,94,94,94,94,94,94,94,94,94,94,94,94,94,94,94,94,94,94,94,94,94,94,94,94],"card_choices":[{"not_picked":["Backflip","Dagger Spray"],"picked":"Leg Sweep","floor":1},{"not_picked":["Deflect","Blade Dance"],"picked":"Blur","floor":2},{"not_picked":["Deflect","Slice"],"picked":"Crippling Poison","floor":3},{"not_picked":["Heel Hook","Poisoned Stab"],"picked":"Deadly Poison","floor":7},{"not_picked":["Outmaneuver","Leg Sweep"],"picked":"Heel Hook","floor":10},{"not_picked":["Poisoned Stab","Dagger Spray"],"picked":"Caltrops+1","floor":11},{"not_picked":["Dagger Throw","Reflex"],"picked":"Flying Knee","floor":12},{"not_picked":["Crippling Poison","Cloak And Dagger"],"picked":"Burst","floor":13},{"not_picked":["Dagger Spray","Flying Knee"],"picked":"Backflip","floor":14},{"not_picked":["Night Terror","A Thousand Cuts+1"],"picked":"Adrenaline","floor":16},{"not_picked":["Escape Plan","All Out Attack"],"picked":"Caltrops+1","floor":17},{"not_picked":["Calculated Gamble","Dagger Throw"],"picked":"Deadly Poison","floor":17},{"not_picked":["Bane","Flying Knee"],"picked":"Deadly Poison","floor":17},{"not_picked":["Dagger Throw","Acrobatics"],"picked":"Calculated Gamble","floor":17},{"not_picked":["Dagger Throw+1","Flying Knee"],"picked":"Dodge and Roll+1","floor":18},{"not_picked":["Flying Knee+1","Poisoned Stab"],"picked":"Well Laid Plans+1","floor":21},{"not_picked":["Prepared","Envenom+1"],"picked":"Caltrops+1","floor":27},{"not_picked":["Riddle With Holes","Deadly Poison"],"picked":"Backflip+1","floor":28},{"not_picked":["Bane","Dagger Spray"],"picked":"Footwork+1","floor":31},{"not_picked":["Grand Finale","Storm of Steel"],"picked":"Bullet Time","floor":33},{"not_picked":["Concentrate","Eviscerate","Blade Dance"],"picked":"SKIP","floor":35},{"not_picked":["Blade Dance","Slice+1"],"picked":"Dodge and Roll","floor":36},{"not_picked":["Finesse","Mind Blast"],"picked":"Bandage Up","floor":37},{"not_picked":["Backflip","Choke+1","Blade Dance+1"],"picked":"SKIP","floor":40},{"not_picked":["Flechettes","Poisoned Stab+1","Riddle With Holes"],"picked":"SKIP","floor":41},{"not_picked":["Cloak And Dagger","Dagger Throw"],"picked":"Dash+1","floor":45},{"not_picked":["Noxious Fumes+1","Cloak And Dagger"],"picked":"Bane+1","floor":46},{"not_picked":["Prepared","Underhanded Strike","Flying Knee+1"],"picked":"SKIP","floor":47},{"not_picked":["Well Laid Plans+1","Tactician+1","Calculated Gamble+1"],"picked":"SKIP","floor":48}],"player_experience":2819740,"relics_obtained":[{"floor":9,"key":"Frozen Egg 2"},{"floor":26,"key":"Old Coin"},{"floor":40,"key":"Orichalcum"},{"floor":43,"key":"Bag of Preparation"}],"event_choices":[{"event_name":"Wheel of Change","player_choice":"Card Removal","floor":5,"damage_taken":0},{"event_name":"Addict","player_choice":"Obtained Relic","floor":19,"damage_taken":0},{"event_name":"Transmorgrifier","player_choice":"Transform","floor":24,"damage_taken":0},{"event_name":"The Mausoleum","player_choice":"No","floor":25,"damage_taken":0},{"event_name":"The Library","player_choice":"Read","floor":29,"damage_taken":0},{"event_name":"SensoryStone","player_choice":"Memory 1","floor":37,"damage_taken":0},{"event_name":"Mysterious Sphere","player_choice":"Ignore","floor":39,"damage_taken":0},{"event_name":"MindBloom","player_choice":"Heal","floor":42,"damage_taken":0}],"is_beta":false,"boss_relics":[{"not_picked":["Ring of the Serpent","Calling Bell"],"picked":"Orrery"},{"not_picked":["Runic Dome","Snecko Eye"],"picked":"Eternal Feather"}],"items_purged_floors":[20,38],"is_endless":false,"potions_floor_spawned":[2,3,10,13,14,18,21,33,36,41,47,48],"ascension_level":7}