{"gold_per_floor":[117,117,131,131,206,206,241,241,241,270,270,285,301,83,83,160,160,180,191,204,204,98,98,98],"floor_reached":24,"playtime":1176,"items_purged":["Strike_G"],"score":377,"play_id":"d5d28093-86b3-4fde-a92e-e9e5ef75290f","local_time":"20190209182222","is_ascension_mode":true,"campfire_choices":[{"floor":6,"key":"REST"},{"floor":8,"key":"REST"},{"floor":15,"key":"REST"},{"floor":23,"key":"REST"}],"neow_cost":"NONE","seed_source_timestamp":2506753961042735,"circlet_count":0,"master_deck":["AscendersBane","Defend_G+1","Defend_G","Defend_G","Defend_G+1","Defend_G","Strike_G","Strike_G","Strike_G","Survivor","Neutralize","Burst+1","Quick Slash","Deadly Poison","Dodge and Roll","Dash","Sucker Punch","Poisoned Stab","Footwork","PiercingWail","Malaise","Deadly Poison","Crippling Poison","Catalyst","Deflect","Noxious Fumes"],"relics":["Ring of the Snake","War Paint","Paper Crane","Girya","Ginger","Sozu"],"potions_floor_usage":[7,10,16,20],"damage_taken":[{"damage":8,"enemies":"Small Slimes","floor":1,"turns":7},{"damage":0,"enemies":"2 Louse","floor":3,"turns":5},{"damage":35,"enemies":"Gremlin Nob","floor":7,"turns":5},{"damage":12,"enemies":"Lagavulin","floor":10,"turns":9},{"damage":0,"enemies":"Jaw Worm","floor":12,"turns":5},{"damage":1,"enemies":"Looter","floor":13,"turns":3},{"damage":12,"enemies":"Hexaghost","floor":16,"turns":10},{"damage":5,"enemies":"Chosen","floor":18,"turns":10},{"damage":20,"enemies":"Spheric Guardian","floor":19,"turns":5},{"damage":6,"enemies":"Centurion and Healer","floor":20,"turns":11},{"damage":46,"enemies":"Slavers","floor":24,"turns":5}],"seed_played":"6186438303104509733","potions_obtained":[{"floor":1,"key":"SkillPotion"},{"floor":7,"key":"GhostInAJar"},{"floor":12,"key":"PowerPotion"},{"floor":13,"key":"Poison Potion"}],"is_trial":false,"path_per_floor":["M","?","M","?","?","R","E","R","T","E","T","M","M","$","R","B",null,"M","M","M","?","$","R","E"],"character_chosen":"THE_SILENT","items_purchased":["Footwork","PiercingWail","Deflect","Noxious Fumes"],"campfire_rested":4,"item_purchase_floors":[14,14,22,22],"current_hp_per_floor":[51,44,44,44,33,52,17,36,36,24,24,24,23,23,42,30,57,52,32,26,26,26,45,0],"gold":98,"neow_bonus":"ONE_RANDOM_RARE_CARD","is_prod":false,"is_daily":false,"chose_seed":false,"campfire_upgraded":0,"win_rate":0,"timestamp":1549754542,"path_taken":["M","?","M","?","?","R","E","R","T","E","?","M","M","$","R","BOSS","M","M","M","?","$","R","E"],"build_version":"2019-01-23","purchased_purges":1,"victory":false,"max_hp_per_floor":[66,66,66,66,66,66,66,66,66,66,66,66,66,66,66,66,66,66,66,66,66,66,66,66],"card_choices":[{"not_picked":["Expertise","Calculated Gamble"],"picked":"Quick Slash","floor":1},{"not_picked":["Finisher","Flying Knee"],"picked":"Deadly Poison","floor":3},{"not_picked":["Masterful Stab","Tactician"],"picked":"Dodge and Roll","floor":7},{"not_picked":["Deflect","Prepared"],"picked":"Dash","floor":10},{"not_picked":["Endless Agony","Eviscerate"],"picked":"Sucker Punch","floor":12},{"not_picked":["Backflip","Eviscerate"],"picked":"Poisoned Stab","floor":13},{"not_picked":["Night Terror","Glass Knife"],"picked":"Malaise","floor":16},{"not_picked":["Calculated Gamble+1","Poisoned Stab"],"picked":"Deadly Poison","floor":18},{"not_picked":["Blade Dance","Quick Slash","Dagger Spray"],"picked":"SKIP","floor":19},{"not_picked":["Outmaneuver","Accuracy"],"picked":"Crippling Poison","floor":20}],"player_experience":548496,"relics_obtained":[{"floor":7,"key":"War Paint"},{"floor":9,"key":"Paper Crane"},{"floor":10,"key":"Girya"},{"floor":11,"key":"Ginger"}],"event_choices":[{"cards_removed":["Strike_G"],"damage_healed":0,"gold_gain":0,"player_choice":"Card Removal","damage_taken":7,"max_hp_gain":0,"max_hp_loss":0,"event_name":"Golden Wing","floor":2,"gold_loss":0},{"damage_healed":0,"gold_gain":0,"player_choice":"Grow","damage_taken":0,"max_hp_gain":0,"max_hp_loss":0,"event_name":"Living Wall","floor":4,"gold_loss":0,"cards_upgraded":["Burst"]},{"damage_healed":0,"gold_gain":75,"player_choice":"Gather Gold","damage_taken":11,"max_hp_gain":0,"max_hp_loss":0,"event_name":"World of Goop","floor":5,"gold_loss":0},{"damage_healed":0,"gold_gain":0,"player_choice":"Read","damage_taken":0,"max_hp_gain":0,"max_hp_loss":0,"event_name":"The Library","floor":21,"gold_loss":0,"cards_obtained":["Catalyst"]}],"is_beta":false,"boss_relics":[{"not_picked":["White Beast Statue","Pandora\u0027s Box"],"picked":"Sozu"}],"items_purged_floors":[14],"is_endless":false,"potions_floor_spawned":[1,7,12,13,19,20],"killed_by":"Slavers","ascension_level":17}