{"gold_per_floor":[112,122,43,8,28,28,48,48,125,125,153,37,37,70,70,147,147,165,165,215,225,242,242,258,258,258,278,178,213,213,232,232,232],"floor_reached":33,"playtime":1012,"items_purged":["Strike_B","Strike_B+1"],"score":550,"play_id":"3d11d0e6-d2dd-4812-ab86-a5c33b25eec3","local_time":"20181014095244","is_ascension_mode":true,"campfire_choices":[{"data":"Darkness","floor":6,"key":"SMITH"},{"data":"Doom and Gloom","floor":8,"key":"SMITH"},{"floor":13,"key":"REST"},{"data":"Capacitor","floor":15,"key":"SMITH"},{"data":"Chaos","floor":23,"key":"SMITH"},{"floor":25,"key":"REST"},{"floor":32,"key":"REST"}],"neow_cost":"TEN_PERCENT_HP_LOSS","seed_source_timestamp":218677020509504,"circlet_count":0,"master_deck":["Strike_B+1","Strike_B+1","Defend_B+1","Defend_B+1","Defend_B+1","Defend_B+1","Zap","Dualcast","AscendersBane","Core Surge","Beam Cell","Darkness+1","Doom and Gloom+1","Auto Shields","Capacitor+1","White Noise","Multi-Cast","Self Repair+1","Conserve Battery","Chaos+1","Leap+1","Storm"],"relics":["Cracked Core","Pear","Happy Flower","Thread and Needle","Orichalcum","Lizard Tail","Bronze Scales","Molten Egg 2"],"potions_floor_usage":[14,21,29,29,33,33],"damage_taken":[{"damage":0,"enemies":"Cultist","floor":1,"turns":3},{"damage":5,"enemies":"Small Slimes","floor":2,"turns":3},{"damage":5,"enemies":"2 Louse","floor":5,"turns":2},{"damage":18,"enemies":"Exordium Wildlife","floor":7,"turns":3},{"damage":20,"enemies":"3 Sentries","floor":11,"turns":5},{"damage":2,"enemies":"Gremlin Nob","floor":14,"turns":3},{"damage":39,"enemies":"Hexaghost","floor":16,"turns":8},{"damage":24,"enemies":"Shell Parasite","floor":18,"turns":4},{"damage":1,"enemies":"Spheric Guardian","floor":21,"turns":3},{"damage":48,"enemies":"Snecko","floor":22,"turns":7},{"damage":26,"enemies":"3 Cultists","floor":24,"turns":6},{"damage":22,"enemies":"Centurion and Healer","floor":27,"turns":5},{"damage":25,"enemies":"Book of Stabbing","floor":29,"turns":5},{"damage":0,"enemies":"Chosen and Byrds","floor":31,"turns":3},{"damage":72,"enemies":"Collector","floor":33,"turns":8}],"seed_played":"-1330317537103794895","potions_obtained":[{"floor":2,"key":"AttackPotion"},{"floor":5,"key":"Explosive Potion"},{"floor":22,"key":"LiquidBronze"},{"floor":27,"key":"Weak Potion"},{"floor":29,"key":"Strength Potion"},{"floor":31,"key":"SteroidPotion"}],"is_trial":false,"path_per_floor":["M","M","$","?","M","R","M","R","T","?","E","$","R","E","R","B",null,"M","?","?","M","M","R","M","R","T","M","$","E","?","M","R"],"character_chosen":"DEFECT","items_purchased":["Doom and Gloom","Capacitor"],"campfire_rested":3,"item_purchase_floors":[3,12],"current_hp_per_floor":[64,59,59,64,59,59,41,41,51,40,20,20,42,40,40,1,56,32,32,32,41,47,47,31,53,53,41,41,26,26,36,58,0],"gold":232,"neow_bonus":"THREE_RARE_CARDS","is_prod":false,"is_daily":false,"chose_seed":false,"campfire_upgraded":4,"win_rate":0,"timestamp":1539525164,"path_taken":["M","M","?","?","M","R","M","R","T","?","E","$","R","E","R","BOSS","M","?","?","M","?","R","M","R","T","M","$","E","?","M","R","BOSS"],"build_version":"2018-10-11","purchased_purges":2,"victory":false,"max_hp_per_floor":[64,64,64,64,64,64,64,64,74,74,74,74,74,74,74,74,74,74,74,74,74,74,74,74,74,74,74,74,74,74,74,74,74],"card_choices":[{"not_picked":["Reboot","Machine Learning"],"picked":"Core Surge","floor":0},{"not_picked":["Turbo","Sweeping Beam"],"picked":"Beam Cell","floor":1},{"not_picked":["Streamline","Leap"],"picked":"Darkness","floor":2},{"not_picked":["Barrage","Beam Cell"],"picked":"Auto Shields","floor":5},{"not_picked":["Beam Cell","Stack","Blizzard"],"picked":"SKIP","floor":7},{"not_picked":["Scrape","Cold Snap","Consume"],"picked":"SKIP","floor":11},{"not_picked":["Blizzard","Stack"],"picked":"White Noise","floor":14},{"not_picked":["Reboot","Seek"],"picked":"Multi-Cast","floor":16},{"not_picked":["Go for the Eyes","Streamline"],"picked":"Self Repair+1","floor":18},{"not_picked":["Melter+1","Ball Lightning"],"picked":"Conserve Battery","floor":21},{"not_picked":["Gash","Steam Power+1"],"picked":"Chaos","floor":22},{"not_picked":["Rebound","Loop","Hologram"],"picked":"SKIP","floor":24},{"not_picked":["Genetic Algorithm","Hello World"],"picked":"Leap+1","floor":27},{"not_picked":["Coolheaded","Doom and Gloom","Rebound"],"picked":"SKIP","floor":29},{"not_picked":["Double Energy","Coolheaded"],"picked":"Storm","floor":31}],"player_experience":489731,"relics_obtained":[{"floor":9,"key":"Pear"},{"floor":11,"key":"Thread and Needle"},{"floor":14,"key":"Orichalcum"},{"floor":26,"key":"Bronze Scales"},{"floor":29,"key":"Molten Egg 2"}],"event_choices":[{"event_name":"The Cleric","player_choice":"Healed","floor":4,"damage_taken":0},{"event_name":"Scrap Ooze","player_choice":"success","floor":10,"damage_taken":11},{"event_name":"Back to Basics","player_choice":"Simplicity","floor":19,"damage_taken":0},{"event_name":"Nest","player_choice":"Stole From Cult","floor":20,"damage_taken":0},{"event_name":"Vampires","player_choice":"Ignored","floor":30,"damage_taken":0}],"is_beta":true,"boss_relics":[{"not_picked":["Black Star","Eternal Feather"],"picked":"Lizard Tail"}],"items_purged_floors":[12,28],"is_endless":false,"potions_floor_spawned":[2,5,7,22,27,29,31],"killed_by":"Collector","ascension_level":20}