{"gold_per_floor":[115,130,148,98,114,114,131,131,182,182,212,212,227,227,227,327,327,341,256,256,256,274,274,305,305,305,86,86],"floor_reached":28,"playtime":1413,"items_purged":["Strike_G"],"score":341,"play_id":"16016512-9a2c-4eec-a3f5-7f761dd598ed","local_time":"20190207114511","is_ascension_mode":true,"campfire_choices":[{"data":"Phantasmal Killer","floor":6,"key":"SMITH"},{"data":"Neutralize","floor":8,"key":"SMITH"},{"floor":10,"key":"REST"},{"data":"Noxious Fumes","floor":15,"key":"SMITH"},{"floor":23,"key":"REST"}],"neow_cost":"NONE","seed_source_timestamp":1109527704400832,"circlet_count":0,"master_deck":["Defend_G","Defend_G","Defend_G","Defend_G","Strike_G","Strike_G","Strike_G","Survivor","Neutralize+1","Phantasmal Killer+1","Terror+1","Noxious Fumes+1","Acrobatics+1","Burst","Outmaneuver+1","Crippling Poison","Deadly Poison","Backflip+1","Ghostly","Ghostly","Ghostly","Ghostly","Ghostly"],"relics":["Ring of the Snake","Happy Flower","NlothsMask","Cursed Key","Kunai","Boot","Vajra"],"potions_floor_usage":[28,28,28],"damage_taken":[{"damage":0,"enemies":"2 Louse","floor":1,"turns":4},{"damage":0,"enemies":"Cultist","floor":2,"turns":3},{"damage":0,"enemies":"Small Slimes","floor":3,"turns":3},{"damage":6,"enemies":"Looter","floor":5,"turns":4},{"damage":10,"enemies":"Red Slaver","floor":7,"turns":4},{"damage":0,"enemies":"Large Slime","floor":13,"turns":4},{"damage":17,"enemies":"The Guardian","floor":16,"turns":13},{"damage":15,"enemies":"Shell Parasite","floor":18,"turns":5},{"damage":23,"enemies":"2 Thieves","floor":22,"turns":5},{"damage":41,"enemies":"Gremlin Leader","floor":24,"turns":6},{"damage":21,"enemies":"Cultist and Chosen","floor":28,"turns":4}],"seed_played":"-7326365394178425084","potions_obtained":[{"floor":1,"key":"Explosive Potion"},{"floor":2,"key":"PowerPotion"},{"floor":16,"key":"EssenceOfSteel"}],"is_trial":false,"path_per_floor":["M","M","M","?","M","R","M","R","T","R","?","?","M","?","R","B",null,"M","?","?","?","M","R","E","?","T","$","M"],"character_chosen":"THE_SILENT","items_purchased":["Vajra"],"campfire_rested":2,"item_purchase_floors":[27],"current_hp_per_floor":[63,63,63,63,57,57,47,47,47,68,68,68,68,54,54,37,62,47,47,47,47,24,45,4,4,4,4,0],"gold":86,"neow_bonus":"TRANSFORM_CARD","is_prod":false,"is_daily":false,"chose_seed":false,"campfire_upgraded":3,"win_rate":0,"timestamp":1549536311,"path_taken":["M","M","M","?","M","R","M","R","T","R","?","?","?","?","R","BOSS","M","?","?","?","?","R","E","?","T","$","M"],"build_version":"2019-01-23","purchased_purges":1,"victory":false,"max_hp_per_floor":[70,70,70,70,70,70,70,70,70,70,70,70,70,70,70,70,70,70,70,70,70,70,70,70,35,35,35,35],"card_choices":[{"not_picked":["Dagger Throw","Flying Knee"],"picked":"Terror","floor":1},{"not_picked":["Slice","Poisoned Stab","Reflex"],"picked":"SKIP","floor":2},{"not_picked":["Deadly Poison","Dagger Spray"],"picked":"Noxious Fumes","floor":3},{"not_picked":["Outmaneuver","Concentrate"],"picked":"Acrobatics","floor":5},{"not_picked":["Expertise","Dagger Throw","Flying Knee"],"picked":"SKIP","floor":7},{"not_picked":["Slice","Distraction","Expertise"],"picked":"SKIP","floor":13},{"not_picked":["Wraith Form v2","Die Die Die"],"picked":"Burst","floor":16},{"not_picked":["Sucker Punch","Flying Knee"],"picked":"Outmaneuver+1","floor":18},{"not_picked":["PiercingWail","Acrobatics"],"picked":"Deadly Poison","floor":22},{"not_picked":["Wraith Form v2","Dodge and Roll"],"picked":"Backflip+1","floor":24}],"player_experience":266321,"relics_obtained":[{"floor":9,"key":"Happy Flower"},{"floor":24,"key":"Boot"}],"event_choices":[{"cards_removed":["Defend_G"],"damage_healed":0,"gold_gain":0,"player_choice":"Card Removal","damage_taken":0,"max_hp_gain":0,"max_hp_loss":0,"event_name":"The Cleric","floor":4,"gold_loss":50},{"damage_healed":0,"gold_gain":30,"player_choice":"Searched \u00271\u0027 times","damage_taken":0,"max_hp_gain":0,"max_hp_loss":0,"event_name":"Dead Adventurer","floor":11,"gold_loss":0},{"damage_healed":0,"gold_gain":0,"player_choice":"Trade","damage_taken":0,"relics_obtained":["NlothsMask"],"max_hp_gain":0,"max_hp_loss":0,"event_name":"FaceTrader","floor":12,"gold_loss":0},{"damage_healed":0,"gold_gain":0,"player_choice":"Entered Light","damage_taken":14,"max_hp_gain":0,"max_hp_loss":0,"event_name":"Shining Light","floor":14,"gold_loss":0,"cards_upgraded":["Terror","Acrobatics"]},{"damage_healed":0,"gold_gain":0,"player_choice":"Obtained Relic","damage_taken":0,"relics_obtained":["Kunai"],"max_hp_gain":0,"max_hp_loss":0,"event_name":"Addict","floor":19,"gold_loss":85},{"damage_healed":0,"gold_gain":0,"player_choice":"Read","damage_taken":0,"max_hp_gain":0,"max_hp_loss":0,"event_name":"The Library","floor":20,"gold_loss":0,"cards_obtained":["Crippling Poison"]},{"damage_healed":0,"gold_gain":0,"player_choice":"0 cards matched","damage_taken":0,"max_hp_gain":0,"max_hp_loss":0,"event_name":"Match and Keep!","floor":21,"gold_loss":0,"cards_obtained":[]},{"damage_healed":0,"gold_gain":0,"player_choice":"Became a Ghost","damage_taken":0,"max_hp_gain":0,"max_hp_loss":35,"event_name":"Ghosts","floor":25,"gold_loss":0,"cards_obtained":["Ghostly","Ghostly","Ghostly","Ghostly","Ghostly"]}],"is_beta":false,"boss_relics":[{"not_picked":["Lizard Tail","White Beast Statue"],"picked":"Cursed Key"}],"items_purged_floors":[27],"is_endless":false,"potions_floor_spawned":[1,2,16,18,24],"killed_by":"Cultist and Chosen","ascension_level":8}