{"gold_per_floor":[365,382,396,411,130,163,183,183,183,209,17,0,0,18,18,118,118,128,128,128,140,153,153,166,166,211,230,130,150,124,124,124,224,224,241,52,68,168,178,178,204,214,263,42,59,106,0,0,0,0],"floor_reached":50,"playtime":32406,"items_purged":["Strike_B","Strike_B+1"],"score":585,"play_id":"cd347d4c-0b89-401b-bbe3-2b794068bb7b","local_time":"20190208121330","is_ascension_mode":true,"campfire_choices":[{"floor":8.0,"key":"REST"},{"floor":15.0,"key":"REST"},{"floor":23.0,"key":"RECALL"},{"floor":25.0,"key":"REST"},{"floor":32.0,"key":"REST"},{"floor":40.0,"key":"REST"},{"floor":49.0,"key":"REST"}],"neow_cost":"PERCENT_DAMAGE","seed_source_timestamp":0,"circlet_count":0,"master_deck":["Strike_B+1","Defend_B+1","Defend_B+1","Defend_B+1","Defend_B+1","Zap","Dualcast","Steam","Gash","Turbo","Chill","Mind Blast","Impervious","Steam","Apotheosis","Streamline","All For One","Leap","Shrug It Off+1","Gash","Scrape","Buffer","Streamline","Corpse Explosion","Ball Lightning","Violence","Backstab","Steam+1","Redo+1","Gash+1"],"special_seed":0,"relics":["Cracked Core","PrismaticShard","Shuriken","Mummified Hand","Thread and Needle","Black Star","Nuclear Battery","Girya","Question Card","Smiling Mask","Strawberry","Anchor","Mango","Red Mask"],"potions_floor_usage":[50],"damage_taken":[{"damage":0.0,"enemies":"Cultist","floor":1.0,"turns":4.0},{"damage":1.0,"enemies":"Small Slimes","floor":2.0,"turns":3.0},{"damage":2.0,"enemies":"2 Louse","floor":3.0,"turns":2.0},{"damage":0.0,"enemies":"Lots of Slimes","floor":4.0,"turns":1.0},{"damage":27.0,"enemies":"Lagavulin","floor":6.0,"turns":10.0},{"damage":18.0,"enemies":"Large Slime","floor":7.0,"turns":5.0},{"damage":20.0,"enemies":"3 Sentries","floor":10.0,"turns":10.0},{"damage":0.0,"enemies":"Exordium Thugs","floor":13.0,"turns":1.0},{"damage":0.0,"enemies":"2 Fungi Beasts","floor":14.0,"turns":5.0},{"damage":20.0,"enemies":"Slime Boss","floor":16.0,"turns":8.0},{"damage":7.0,"enemies":"Spheric Guardian","floor":18.0,"turns":5.0},{"damage":12.0,"enemies":"Chosen","floor":21.0,"turns":6.0},{"damage":12.0,"enemies":"Snake Plant","floor":22.0,"turns":4.0},{"damage":2.0,"enemies":"Centurion and Healer","floor":24.0,"turns":8.0},{"damage":5.0,"enemies":"Sentry and Sphere","floor":27.0,"turns":6.0},{"damage":0.0,"enemies":"Snake Plant","floor":29.0,"turns":5.0},{"damage":48.0,"enemies":"Collector","floor":33.0,"turns":12.0},{"damage":11.0,"enemies":"3 Darklings","floor":35.0,"turns":4.0},{"damage":0.0,"enemies":"3 Shapes","floor":37.0,"turns":5.0},{"damage":7.0,"enemies":"Mind Bloom Boss Battle","floor":38.0,"turns":7.0},{"damage":29.0,"enemies":"Maw","floor":39.0,"turns":8.0},{"damage":5.0,"enemies":"Nemesis","floor":41.0,"turns":5.0},{"damage":15.0,"enemies":"3 Darklings","floor":42.0,"turns":4.0},{"damage":4.0,"enemies":"Sphere and 2 Shapes","floor":45.0,"turns":6.0},{"damage":45.0,"enemies":"2 Orb Walkers","floor":46.0,"turns":7.0},{"damage":68,"enemies":"Awakened One","floor":50,"turns":15}],"seed_played":"-3941296404612756247","potions_obtained":[{"floor":1.0,"key":"PowerPotion"},{"floor":6.0,"key":"AttackPotion"},{"floor":10.0,"key":"SmokeBomb"},{"floor":14.0,"key":"SpeedPotion"},{"floor":16.0,"key":"SpeedPotion"},{"floor":18.0,"key":"SpeedPotion"},{"floor":21.0,"key":"FairyPotion"},{"floor":22.0,"key":"Strength Potion"},{"floor":37.0,"key":"Dexterity Potion"},{"floor":41.0,"key":"Dexterity Potion"},{"floor":46.0,"key":"Block Potion"}],"is_trial":false,"path_per_floor":["M","M","M","M","$","E","M","R","T","E","$","?","M","M","R","B",null,"M","?","?","M","M","R","M","R","T","M","$","M","$","?","R","B",null,"M","$","M","?","M","R","E","M","T","$","M","?","?","$","R","B"],"character_chosen":"DEFECT","items_purchased":["PrismaticShard","Apotheosis","Streamline","Violence","Anchor","Regen Potion"],"campfire_rested":6,"item_purchase_floors":[5,11,30,36,44,44],"current_hp_per_floor":[54,53,51,51,51,24,6,28,28,8,8,8,8,8,30,10,75,68,68,68,56,44,44,42,64,64,59,59,59,59,59,75,27,75,64,64,64,57,28,50,45,30,37,37,48,17,17,17,45,0],"gold":0,"neow_bonus":"TWO_FIFTY_GOLD","is_prod":false,"is_daily":false,"chose_seed":false,"campfire_upgraded":0,"win_rate":0,"timestamp":1549624410,"path_taken":["M","M","M","?","$","E","M","R","T","E","$","?","M","M","R","BOSS","M","?","?","M","M","R","M","R","T","?","$","M","$","?","R","BOSS","M","$","M","?","M","R","E","M","T","$","M","?","?","$","R","BOSS"],"build_version":"2019-01-23","purchased_purges":2,"victory":false,"max_hp_per_floor":[75,75,75,75,75,75,75,75,75,75,75,75,75,75,75,75,75,75,75,75,75,75,75,75,75,75,75,75,75,75,75,75,75,75,75,75,75,75,75,75,75,75,82,82,82,96,96,96,96,96],"card_choices":[{"not_picked":["FTL","Conserve Battery"],"picked":"Steam","floor":1.0},{"not_picked":["Heatsinks","Skim"],"picked":"Gash","floor":2.0},{"not_picked":["Force Field","Barrage"],"picked":"Turbo","floor":3.0},{"not_picked":["Fusion","Coolheaded"],"picked":"Chill","floor":4.0},{"not_picked":["Whirlwind","Enlightenment"],"picked":"Mind Blast","floor":6.0},{"not_picked":["Caltrops","PiercingWail"],"picked":"Impervious","floor":7.0},{"not_picked":["Acrobatics","Streamline"],"picked":"Steam","floor":10.0},{"not_picked":["Turbo","Noxious Fumes"],"picked":"Streamline","floor":14.0},{"not_picked":["Berserk","Doppelganger"],"picked":"All For One","floor":16.0},{"not_picked":["Iron Wave","Bane"],"picked":"Leap","floor":18.0},{"not_picked":["Entrench","Iron Wave","Conserve Battery"],"picked":"SKIP","floor":21.0},{"not_picked":["Barrage+1","Compile Driver"],"picked":"Shrug It Off+1","floor":22.0},{"not_picked":["Chaos","Cold Snap"],"picked":"Gash","floor":24.0},{"not_picked":["Clash","Backflip"],"picked":"Scrape","floor":27.0},{"not_picked":["Warcry","Recycle+1"],"picked":"Buffer","floor":29.0},{"not_picked":["Envenom","Secret Technique"],"picked":"Corpse Explosion","floor":33.0},{"not_picked":["Leap+1","Warcry+1"],"picked":"Ball Lightning","floor":35.0},{"not_picked":["Sentinel+1","Pummel+1","Genetic Algorithm+1"],"picked":"SKIP","floor":37.0},{"not_picked":["Reckless Charge","Infinite Blades"],"picked":"Backstab","floor":39.0},{"not_picked":["Quick Slash","Cold Snap+1"],"picked":"Steam+1","floor":41.0},{"not_picked":["Outmaneuver+1","Headbutt","Turbo+1","Static Discharge+1"],"picked":"SKIP","floor":42.0},{"not_picked":["Flex+1","Power Through+1","White Noise"],"picked":"Redo+1","floor":45.0},{"not_picked":["Deflect+1","Unload","Consume"],"picked":"Gash+1","floor":46.0}],"player_experience":241728,"relics_obtained":[{"floor":6.0,"key":"Shuriken"},{"floor":9.0,"key":"Mummified Hand"},{"floor":10.0,"key":"Thread and Needle"},{"floor":38.0,"key":"Girya"},{"floor":41.0,"key":"Question Card"},{"floor":41.0,"key":"Smiling Mask"},{"floor":43.0,"key":"Strawberry"},{"floor":46.0,"key":"Mango"}],"event_choices":[{"damage_healed":0.0,"max_hp_gain":0.0,"max_hp_loss":0.0,"gold_gain":0.0,"event_name":"World of Goop","player_choice":"Left Gold","floor":12.0,"gold_loss":17.0,"damage_taken":0.0},{"damage_healed":0.0,"max_hp_gain":0.0,"max_hp_loss":0.0,"gold_gain":0.0,"event_name":"Back to Basics","player_choice":"Simplicity","floor":19.0,"gold_loss":0.0,"damage_taken":0.0,"cards_upgraded":["Strike_B","Strike_B","Strike_B","Defend_B","Defend_B","Defend_B","Defend_B"]},{"cards_removed":["Strike_B"],"damage_healed":0.0,"max_hp_gain":0.0,"max_hp_loss":0.0,"gold_gain":0.0,"event_name":"Bonfire Elementals","player_choice":"Offered Basic","floor":20.0,"gold_loss":0.0,"damage_taken":0.0},{"damage_healed":0.0,"max_hp_gain":0.0,"max_hp_loss":0.0,"gold_gain":0.0,"event_name":"Transmorgrifier","player_choice":"Ignored","floor":31.0,"gold_loss":0.0,"damage_taken":0.0},{"damage_healed":0.0,"max_hp_gain":0.0,"max_hp_loss":0.0,"gold_gain":0.0,"event_name":"MindBloom","player_choice":"Fight","floor":38.0,"gold_loss":0.0,"damage_taken":0.0},{"damage_healed":0.0,"max_hp_gain":0.0,"max_hp_loss":0.0,"gold_gain":0.0,"event_name":"Mysterious Sphere","player_choice":"Fight","floor":46.0,"gold_loss":0.0,"damage_taken":0.0},{"damage_healed":0.0,"max_hp_gain":0.0,"max_hp_loss":0.0,"gold_gain":0.0,"event_name":"Tomb of Lord Red Mask","player_choice":"Paid","floor":47.0,"gold_loss":106.0,"damage_taken":0.0,"relics_obtained":["Red Mask"]}],"is_beta":false,"boss_relics":[{"not_picked":["Snecko Eye","White Beast Statue"],"picked":"Black Star"},{"not_picked":["Astrolabe","Calling Bell"],"picked":"Nuclear Battery"}],"items_purged_floors":[5,28],"is_endless":false,"potions_floor_spawned":[1,6,10,14,16,18,21,22,37,41,46],"killed_by":"Awakened One","ascension_level":2}