{"gold_per_floor":[16,28,203,51,51,51,82,111,172,184,213,243,282,294,306,318],"floor_reached":16,"playtime":1002,"items_purged":[],"score":138,"play_id":"e04ef737-6e08-42ef-a84b-d1d3326214ec","local_time":"20190208134034","is_ascension_mode":true,"campfire_choices":[{"data":"Neutralize","floor":6,"key":"SMITH"},{"floor":15,"key":"REST"}],"neow_cost":"NO_GOLD","seed_source_timestamp":357142419770091,"circlet_count":0,"master_deck":["Defend_G","Defend_G","Defend_G","Defend_G","Defend_G","Strike_G","Strike_G","Strike_G","Strike_G","Strike_G","Survivor","Neutralize+1","Adrenaline","Quick Slash","Underhanded Strike","Malaise","Backstab","Calculated Gamble","Footwork","Prepared"],"relics":["Ring of the Snake","Bag of Preparation","MawBank","Centennial Puzzle","Darkstone Periapt","Unceasing Top"],"potions_floor_usage":[13,13,16],"damage_taken":[{"damage":2,"enemies":"2 Louse","floor":1,"turns":3},{"damage":0,"enemies":"Cultist","floor":2,"turns":3},{"damage":11,"enemies":"Gremlin Nob","floor":7,"turns":4},{"damage":3,"enemies":"Jaw Worm","floor":8,"turns":5},{"damage":0,"enemies":"Blue Slaver","floor":11,"turns":4},{"damage":0,"enemies":"Looter","floor":12,"turns":3},{"damage":20,"enemies":"3 Sentries","floor":13,"turns":6},{"damage":49,"enemies":"Hexaghost","floor":16,"turns":18}],"seed_played":"4058536882783086944","potions_obtained":[{"floor":11,"key":"Explosive Potion"},{"floor":12,"key":"GamblersBrew"},{"floor":13,"key":"Energy Potion"}],"is_trial":false,"path_per_floor":["M","M","?","$","?","R","E","M","T","?","M","M","E","T","R","B"],"character_chosen":"THE_SILENT","items_purchased":["Bag of Preparation"],"campfire_rested":1,"item_purchase_floors":[4],"current_hp_per_floor":[68,68,68,68,61,61,50,47,47,47,47,47,27,27,48,0],"gold":318,"neow_bonus":"THREE_RARE_CARDS","is_prod":false,"is_daily":false,"chose_seed":false,"campfire_upgraded":1,"win_rate":0,"timestamp":1549611634,"path_taken":["M","M","?","$","?","R","E","?","T","?","M","M","E","?","R","BOSS"],"build_version":"2019-01-23","purchased_purges":0,"victory":false,"max_hp_per_floor":[70,70,70,70,70,70,70,70,70,70,70,70,70,70,70,70],"card_choices":[{"not_picked":["Die Die Die","Phantasmal Killer"],"picked":"Adrenaline","floor":0},{"not_picked":["Prepared","Outmaneuver"],"picked":"Quick Slash","floor":1},{"not_picked":["Backflip","Dagger Spray"],"picked":"Underhanded Strike","floor":2},{"not_picked":["Bane","PiercingWail"],"picked":"Malaise","floor":7},{"not_picked":["PiercingWail","Sucker Punch"],"picked":"Backstab","floor":8},{"not_picked":["Footwork","Cloak And Dagger"],"picked":"Calculated Gamble","floor":11},{"not_picked":["Sucker Punch","Bouncing Flask"],"picked":"Footwork","floor":12},{"not_picked":["Poisoned Stab","Masterful Stab"],"picked":"Prepared","floor":13}],"player_experience":754116,"relics_obtained":[{"floor":7,"key":"MawBank"},{"floor":9,"key":"Centennial Puzzle"},{"floor":13,"key":"Darkstone Periapt"},{"floor":14,"key":"Unceasing Top"}],"event_choices":[{"damage_healed":0,"gold_gain":175,"player_choice":"AGREE","damage_taken":0,"max_hp_gain":0,"max_hp_loss":0,"event_name":"Liars Game","floor":3,"gold_loss":0,"cards_obtained":["Doubt"]},{"damage_healed":0,"gold_gain":0,"player_choice":"Damaged","damage_taken":7,"max_hp_gain":0,"max_hp_loss":0,"event_name":"Wheel of Change","floor":5,"gold_loss":0},{"cards_removed":["Doubt"],"damage_healed":0,"gold_gain":0,"player_choice":"Forget","damage_taken":0,"max_hp_gain":0,"max_hp_loss":0,"event_name":"Living Wall","floor":10,"gold_loss":0}],"is_beta":false,"boss_relics":[],"items_purged_floors":[],"is_endless":false,"potions_floor_spawned":[11,12,13],"killed_by":"Hexaghost","ascension_level":5}