{"gold_per_floor":[116,116,131,131,131,131,459,487,487,264,283,310,310,339,339,440,440,451,464,464,476,224,250,250,285,285,32,59,59,79,96,96,196,196,212,212,261,288,86,116,141,53,53,86,86,0,0,12,12,12],"floor_reached":51,"playtime":5378,"items_purged":["Strike_R","Doubt"],"score":941,"play_id":"d06623c1-d15e-45e4-bb51-097cab5b2e85","local_time":"20190103181719","is_ascension_mode":true,"campfire_choices":[{"data":"Bash","floor":6,"key":"SMITH"},{"data":"Inflame","floor":13,"key":"SMITH"},{"data":"Sword Boomerang","floor":15,"key":"SMITH"},{"data":"Twin Strike","floor":24,"key":"SMITH"},{"data":"Heavy Blade","floor":32,"key":"SMITH"},{"data":"Offering","floor":45,"key":"SMITH"},{"data":"Battle Trance","floor":47,"key":"SMITH"},{"data":"Strike_R","floor":49,"key":"SMITH"}],"neow_cost":"NONE","seed_source_timestamp":1125178405447386,"circlet_count":0,"master_deck":["Strike_R","Strike_R","Strike_R+1","Defend_R","Defend_R+1","Defend_R+1","Bash+1","Inflame+1","Twin Strike+1","Battle Trance+1","Inflame+1","Sword Boomerang+1","Reaper","Injury","Clumsy","Inflame+1","Heavy Blade+1","Heavy Blade+1","Offering+1","Injury","Decay"],"relics":["Burning Blood","Old Coin","Odd Mushroom","Mango","Happy Flower","Turnip","Incense Burner","Calling Bell","Bronze Scales","Pear","Du-Vu Doll","Pantograph","Potion Belt","Strawberry","Question Card","Paper Frog","Matryoshka","Cursed Key","Magic Flower","Vajra","Oddly Smooth Stone","HandDrill","MawBank","Omamori","Blue Candle","Gambling Chip","Red Mask"],"potions_floor_usage":[18,23,28,37,44,50],"damage_taken":[{"damage":5,"enemies":"Jaw Worm","floor":1,"turns":4},{"damage":2,"enemies":"Small Slimes","floor":3,"turns":6},{"damage":17,"enemies":"3 Sentries","floor":7,"turns":8},{"damage":10,"enemies":"The Mushroom Lair","floor":8,"turns":4},{"damage":0,"enemies":"Cultist","floor":11,"turns":2},{"damage":8,"enemies":"Gremlin Nob","floor":12,"turns":3},{"damage":23,"enemies":"Lagavulin","floor":14,"turns":4},{"damage":18,"enemies":"Hexaghost","floor":16,"turns":5},{"damage":10,"enemies":"2 Thieves","floor":18,"turns":3},{"damage":0,"enemies":"Spheric Guardian","floor":19,"turns":2},{"damage":16,"enemies":"Snake Plant","floor":21,"turns":3},{"damage":31,"enemies":"Gremlin Leader","floor":23,"turns":4},{"damage":13,"enemies":"Book of Stabbing","floor":25,"turns":3},{"damage":28,"enemies":"Slavers","floor":28,"turns":3},{"damage":4,"enemies":"Centurion and Healer","floor":30,"turns":4},{"damage":28,"enemies":"Shelled Parasite and Fungi","floor":31,"turns":4},{"damage":34,"enemies":"Automaton","floor":33,"turns":6},{"damage":11,"enemies":"3 Darklings","floor":35,"turns":3},{"damage":35,"enemies":"2 Orb Walkers","floor":37,"turns":4},{"damage":6,"enemies":"Giant Head","floor":40,"turns":3},{"damage":3,"enemies":"3 Shapes","floor":41,"turns":2},{"damage":16,"enemies":"Reptomancer","floor":44,"turns":3},{"damage":14,"enemies":"Spire Growth","floor":48,"turns":2},{"damage":54,"enemies":"Time Eater","floor":50,"turns":3}],"seed_played":"3834969812412581328","potions_obtained":[{"floor":8,"key":"BloodPotion"},{"floor":14,"key":"Poison Potion"},{"floor":16,"key":"SteroidPotion"},{"floor":19,"key":"Regen Potion"},{"floor":23,"key":"SkillPotion"},{"floor":30,"key":"Explosive Potion"},{"floor":33,"key":"BloodPotion"},{"floor":35,"key":"Weak Potion"},{"floor":37,"key":"SkillPotion"},{"floor":48,"key":"Ancient Potion"}],"is_trial":false,"path_per_floor":["M","?","M","?","?","R","E","?","T","$","M","E","R","E","R","B",null,"M","M","?","M","$","E","R","E","T","$","E","?","M","M","R","B",null,"M","?","?","T","$","E","M","$","T","E","R","?","R","M","R","B",null],"character_chosen":"IRONCLAD","items_purchased":["Happy Flower","Pantograph","Paper Frog","HandDrill"],"campfire_rested":0,"item_purchase_floors":[10,22,27,39],"current_hp_per_floor":[80,64,68,61,61,61,50,46,60,60,66,64,64,47,47,35,104,100,104,104,94,94,79,79,103,103,103,95,95,97,91,91,83,111,106,106,103,103,103,106,111,111,111,111,111,111,111,106,106,66],"gold":12,"neow_bonus":"TRANSFORM_CARD","is_prod":false,"is_daily":false,"chose_seed":false,"campfire_upgraded":8,"win_rate":0,"timestamp":1546561039,"path_taken":["M","?","M","?","?","R","E","?","T","$","M","E","R","E","R","BOSS","M","M","?","M","$","E","R","E","T","?","E","?","M","M","R","BOSS","M","?","?","?","$","E","?","$","T","E","R","?","R","M","R","BOSS"],"build_version":"2018-12-20","purchased_purges":2,"victory":true,"max_hp_per_floor":[80,80,80,80,80,80,80,80,94,94,94,94,94,94,94,94,104,104,104,104,104,104,104,104,111,111,111,111,111,111,111,111,111,111,111,111,111,111,111,111,111,111,111,111,111,111,111,111,111,111],"card_choices":[{"not_picked":["Clothesline","Sword Boomerang","Perfected Strike"],"picked":"SKIP","floor":1},{"not_picked":["Combust","Dual Wield"],"picked":"Twin Strike","floor":3},{"not_picked":["Thunderclap","Searing Blow"],"picked":"Battle Trance","floor":7},{"not_picked":["Shockwave","Iron Wave","Shrug It Off"],"picked":"SKIP","floor":11},{"not_picked":["Entrench","Feed"],"picked":"Inflame","floor":12},{"not_picked":["Spot Weakness","Headbutt"],"picked":"Sword Boomerang","floor":14},{"not_picked":["Bludgeon","Brutality"],"picked":"Reaper","floor":16},{"not_picked":["Spot Weakness","Intimidate","Armaments"],"picked":"SKIP","floor":18},{"not_picked":["Bloodletting","Evolve","Ghostly Armor"],"picked":"SKIP","floor":19},{"not_picked":["Flex","Thunderclap+1","Body Slam"],"picked":"SKIP","floor":21},{"not_picked":["Combust+1","Juggernaut","Shockwave"],"picked":"SKIP","floor":23},{"not_picked":["Havoc","Twin Strike","Perfected Strike"],"picked":"SKIP","floor":25},{"not_picked":["Clothesline","Havoc","Reckless Charge"],"picked":"Heavy Blade","floor":28},{"not_picked":["Feel No Pain","Clash","Hemokinesis","Perfected Strike"],"picked":"SKIP","floor":30},{"not_picked":["Wild Strike","Burning Pact","Fire Breathing+1"],"picked":"Heavy Blade+1","floor":31},{"not_picked":["Juggernaut","Immolate","Brutality"],"picked":"Offering","floor":33},{"not_picked":["Havoc+1","Spot Weakness+1","Pommel Strike+1","Headbutt"],"picked":"SKIP","floor":35},{"not_picked":["Iron Wave","Exhume","Battle Trance","True Grit"],"picked":"SKIP","floor":40},{"not_picked":["Havoc","Infernal Blade","Power Through+1","Headbutt"],"picked":"SKIP","floor":41},{"not_picked":["Hemokinesis","Heavy Blade","Power Through","Intimidate+1"],"picked":"SKIP","floor":44},{"not_picked":["Armaments","Fire Breathing+1","Clash+1","Spot Weakness+1"],"picked":"SKIP","floor":48}],"player_experience":203208,"relics_obtained":[{"floor":7,"key":"Old Coin"},{"floor":8,"key":"Odd Mushroom"},{"floor":9,"key":"Mango"},{"floor":12,"key":"Turnip"},{"floor":14,"key":"Incense Burner"},{"floor":17,"key":"Bronze Scales"},{"floor":17,"key":"Pear"},{"floor":17,"key":"Du-Vu Doll"},{"floor":23,"key":"Potion Belt"},{"floor":25,"key":"Strawberry"},{"floor":26,"key":"Question Card"},{"floor":28,"key":"Matryoshka"},{"floor":37,"key":"Magic Flower"},{"floor":38,"key":"Vajra"},{"floor":38,"key":"Oddly Smooth Stone"},{"floor":40,"key":"MawBank"},{"floor":43,"key":"Omamori"},{"floor":43,"key":"Blue Candle"},{"floor":44,"key":"Gambling Chip"}],"event_choices":[{"damage_healed":0,"gold_gain":0,"player_choice":"Entered Light","damage_taken":16,"max_hp_gain":0,"max_hp_loss":0,"event_name":"Shining Light","floor":2,"gold_loss":0,"cards_upgraded":["Defend_R","Defend_R"]},{"cards_removed":["Defend_R"],"damage_healed":0,"gold_gain":0,"player_choice":"Card Removal","damage_taken":7,"max_hp_gain":0,"max_hp_loss":0,"event_name":"Golden Wing","floor":4,"gold_loss":0},{"damage_healed":0,"gold_gain":0,"player_choice":"Grow","damage_taken":0,"max_hp_gain":0,"max_hp_loss":0,"event_name":"Living Wall","floor":5,"gold_loss":0,"cards_upgraded":["Inflame"]},{"damage_healed":0,"gold_gain":0,"player_choice":"Fought Mushrooms","damage_taken":0,"max_hp_gain":0,"max_hp_loss":0,"event_name":"Mushrooms","floor":8,"gold_loss":0},{"damage_healed":0,"gold_gain":0,"player_choice":"Copied","damage_taken":0,"max_hp_gain":0,"max_hp_loss":0,"event_name":"Duplicator","floor":20,"gold_loss":0,"cards_obtained":["Inflame"]},{"damage_healed":0,"gold_gain":0,"player_choice":"Ignored","damage_taken":0,"max_hp_gain":0,"max_hp_loss":0,"event_name":"Vampires","floor":29,"gold_loss":0},{"damage_healed":0,"gold_gain":0,"player_choice":"Memory 1","damage_taken":0,"max_hp_gain":0,"max_hp_loss":0,"event_name":"SensoryStone","floor":36,"gold_loss":0},{"damage_healed":0,"gold_gain":0,"player_choice":"Fight","damage_taken":0,"max_hp_gain":0,"max_hp_loss":0,"event_name":"Mysterious Sphere","floor":37,"gold_loss":0},{"damage_healed":0,"gold_gain":0,"player_choice":"Paid","damage_taken":0,"relics_obtained":["Red Mask"],"max_hp_gain":0,"max_hp_loss":0,"event_name":"Tomb of Lord Red Mask","floor":46,"gold_loss":86}],"is_beta":false,"boss_relics":[{"not_picked":["Runic Cube","Pandora\u0027s Box"],"picked":"Calling Bell"},{"not_picked":["Empty Cage","Coffee Dripper"],"picked":"Cursed Key"}],"items_purged_floors":[10,42],"is_endless":false,"potions_floor_spawned":[8,14,16,19,23,30,33,35,37,48],"ascension_level":1}