{"gold_per_floor":[115,65,84,84,30,30,45,55,80,148,148,148,159,133,133,228,228,244,343,356,67,84,84,112,0,25,25,25,39,39,51,51,155,155,173,173,187,42,42],"floor_reached":39,"playtime":11426,"items_purged":["Strike_G","Strike_G"],"score":389,"play_id":"a8438fb2-06dd-4e9e-bcc1-28eea363dbe8","local_time":"20190206205035","is_ascension_mode":false,"campfire_choices":[{"data":"Poisoned Stab","floor":6.0,"key":"SMITH"},{"data":"Terror","floor":11.0,"key":"SMITH"},{"floor":15.0,"key":"REST"},{"floor":23.0,"key":"REST"},{"floor":27.0,"key":"REST"},{"floor":30,"key":"REST"},{"floor":32,"key":"REST"}],"neow_cost":"NONE","seed_source_timestamp":0,"circlet_count":0,"master_deck":["Defend_G","Defend_G","Defend_G","Defend_G","Strike_G","Survivor","Neutralize","Deadly Poison","Underhanded Strike","Poisoned Stab+1","Terror+1","Flying Knee","Acrobatics","After Image","Deadly Poison","Heel Hook","Infinite Blades","Catalyst+1","Adrenaline","Deflect","Tools of the Trade","Tactician+1","Blade Dance+1","Bane"],"special_seed":0,"relics":["Ring of the Snake","NeowsBlessing","Snake Skull","Gremlin Horn","Empty Cage","Bronze Scales","Bag of Preparation","Pen Nib","WristBlade"],"potions_floor_usage":[33,37],"damage_taken":[{"damage":0.0,"enemies":"2 Louse","floor":1.0,"turns":1.0},{"damage":0.0,"enemies":"Small Slimes","floor":3.0,"turns":1.0},{"damage":0.0,"enemies":"Jaw Worm","floor":7.0,"turns":1.0},{"damage":6.0,"enemies":"3 Louse","floor":8.0,"turns":4.0},{"damage":0.0,"enemies":"Blue Slaver","floor":13.0,"turns":2.0},{"damage":30.0,"enemies":"The Guardian","floor":16.0,"turns":8.0},{"damage":9.0,"enemies":"3 Byrds","floor":18.0,"turns":6.0},{"damage":21.0,"enemies":"Spheric Guardian","floor":20.0,"turns":5.0},{"damage":2.0,"enemies":"Cultist and Chosen","floor":22.0,"turns":6.0},{"damage":48.0,"enemies":"Gremlin Leader","floor":24.0,"turns":8.0},{"damage":11.0,"enemies":"3 Cultists","floor":29.0,"turns":6.0},{"damage":6,"enemies":"Sentry and Sphere","floor":31,"turns":4},{"damage":52,"enemies":"Collector","floor":33,"turns":9},{"damage":35,"enemies":"3 Shapes","floor":35,"turns":5},{"damage":0,"enemies":"Orb Walker","floor":37,"turns":3},{"damage":45,"enemies":"Sphere and 2 Shapes","floor":39,"turns":5}],"seed_played":"-3928949627202800699","potions_obtained":[{"floor":7.0,"key":"SteroidPotion"},{"floor":8.0,"key":"EssenceOfSteel"},{"floor":16.0,"key":"Strength Potion"},{"floor":18.0,"key":"Regen Potion"},{"floor":20.0,"key":"SpeedPotion"},{"floor":29.0,"key":"GamblersBrew"},{"floor":33,"key":"Energy Potion"}],"is_trial":false,"path_per_floor":["M","?","M","?","$","R","M","M","T","T","R","?","M","?","R","B",null,"M","?","M","$","M","R","E","?","T","R","?","M","R","M","R","B",null,"M","?","M","$","M"],"character_chosen":"THE_SILENT","items_purchased":["Poisoned Stab","Infinite Blades","Bronze Scales","Bane"],"campfire_rested":5,"item_purchase_floors":[5,21,21,38],"current_hp_per_floor":[70,70,70,75,75,75,75,69,69,69,69,69,69,69,75,45,75,66,66,57,57,55,75,27,27,27,49,49,38,60,54,75,23,75,40,40,40,40,0],"gold":42,"neow_bonus":"THREE_ENEMY_KILL","is_prod":false,"is_daily":false,"chose_seed":false,"campfire_upgraded":2,"win_rate":0.0,"timestamp":1549504235,"path_taken":["M","?","M","?","$","R","M","M","T","?","R","?","?","?","R","BOSS","M","?","M","$","M","R","E","?","T","R","?","M","R","?","R","BOSS","M","?","M","$","M"],"build_version":"2019-01-23","purchased_purges":2,"victory":false,"max_hp_per_floor":[70,70,70,75,75,75,75,75,75,75,75,75,75,75,75,75,75,75,75,75,75,75,75,75,75,75,75,75,75,75,75,75,75,75,75,75,75,75,75],"card_choices":[{"not_picked":["Escape Plan","Masterful Stab"],"picked":"Deadly Poison","floor":1.0},{"not_picked":["Slice","Eviscerate"],"picked":"Underhanded Strike","floor":3.0},{"not_picked":["Well Laid Plans","Dagger Spray"],"picked":"Terror","floor":7.0},{"not_picked":["Dodge and Roll","Outmaneuver"],"picked":"Flying Knee","floor":8.0},{"not_picked":["Dagger Spray","Poisoned Stab"],"picked":"Acrobatics","floor":13.0},{"not_picked":["Doppelganger","Venomology"],"picked":"After Image","floor":16.0},{"not_picked":["PiercingWail","Outmaneuver"],"picked":"Deadly Poison","floor":18.0},{"not_picked":["Deadly Poison","Quick Slash"],"picked":"Heel Hook","floor":20.0},{"not_picked":["Acrobatics","Backflip"],"picked":"Catalyst+1","floor":22.0},{"not_picked":["Skewer","PiercingWail+1"],"picked":"Adrenaline","floor":24.0},{"not_picked":["Flechettes","Quick Slash","Expertise"],"picked":"SKIP","floor":29.0},{"not_picked":["Distraction","Deadly Poison"],"picked":"Deflect","floor":31},{"not_picked":["Wraith Form v2","Burst"],"picked":"Tools of the Trade","floor":33},{"not_picked":["All Out Attack","Blade Dance"],"picked":"Tactician+1","floor":35},{"not_picked":["Dagger Throw+1","Predator"],"picked":"Blade Dance+1","floor":37}],"player_experience":73028,"relics_obtained":[{"floor":9.0,"key":"Snake Skull"},{"floor":10.0,"key":"Gremlin Horn"},{"floor":24.0,"key":"Bag of Preparation"},{"floor":26.0,"key":"Pen Nib"}],"event_choices":[{"cards_removed":["Defend_G"],"damage_healed":0.0,"max_hp_gain":0.0,"max_hp_loss":0.0,"gold_gain":0.0,"event_name":"The Cleric","player_choice":"Card Removal","floor":2.0,"gold_loss":50.0,"damage_taken":0.0},{"damage_healed":0.0,"max_hp_gain":5.0,"max_hp_loss":0.0,"gold_gain":0.0,"event_name":"Big Fish","player_choice":"Donut","floor":4.0,"gold_loss":0.0,"damage_taken":0.0},{"damage_healed":0.0,"max_hp_gain":0.0,"max_hp_loss":0.0,"gold_gain":0.0,"event_name":"Golden Idol","player_choice":"Ignored","floor":12.0,"gold_loss":0.0,"damage_taken":0.0},{"damage_healed":0.0,"max_hp_gain":0.0,"max_hp_loss":0.0,"gold_gain":0.0,"event_name":"World of Goop","player_choice":"Left Gold","floor":14.0,"gold_loss":26.0,"damage_taken":0.0},{"damage_healed":0.0,"max_hp_gain":0.0,"max_hp_loss":0.0,"gold_gain":99.0,"event_name":"Nest","player_choice":"Stole From Cult","floor":19.0,"gold_loss":0.0,"damage_taken":0.0},{"damage_healed":0.0,"max_hp_gain":0.0,"max_hp_loss":0.0,"gold_gain":0.0,"event_name":"Masked Bandits","player_choice":"Paid Fearfully","floor":25.0,"gold_loss":112.0,"damage_taken":0.0},{"damage_healed":0.0,"max_hp_gain":0.0,"max_hp_loss":0.0,"gold_gain":0.0,"event_name":"FaceTrader","player_choice":"Leave","floor":28.0,"gold_loss":0.0,"damage_taken":0.0},{"damage_healed":0,"gold_gain":0,"player_choice":"Ignored","damage_taken":0,"max_hp_gain":0,"max_hp_loss":0,"event_name":"Tomb of Lord Red Mask","floor":36,"gold_loss":0}],"is_beta":false,"boss_relics":[{"not_picked":["Orrery","Velvet Choker"],"picked":"Empty Cage"},{"not_picked":["Runic Pyramid","Snecko Eye"],"picked":"WristBlade"}],"items_purged_floors":[21,38],"is_endless":false,"potions_floor_spawned":[7,8,16,18,20,29,33],"killed_by":"Sphere and 2 Shapes","ascension_level":0}