{"gold_per_floor":[114,114,129,144,16,46,46,106,106,136,136,166,222,237,237,337,337,352,352,367,382,132,162,882,882,882,912,912,927,957,257,257,357,357,372,372,372,387,402,432,432,462,512,32,47,62,92,119,131,143],"floor_reached":51,"playtime":10334,"items_purged":[],"score":1248,"play_id":"ec33438d-6b8c-4052-ab78-e1cd53f08395","local_time":"20190208225048","daily_mods":["SealedDeck","Colorless Cards","Elite Swarm"],"is_ascension_mode":false,"campfire_choices":[{"data":"Finisher","floor":7,"key":"SMITH"},{"data":"Transmutation","floor":15,"key":"SMITH"},{"floor":25,"key":"REST"},{"floor":28,"key":"REST"},{"data":"Adrenaline","floor":32,"key":"SMITH"},{"data":"Deep Breath","floor":41,"key":"SMITH"},{"data":"Tactician","floor":49,"key":"SMITH"}],"neow_cost":"","seed_source_timestamp":86120347348649,"circlet_count":0,"master_deck":["Underhanded Strike","Dark Shackles","Finesse","Flash of Steel","Dagger Throw","Underhanded Strike","Prepared","Cloak And Dagger","Finisher+1","Dramatic Entrance","Prepared","Acrobatics","Blade Dance","Infinite Blades","Flash of Steel","Grand Finale","Violence","Panache","Regret","Transmutation+1","Reflex","A Thousand Cuts+1","Expertise+1","Madness+1","Mayhem+1","Bullet Time","Deep Breath+1","Underhanded Strike","Adrenaline+1","Night Terror","Acrobatics","Acrobatics+1","Predator+1","Envenom+1","Burst","Parasite","Well Laid Plans+1","Finesse","Tactician+1"],"special_seed":17935,"relics":["Ring of the Snake","Strawberry","Prayer Wheel","Tiny Chest","Happy Flower","Du-Vu Doll","Mercury Hourglass","Frozen Egg 2","Sozu","Matryoshka","Blood Vial","Lantern","Darkstone Periapt","Tingsha","Gambling Chip","Lee\u0027s Waffle","Dodecahedron","Bottled Flame","WristBlade","Pear","Paper Crane","The Courier","Bag of Preparation","Orichalcum","Dead Branch","FossilizedHelix","MawBank"],"potions_floor_usage":[],"damage_taken":[{"damage":0,"enemies":"Small Slimes","floor":1,"turns":1},{"damage":0,"enemies":"2 Louse","floor":3,"turns":1},{"damage":0,"enemies":"Cultist","floor":4,"turns":1},{"damage":0,"enemies":"Lagavulin","floor":6,"turns":2},{"damage":0,"enemies":"3 Sentries","floor":8,"turns":2},{"damage":0,"enemies":"Lagavulin","floor":10,"turns":2},{"damage":0,"enemies":"3 Sentries","floor":12,"turns":1},{"damage":0,"enemies":"3 Louse","floor":14,"turns":1},{"damage":0,"enemies":"Slime Boss","floor":16,"turns":3},{"damage":0,"enemies":"2 Thieves","floor":18,"turns":1},{"damage":0,"enemies":"Spheric Guardian","floor":20,"turns":1},{"damage":3,"enemies":"Chosen and Byrds","floor":21,"turns":2},{"damage":0,"enemies":"Slavers","floor":23,"turns":1},{"damage":0,"enemies":"Gremlin Leader","floor":27,"turns":2},{"damage":13,"enemies":"Shelled Parasite and Fungi","floor":29,"turns":2},{"damage":35,"enemies":"Slavers","floor":30,"turns":3},{"damage":14,"enemies":"Automaton","floor":33,"turns":3},{"damage":0,"enemies":"Orb Walker","floor":35,"turns":1},{"damage":12,"enemies":"3 Shapes","floor":38,"turns":1},{"damage":0,"enemies":"3 Darklings","floor":39,"turns":1},{"damage":6,"enemies":"Giant Head","floor":40,"turns":2},{"damage":0,"enemies":"Nemesis","floor":42,"turns":1},{"damage":0,"enemies":"Writhing Mass","floor":45,"turns":3},{"damage":0,"enemies":"Spire Growth","floor":46,"turns":1},{"damage":0,"enemies":"Reptomancer","floor":47,"turns":1},{"damage":0,"enemies":"Maw","floor":48,"turns":2},{"damage":0,"enemies":"Donu and Deca","floor":50,"turns":2}],"seed_played":"-7219234753305552814","potions_obtained":[{"floor":1,"key":"Fire Potion"},{"floor":4,"key":"LiquidBronze"},{"floor":6,"key":"SteroidPotion"}],"is_trial":false,"path_per_floor":["M","?","M","M","$","E","R","E","T","E","?","E","?","M","R","B",null,"M","?","M","M","$","E","?","R","T","E","R","M","E","$","R","B",null,"M","T","?","M","M","E","R","E","T","$","M","M","E","M","R","B",null],"character_chosen":"THE_SILENT","items_purchased":["Infinite Blades","Flash of Steel","Matryoshka","Lee\u0027s Waffle","Dodecahedron","Bottled Flame","Dead Branch","FossilizedHelix"],"campfire_rested":2,"item_purchase_floors":[5,5,22,31,31,31,44,44],"current_hp_per_floor":[70,65,65,65,65,65,65,65,65,65,65,65,65,65,65,65,77,77,77,77,74,74,74,11,34,34,36,59,48,15,84,84,70,84,84,94,94,82,84,80,80,82,82,82,90,92,94,96,96,98],"gold":155,"neow_bonus":"","is_prod":false,"is_daily":true,"chose_seed":false,"campfire_upgraded":5,"win_rate":0,"timestamp":1549662648,"path_taken":["M","?","M","M","$","E","R","E","T","E","?","E","?","M","R","BOSS","M","?","?","M","$","E","?","R","T","E","R","M","E","$","R","BOSS","M","?","?","M","M","E","R","E","T","$","M","M","E","M","R","BOSS"],"build_version":"2019-01-23","purchased_purges":0,"victory":true,"max_hp_per_floor":[70,77,77,77,77,77,77,77,77,77,77,77,77,77,77,77,77,77,77,77,77,77,77,77,77,77,77,77,77,77,84,84,84,84,84,94,94,94,94,94,94,94,94,94,100,100,100,100,100,100],"card_choices":[{"not_picked":["Bane","Dodge and Roll"],"picked":"Prepared","floor":1},{"not_picked":["PiercingWail","Flying Knee"],"picked":"Acrobatics","floor":3},{"not_picked":["Poisoned Stab","Dagger Spray"],"picked":"Blade Dance","floor":4},{"not_picked":["Bullet Time","Master of Strategy"],"picked":"Grand Finale","floor":6},{"not_picked":["Venomology","After Image"],"picked":"Violence","floor":8},{"not_picked":["Die Die Die","Apotheosis"],"picked":"Panache","floor":10},{"not_picked":["Chrysalis","The Bomb"],"picked":"Transmutation","floor":12},{"not_picked":["Dash","Dagger Spray"],"picked":"PanicButton","floor":14},{"not_picked":["Bane","Deadly Poison","Slice"],"picked":"SKIP","floor":14},{"not_picked":["Deflect+1","Dagger Throw"],"picked":"Reflex","floor":18},{"not_picked":["PiercingWail","Blur+1","Deadly Poison"],"picked":"SKIP","floor":18},{"not_picked":["Deadly Poison","Dodge and Roll"],"picked":"A Thousand Cuts+1","floor":20},{"not_picked":["Dodge and Roll","Sucker Punch"],"picked":"Expertise+1","floor":20},{"not_picked":["Quick Slash+1","Flying Knee"],"picked":"Madness+1","floor":21},{"not_picked":["Quick Slash","Dagger Spray","Mind Blast"],"picked":"SKIP","floor":21},{"not_picked":["Magnetism+1","Wraith Form v2+1"],"picked":"Mayhem+1","floor":23},{"not_picked":["A Thousand Cuts+1","Transmutation"],"picked":"Bullet Time","floor":27},{"not_picked":["Prepared","Dagger Spray"],"picked":"Deep Breath","floor":29},{"not_picked":["Cloak And Dagger","Poisoned Stab"],"picked":"Underhanded Strike","floor":29},{"not_picked":["Glass Knife","Die Die Die"],"picked":"Adrenaline","floor":30},{"not_picked":["Phantasmal Killer","Die Die Die"],"picked":"Night Terror","floor":33},{"not_picked":["Panacea+1","Concentrate"],"picked":"Acrobatics","floor":35},{"not_picked":["Dagger Spray","Crippling Poison","Outmaneuver+1"],"picked":"SKIP","floor":35},{"not_picked":["Deadly Poison","Sucker Punch"],"picked":"Acrobatics+1","floor":38},{"not_picked":["Trip+1","Endless Agony+1","Flying Knee+1"],"picked":"SKIP","floor":38},{"not_picked":["Cloak And Dagger+1","Quick Slash"],"picked":"Predator+1","floor":39},{"not_picked":["Deadly Poison","Dodge and Roll","Outmaneuver"],"picked":"SKIP","floor":39},{"not_picked":["Night Terror","Malaise"],"picked":"Envenom+1","floor":40},{"not_picked":["Sadistic Nature+1","Burst","Secret Technique"],"picked":"SKIP","floor":42},{"not_picked":["Sadistic Nature+1","Secret Technique"],"picked":"Burst","floor":42},{"not_picked":["Dagger Spray","Underhanded Strike+1"],"picked":"Well Laid Plans+1","floor":45},{"not_picked":["Madness+1","Bane","Quick Slash+1"],"picked":"SKIP","floor":45},{"not_picked":["Choke","Blade Dance+1","Quick Slash"],"picked":"SKIP","floor":46},{"not_picked":["Poisoned Stab","Flying Knee","Deflect"],"picked":"SKIP","floor":46},{"not_picked":["Mayhem+1","Chrysalis","The Bomb"],"picked":"SKIP","floor":47},{"not_picked":["Heel Hook","Prepared+1"],"picked":"Finesse","floor":48},{"not_picked":["Deep Breath+1","Dagger Spray+1"],"picked":"Tactician","floor":48}],"player_experience":78119,"relics_obtained":[{"floor":6,"key":"Prayer Wheel"},{"floor":8,"key":"Tiny Chest"},{"floor":9,"key":"Happy Flower"},{"floor":10,"key":"Du-Vu Doll"},{"floor":12,"key":"Frozen Egg 2"},{"floor":23,"key":"Blood Vial"},{"floor":26,"key":"Lantern"},{"floor":26,"key":"Darkstone Periapt"},{"floor":27,"key":"Tingsha"},{"floor":30,"key":"Gambling Chip"},{"floor":36,"key":"Pear"},{"floor":36,"key":"Paper Crane"},{"floor":40,"key":"The Courier"},{"floor":42,"key":"Bag of Preparation"},{"floor":43,"key":"Orichalcum"},{"floor":47,"key":"MawBank"}],"event_choices":[{"damage_healed":0,"gold_gain":0,"player_choice":"Success","damage_taken":12,"relics_obtained":["Strawberry"],"max_hp_gain":0,"max_hp_loss":0,"event_name":"Scrap Ooze","floor":2,"gold_loss":0},{"damage_healed":0,"gold_gain":0,"player_choice":"Box","damage_taken":0,"relics_obtained":["Mercury Hourglass"],"max_hp_gain":0,"max_hp_loss":0,"event_name":"Big Fish","floor":11,"gold_loss":0,"cards_obtained":["Regret"]},{"damage_healed":0,"gold_gain":56,"player_choice":"Gained Gold","damage_taken":0,"max_hp_gain":0,"max_hp_loss":0,"event_name":"Golden Wing","floor":13,"gold_loss":0},{"cards_removed":["PanicButton"],"damage_healed":0,"gold_gain":0,"player_choice":"Offered Uncommon","damage_taken":0,"max_hp_gain":0,"max_hp_loss":0,"event_name":"Bonfire Elementals","floor":19,"gold_loss":0},{"damage_healed":0,"gold_gain":720,"player_choice":"GOLD GOLD GOLD GOLD GOLD GOLD GOLD GOLD ","damage_taken":63,"max_hp_gain":0,"max_hp_loss":0,"event_name":"Knowing Skull","floor":24,"potions_obtained":[],"gold_loss":0,"cards_obtained":[]},{"damage_healed":0,"gold_gain":0,"player_choice":"Memory 1","damage_taken":0,"max_hp_gain":0,"max_hp_loss":0,"event_name":"SensoryStone","floor":37,"gold_loss":0}],"is_beta":false,"boss_relics":[{"not_picked":["Empty Cage","Cursed Key"],"picked":"Sozu"},{"not_picked":["Eternal Feather","Astrolabe"],"picked":"WristBlade"}],"items_purged_floors":[],"is_endless":false,"potions_floor_spawned":[1,4,6,12,20,29,30,35,38,46,48],"ascension_level":0}