{"gold_per_floor":[117,129,129,149,169,169,227,227,227,227,243,243,254,269,269,343,343,354,369,14,24,38,38,55,55,137,167,167,82,82,45,45,123,123,137,137,137,137,152,152,180,180,180,212,7,20,20,32,32,32],"floor_reached":51,"playtime":2534,"items_purged":["Accuracy"],"score":1275,"play_id":"d91db294-f0f0-49dd-8f33-55a8d02aef95","local_time":"20190118032810","is_ascension_mode":true,"campfire_choices":[{"data":"Poisoned Stab","floor":6,"key":"SMITH"},{"data":"Neutralize","floor":8,"key":"SMITH"},{"floor":10,"key":"REST"},{"floor":15,"key":"REST"},{"floor":25,"key":"REST"},{"floor":28,"key":"REST"},{"floor":30,"key":"REST"},{"floor":32,"key":"REST"},{"floor":40,"key":"REST"},{"floor":42,"key":"REST"},{"floor":49,"key":"REST"}],"neow_cost":"TEN_PERCENT_HP_LOSS","seed_source_timestamp":550888153910659,"circlet_count":0,"master_deck":["AscendersBane","Defend_G","Defend_G","Defend_G","Defend_G","Defend_G+1","Strike_G","Strike_G","Strike_G","Strike_G","Survivor","Neutralize+1","Riddle With Holes","Poisoned Stab+1","Well Laid Plans","Catalyst","Footwork+1","PiercingWail","Blur","Catalyst","Malaise","Noxious Fumes","Dodge and Roll+1","After Image","Backflip","Adrenaline","Deadly Poison","Malaise","Noxious Fumes","Adrenaline","Crippling Poison","Backflip","Flame Barrier","Dodge and Roll"],"relics":["Ring of the Snake","Incense Burner","CultistMask","Singing Bowl","Dream Catcher","Fusion Hammer","Lee\u0027s Waffle","Mummified Hand","Dodecahedron","Pen Nib","Orrery","Bird Faced Urn","Happy Flower","PreservedInsect","PrismaticShard"],"potions_floor_usage":[7,16,18,23,27,27,46,50,50,50],"damage_taken":[{"damage":1,"enemies":"Small Slimes","floor":1,"turns":4},{"damage":0,"enemies":"Cultist","floor":2,"turns":3},{"damage":9,"enemies":"Jaw Worm","floor":4,"turns":4},{"damage":4,"enemies":"Looter","floor":5,"turns":3},{"damage":8,"enemies":"Gremlin Nob","floor":7,"turns":3},{"damage":6,"enemies":"2 Fungi Beasts","floor":11,"turns":4},{"damage":4,"enemies":"Exordium Wildlife","floor":13,"turns":5},{"damage":6,"enemies":"3 Louse","floor":14,"turns":4},{"damage":25,"enemies":"The Guardian","floor":16,"turns":10},{"damage":12,"enemies":"Spheric Guardian","floor":18,"turns":7},{"damage":0,"enemies":"Chosen","floor":19,"turns":6},{"damage":1,"enemies":"Snake Plant","floor":21,"turns":6},{"damage":4,"enemies":"Snecko","floor":22,"turns":7},{"damage":28,"enemies":"Slavers","floor":23,"turns":4},{"damage":0,"enemies":"Centurion and Healer","floor":24,"turns":9},{"damage":21,"enemies":"Gremlin Leader","floor":27,"turns":5},{"damage":3,"enemies":"Champ","floor":33,"turns":9},{"damage":8,"enemies":"3 Darklings","floor":35,"turns":8},{"damage":0,"enemies":"Orb Walker","floor":39,"turns":4},{"damage":23,"enemies":"Reptomancer","floor":41,"turns":6},{"damage":12,"enemies":"Nemesis","floor":44,"turns":9},{"damage":28,"enemies":"Jaw Worm Horde","floor":46,"turns":5},{"damage":4,"enemies":"3 Darklings","floor":48,"turns":7},{"damage":84,"enemies":"Awakened One","floor":50,"turns":24}],"seed_played":"-3522569216886050300","potions_obtained":[{"floor":4,"key":"SteroidPotion"},{"floor":11,"key":"AttackPotion"},{"floor":13,"key":"Poison Potion"},{"floor":19,"key":"Poison Potion"},{"floor":21,"key":"SmokeBomb"},{"floor":24,"key":"Fire Potion"},{"floor":33,"key":"EntropicBrew"},{"floor":41,"key":"PowerPotion"}],"is_trial":false,"path_per_floor":["M","M","?","M","M","R","?","R","T","R","M","?","M","M","R","B",null,"M","M","$","M","M","E","M","R","T","E","R","?","R","$","R","B",null,"M","$","?","?","M","R","E","R","T","E","$","M","?","M","R","B",null],"character_chosen":"THE_SILENT","items_purchased":["After Image","Lee\u0027s Waffle","Noxious Fumes","PrismaticShard"],"campfire_rested":9,"item_purchase_floors":[20,20,31,45],"current_hp_per_floor":[62,62,62,53,49,49,41,41,41,59,53,40,36,32,51,26,55,43,43,72,73,69,41,41,65,65,46,69,69,78,78,80,77,89,83,83,83,83,85,96,75,98,98,90,90,74,74,82,100,28],"gold":32,"neow_bonus":"ONE_RARE_RELIC","is_prod":false,"is_daily":false,"chose_seed":false,"campfire_upgraded":2,"win_rate":0,"timestamp":1547800090,"path_taken":["M","M","?","M","?","R","?","R","T","R","M","?","M","M","R","BOSS","M","M","$","M","M","E","M","R","T","E","R","?","R","$","R","BOSS","M","$","?","?","M","R","E","R","T","E","$","?","?","M","R","BOSS"],"build_version":"2019-01-17","purchased_purges":1,"victory":true,"max_hp_per_floor":[63,63,63,63,63,63,63,63,63,63,63,63,63,65,65,65,65,65,65,72,74,74,74,74,76,76,78,78,78,78,78,80,80,90,92,92,92,92,94,96,98,98,98,98,98,98,98,100,100,100],"card_choices":[{"not_picked":["Cloak And Dagger","Bouncing Flask"],"picked":"Riddle With Holes","floor":1},{"not_picked":["Sucker Punch","Expertise"],"picked":"Poisoned Stab","floor":2},{"not_picked":["Flechettes","Tactician"],"picked":"Well Laid Plans","floor":4},{"not_picked":["Bane","Flechettes"],"picked":"Accuracy","floor":5},{"not_picked":["Infinite Blades","Deadly Poison"],"picked":"Catalyst","floor":7},{"not_picked":["Poisoned Stab","Quick Slash"],"picked":"Footwork","floor":10},{"not_picked":["Dagger Spray","Slice"],"picked":"PiercingWail","floor":11},{"not_picked":["Phantasmal Killer","Bane"],"picked":"Blur","floor":13},{"not_picked":["Expertise","Choke","Poisoned Stab"],"picked":"Singing Bowl","floor":14},{"not_picked":["Expertise","Bouncing Flask"],"picked":"Catalyst","floor":15},{"not_picked":["Storm of Steel","Glass Knife"],"picked":"Malaise","floor":16},{"not_picked":["Blade Dance","Quick Slash"],"picked":"Noxious Fumes","floor":18},{"not_picked":["Skewer","Bouncing Flask"],"picked":"Dodge and Roll+1","floor":19},{"not_picked":["Acrobatics","Cloak And Dagger","Dagger Spray+1"],"picked":"Singing Bowl","floor":21},{"not_picked":["Sucker Punch","Reflex"],"picked":"Backflip","floor":22},{"not_picked":["Dagger Spray","Noxious Fumes"],"picked":"Adrenaline","floor":24},{"not_picked":["Prepared","Quick Slash","Tactician"],"picked":"Singing Bowl","floor":25},{"not_picked":["Slice+1","Acrobatics","Bane"],"picked":"Singing Bowl","floor":27},{"not_picked":["Predator","Prepared"],"picked":"Deadly Poison","floor":28},{"not_picked":["PiercingWail","Backflip"],"picked":"Malaise","floor":30},{"not_picked":["PiercingWail","Cloak And Dagger","Dagger Throw"],"picked":"Singing Bowl","floor":32},{"not_picked":["Malaise","Unload"],"picked":"Adrenaline","floor":33},{"not_picked":["Poisoned Stab","Slice","Acrobatics"],"picked":"Singing Bowl","floor":34},{"not_picked":["Dodge and Roll","Dash","Prepared"],"picked":"Singing Bowl","floor":34},{"not_picked":["Quick Slash","Prepared","Underhanded Strike"],"picked":"Singing Bowl","floor":34},{"not_picked":["Dash+1","Backflip","Slice"],"picked":"Singing Bowl","floor":34},{"not_picked":["Reflex","Poisoned Stab","Acrobatics"],"picked":"Singing Bowl","floor":34},{"not_picked":["Bullet Time","Underhanded Strike+1","Sucker Punch"],"picked":"Singing Bowl","floor":35},{"not_picked":["Caltrops","Prepared+1","Acrobatics"],"picked":"Singing Bowl","floor":39},{"not_picked":["Blade Dance+1","PiercingWail","Acrobatics"],"picked":"Singing Bowl","floor":40},{"not_picked":["Choke","Tactician","Skewer"],"picked":"Singing Bowl","floor":41},{"not_picked":["Backflip+1","Acrobatics"],"picked":"Crippling Poison","floor":42},{"not_picked":["All Out Attack","Predator"],"picked":"Backflip","floor":44},{"not_picked":["Sucker Punch","PiercingWail"],"picked":"Flame Barrier","floor":46},{"not_picked":["Amplify","Blind","Headbutt"],"picked":"Singing Bowl","floor":48},{"not_picked":["Headbutt+1","Havoc"],"picked":"Dodge and Roll","floor":49}],"player_experience":505225,"relics_obtained":[{"floor":7,"key":"Singing Bowl"},{"floor":9,"key":"Dream Catcher"},{"floor":26,"key":"Mummified Hand"},{"floor":27,"key":"Dodecahedron"},{"floor":41,"key":"Bird Faced Urn"},{"floor":43,"key":"Happy Flower"},{"floor":44,"key":"PreservedInsect"}],"event_choices":[{"damage_healed":0,"gold_gain":0,"player_choice":"Trade","damage_taken":0,"relics_obtained":["CultistMask"],"max_hp_gain":0,"max_hp_loss":0,"event_name":"FaceTrader","floor":3,"gold_loss":0},{"damage_healed":0,"gold_gain":0,"player_choice":"Searched \u00272\u0027 times","damage_taken":0,"max_hp_gain":0,"max_hp_loss":0,"event_name":"Dead Adventurer","floor":7,"gold_loss":0},{"damage_healed":0,"gold_gain":0,"player_choice":"Entered Light","damage_taken":13,"max_hp_gain":0,"max_hp_loss":0,"event_name":"Shining Light","floor":12,"gold_loss":0,"cards_upgraded":["Footwork","Defend_G"]},{"damage_healed":0,"gold_gain":0,"player_choice":"Obtained Relic","damage_taken":0,"relics_obtained":["Pen Nib"],"max_hp_gain":0,"max_hp_loss":0,"event_name":"Addict","floor":29,"gold_loss":85},{"damage_healed":0,"gold_gain":0,"player_choice":"Ignored","damage_taken":0,"max_hp_gain":0,"max_hp_loss":0,"event_name":"Tomb of Lord Red Mask","floor":37,"gold_loss":0},{"damage_healed":0,"gold_gain":0,"player_choice":"Bought 0 Potions","damage_taken":0,"max_hp_gain":0,"max_hp_loss":0,"event_name":"The Woman in Blue","floor":38,"gold_loss":0},{"cards_removed":["Strike_G"],"damage_healed":0,"gold_gain":0,"player_choice":"Removed Attack","damage_taken":0,"max_hp_gain":0,"max_hp_loss":0,"event_name":"Falling","floor":47,"gold_loss":0}],"is_beta":false,"boss_relics":[{"not_picked":["Astrolabe","Coffee Dripper"],"picked":"Fusion Hammer"},{"not_picked":["HoveringKite","Empty Cage"],"picked":"Orrery"}],"items_purged_floors":[20],"is_endless":false,"potions_floor_spawned":[4,11,13,19,21,24,33,41,44],"ascension_level":13}