{"gold_per_floor":[113,113,123,142,142,142,177,177,177,193,212,227,237,412,412,412],"floor_reached":16,"playtime":854,"items_purged":[],"score":120,"play_id":"327d4240-38fe-4bf5-90c4-5ab344543f7d","local_time":"20181110021220","is_ascension_mode":true,"campfire_choices":[{"data":"Twin Strike","floor":6,"key":"SMITH"},{"data":"Body Slam","floor":8,"key":"SMITH"},{"data":"Body Slam","floor":15,"key":"SMITH"}],"neow_cost":"NONE","seed_source_timestamp":820046819231802,"circlet_count":0,"master_deck":["Strike_R+1","Strike_R","Strike_R","Strike_R+1","Strike_R","Defend_R","Defend_R","Defend_R","Defend_R","Bash+1","Ghostly Armor","Iron Wave","Twin Strike+1","Body Slam+1","Pommel Strike","Cleave","Body Slam+1","Shrug It Off","Doubt"],"relics":["Burning Blood","NeowsBlessing","Girya","Sundial"],"potions_floor_usage":[7,16],"damage_taken":[{"damage":0,"enemies":"2 Louse","floor":1,"turns":1},{"damage":0,"enemies":"Small Slimes","floor":3,"turns":1},{"damage":0,"enemies":"Jaw Worm","floor":4,"turns":1},{"damage":25,"enemies":"3 Sentries","floor":7,"turns":7},{"damage":8,"enemies":"Blue Slaver","floor":10,"turns":4},{"damage":11,"enemies":"Looter","floor":11,"turns":3},{"damage":1,"enemies":"Exordium Wildlife","floor":12,"turns":3},{"damage":20,"enemies":"Gremlin Gang","floor":13,"turns":3},{"damage":44,"enemies":"Hexaghost","floor":16,"turns":11}],"seed_played":"5473063746904869200","potions_obtained":[{"floor":1,"key":"LiquidBronze"},{"floor":11,"key":"Dexterity Potion"}],"is_trial":false,"path_per_floor":["M","?","M","M","?","R","E","R","T","M","M","M","M","?","R","B"],"character_chosen":"IRONCLAD","items_purchased":[],"campfire_rested":0,"item_purchase_floors":[],"current_hp_per_floor":[80,64,70,76,76,76,57,57,57,55,50,55,41,41,41,0],"gold":412,"neow_bonus":"THREE_ENEMY_KILL","is_prod":false,"is_daily":false,"chose_seed":false,"campfire_upgraded":3,"win_rate":0,"timestamp":1541833940,"path_taken":["M","?","M","M","?","R","E","R","T","M","M","?","M","?","R","BOSS"],"build_version":"2018-11-08","purchased_purges":0,"victory":false,"max_hp_per_floor":[80,80,80,80,80,80,80,80,80,80,80,80,80,80,80,80],"card_choices":[{"not_picked":["Power Through","Havoc"],"picked":"Ghostly Armor","floor":1},{"not_picked":["Bloodletting","Headbutt"],"picked":"Iron Wave","floor":3},{"not_picked":["Flex","Heavy Blade"],"picked":"Twin Strike","floor":4},{"not_picked":["Wild Strike","Intimidate"],"picked":"Body Slam","floor":7},{"not_picked":["Heavy Blade","Demon Form"],"picked":"Pommel Strike","floor":10},{"not_picked":["Headbutt","Sword Boomerang"],"picked":"Cleave","floor":11},{"not_picked":["Shrug It Off","Spot Weakness"],"picked":"Body Slam","floor":12},{"not_picked":["Infernal Blade","Corruption"],"picked":"Shrug It Off","floor":13}],"player_experience":248063,"relics_obtained":[{"floor":7,"key":"Girya"},{"floor":9,"key":"Sundial"}],"event_choices":[{"damage_healed":0,"gold_gain":0,"player_choice":"Entered Light","damage_taken":16,"max_hp_gain":0,"max_hp_loss":0,"event_name":"Shining Light","floor":2,"gold_loss":0,"cards_upgraded":["Strike_R","Strike_R"]},{"damage_healed":0,"gold_gain":0,"player_choice":"Grow","damage_taken":0,"max_hp_gain":0,"max_hp_loss":0,"event_name":"Living Wall","floor":5,"gold_loss":0,"cards_upgraded":["Bash"]},{"damage_healed":0,"gold_gain":175,"player_choice":"AGREE","damage_taken":0,"max_hp_gain":0,"max_hp_loss":0,"event_name":"Liars Game","floor":14,"gold_loss":0,"cards_obtained":["Doubt"]}],"is_beta":false,"boss_relics":[],"items_purged_floors":[],"is_endless":false,"potions_floor_spawned":[1,11],"killed_by":"Hexaghost","ascension_level":3}