{"gold_per_floor":[119,119,139,62,80,142,142,175,175,201,213,178,253,273,273,370,370,386,386,400,6,23,57,0,15,15,15,49,148,148,168,168,273,273,286,306,406,458,199,225,225,256,281,281,294,294],"floor_reached":46,"playtime":3497,"items_purged":["Strike_R"],"score":761,"play_id":"e87800a2-4668-4eb8-9f7c-33d2baa8c765","local_time":"20190202201605","daily_mods":["Chimera","Time Dilation","Elite Swarm"],"is_ascension_mode":false,"campfire_choices":[{"data":"Adrenaline","floor":7,"key":"SMITH"},{"floor":15,"key":"REST"},{"floor":27,"key":"REST"},{"floor":32,"key":"REST"},{"floor":41,"key":"REST"}],"neow_cost":"","seed_source_timestamp":0,"circlet_count":0,"master_deck":["Bash","Survivor","Zap+1","Strike_G","Strike_B","Defend_R","Defend_G","Defend_B","Underhanded Strike","Dagger Spray","Dash","Adrenaline+1","Envenom","After Image","Poisoned Stab","After Image","Dagger Spray","Calculated Gamble","Caltrops","Blade Dance+1","After Image","Bouncing Flask+1","A Thousand Cuts","Caltrops","Corpse Explosion","Blade Dance+1","Riddle With Holes+1","Sadistic Nature","Skewer","Backflip","Envenom","Bullet Time","Noxious Fumes+1"],"relics":["Ring of the Serpent","Tiny Chest","Unceasing Top","Paper Crane","Orichalcum","Runic Pyramid","Shuriken","Meat on the Bone","Mummified Hand","Tingsha","Pocketwatch","Incense Burner","Pantograph","Ornamental Fan","Happy Flower","Ninja Scroll"],"potions_floor_usage":[8,11,18,22,23,28,28,33,38,40,42,46],"damage_taken":[{"damage":8,"enemies":"Small Slimes","floor":1,"turns":5},{"damage":0,"enemies":"2 Louse","floor":3,"turns":2},{"damage":1,"enemies":"Cultist","floor":5,"turns":3},{"damage":13,"enemies":"Lagavulin","floor":6,"turns":5},{"damage":0,"enemies":"Gremlin Nob","floor":8,"turns":3},{"damage":26,"enemies":"Lagavulin","floor":10,"turns":5},{"damage":0,"enemies":"Gremlin Gang","floor":11,"turns":1},{"damage":0,"enemies":"Blue Slaver","floor":14,"turns":2},{"damage":14,"enemies":"The Guardian","floor":16,"turns":9},{"damage":4,"enemies":"3 Byrds","floor":18,"turns":4},{"damage":10,"enemies":"Shell Parasite","floor":20,"turns":5},{"damage":12,"enemies":"Centurion and Healer","floor":22,"turns":4},{"damage":24,"enemies":"Slavers","floor":23,"turns":5},{"damage":0,"enemies":"Snecko","floor":25,"turns":4},{"damage":0,"enemies":"Book of Stabbing","floor":28,"turns":4},{"damage":2,"enemies":"Shelled Parasite and Fungi","floor":31,"turns":4},{"damage":24,"enemies":"Automaton","floor":33,"turns":7},{"damage":18,"enemies":"3 Darklings","floor":35,"turns":2},{"damage":0,"enemies":"Orb Walker","floor":36,"turns":3},{"damage":6,"enemies":"Mind Bloom Boss Battle","floor":37,"turns":4},{"damage":0,"enemies":"2 Orb Walkers","floor":38,"turns":2},{"damage":40,"enemies":"Nemesis","floor":40,"turns":5},{"damage":35,"enemies":"Reptomancer","floor":42,"turns":4},{"damage":0,"enemies":"4 Shapes","floor":45,"turns":3},{"damage":36,"enemies":"Nemesis","floor":46,"turns":2}],"seed_played":"-8737285213604792417","potions_obtained":[{"floor":6,"key":"Strength Potion"},{"floor":10,"key":"Explosive Potion"},{"floor":14,"key":"EssenceOfSteel"},{"floor":16,"key":"GamblersBrew"},{"floor":22,"key":"GhostInAJar"},{"floor":23,"key":"FearPotion"},{"floor":25,"key":"Weak Potion"},{"floor":28,"key":"Strength Potion"},{"floor":35,"key":"FearPotion"},{"floor":37,"key":"Block Potion"},{"floor":40,"key":"Fire Potion"},{"floor":45,"key":"Strength Potion"}],"is_trial":true,"path_per_floor":["M","?","M","$","M","E","R","E","T","E","M","?","?","M","R","B",null,"M","?","M","$","M","E","?","M","T","R","E","?","?","M","R","B",null,"M","M","?","?","$","E","R","E","T","T","M","E"],"character_chosen":"THE_SILENT","items_purchased":["Dash","Shuriken","Caltrops","Sadistic Nature","Skewer","Backflip"],"campfire_rested":4,"item_purchase_floors":[4,21,21,39,39,39],"current_hp_per_floor":[62,62,62,62,61,48,48,48,48,22,22,39,32,32,53,39,70,66,53,43,43,31,7,7,19,19,41,41,41,38,48,70,46,75,57,57,51,51,51,23,45,22,22,22,34,0],"gold":294,"neow_bonus":"","is_prod":false,"is_daily":false,"chose_seed":false,"campfire_upgraded":1,"win_rate":0,"timestamp":1549138565,"path_taken":["M","?","M","$","?","E","R","E","T","E","M","?","?","?","R","BOSS","M","?","M","$","M","E","?","M","T","R","E","?","?","M","R","BOSS","M","?","?","?","$","E","R","E","T","?","M","E"],"build_version":"2019-01-23","purchased_purges":1,"victory":false,"max_hp_per_floor":[70,70,70,70,70,70,70,70,70,70,70,70,70,70,70,70,70,70,75,75,75,75,75,75,75,75,75,75,75,75,75,75,75,75,75,75,75,75,75,75,75,75,75,75,75,75],"card_choices":[{"not_picked":["Slice","Tactician"],"picked":"Underhanded Strike","floor":1},{"not_picked":["Dagger Throw","Underhanded Strike"],"picked":"Dagger Spray","floor":3},{"not_picked":["Acrobatics","Concentrate","Expertise"],"picked":"SKIP","floor":5},{"not_picked":["Unload","Grand Finale"],"picked":"Adrenaline","floor":6},{"not_picked":["Storm of Steel","Die Die Die"],"picked":"Envenom","floor":8},{"not_picked":["Wraith Form v2","Unload"],"picked":"After Image","floor":10},{"not_picked":["Bouncing Flask","Quick Slash","Acrobatics"],"picked":"SKIP","floor":11},{"not_picked":["Terror","Reflex"],"picked":"Poisoned Stab","floor":14},{"not_picked":["Wraith Form v2","Glass Knife"],"picked":"After Image","floor":16},{"not_picked":["Choke","Acrobatics+1"],"picked":"Dagger Spray","floor":18},{"not_picked":["Underhanded Strike","Dodge and Roll+1"],"picked":"Calculated Gamble","floor":20},{"not_picked":["Escape Plan+1","Accuracy"],"picked":"Blade Dance+1","floor":22},{"not_picked":["Glass Knife","Die Die Die"],"picked":"After Image","floor":23},{"not_picked":["Tactician+1","Endless Agony"],"picked":"Bouncing Flask+1","floor":25},{"not_picked":["Die Die Die","Glass Knife"],"picked":"A Thousand Cuts","floor":28},{"not_picked":["Deflect","Outmaneuver"],"picked":"Caltrops","floor":31},{"not_picked":["Doppelganger","After Image"],"picked":"Corpse Explosion","floor":33},{"not_picked":["Well Laid Plans","Bane+1"],"picked":"Blade Dance+1","floor":35},{"not_picked":["Poisoned Stab+1","Prepared+1"],"picked":"Riddle With Holes+1","floor":36},{"not_picked":["Doppelganger","Venomology"],"picked":"Envenom","floor":40},{"not_picked":["After Image","Night Terror"],"picked":"Bullet Time","floor":42},{"not_picked":["Calculated Gamble+1","Deflect"],"picked":"Noxious Fumes+1","floor":45}],"player_experience":1267291,"relics_obtained":[{"floor":6,"key":"Tiny Chest"},{"floor":8,"key":"Unceasing Top"},{"floor":9,"key":"Paper Crane"},{"floor":10,"key":"Orichalcum"},{"floor":23,"key":"Meat on the Bone"},{"floor":26,"key":"Mummified Hand"},{"floor":28,"key":"Tingsha"},{"floor":37,"key":"Pocketwatch"},{"floor":38,"key":"Incense Burner"},{"floor":40,"key":"Pantograph"},{"floor":42,"key":"Ornamental Fan"},{"floor":43,"key":"Happy Flower"},{"floor":44,"key":"Ninja Scroll"}],"event_choices":[{"damage_healed":0,"gold_gain":0,"player_choice":"Forge","damage_taken":0,"max_hp_gain":0,"max_hp_loss":0,"event_name":"Accursed Blacksmith","floor":2,"gold_loss":0,"cards_upgraded":["Zap"]},{"damage_healed":17,"gold_gain":0,"player_choice":"Healed","damage_taken":0,"max_hp_gain":0,"max_hp_loss":0,"event_name":"The Cleric","floor":12,"gold_loss":35},{"damage_healed":0,"gold_gain":75,"player_choice":"Touch","damage_taken":7,"max_hp_gain":0,"max_hp_loss":0,"event_name":"FaceTrader","floor":13,"gold_loss":0},{"damage_healed":0,"gold_gain":0,"player_choice":"Shed Blood","damage_taken":18,"max_hp_gain":5,"max_hp_loss":0,"event_name":"Forgotten Altar","floor":19,"gold_loss":0},{"damage_healed":0,"gold_gain":0,"player_choice":"Paid Fearfully","damage_taken":0,"max_hp_gain":0,"max_hp_loss":0,"event_name":"Masked Bandits","floor":24,"gold_loss":57},{"damage_healed":0,"gold_gain":99,"player_choice":"Stole From Cult","damage_taken":0,"max_hp_gain":0,"max_hp_loss":0,"event_name":"Nest","floor":29,"gold_loss":0},{"damage_healed":0,"gold_gain":0,"player_choice":"Punched","damage_taken":3,"max_hp_gain":0,"max_hp_loss":0,"event_name":"Designer","floor":30,"gold_loss":0},{"damage_healed":0,"gold_gain":0,"player_choice":"Fight","damage_taken":0,"max_hp_gain":0,"max_hp_loss":0,"event_name":"MindBloom","floor":37,"gold_loss":0},{"damage_healed":0,"gold_gain":0,"player_choice":"Fight","damage_taken":0,"max_hp_gain":0,"max_hp_loss":0,"event_name":"Mysterious Sphere","floor":38,"gold_loss":0}],"is_beta":false,"boss_relics":[{"not_picked":["Sozu","HoveringKite"],"picked":"Runic Pyramid"},{"not_picked":["Coffee Dripper","Black Star"],"picked":"Ring of the Serpent"}],"items_purged_floors":[21],"is_endless":true,"potions_floor_spawned":[6,10,14,16,22,23,25,28,35,37,40,45],"killed_by":"Nemesis","ascension_level":0}