{"gold_per_floor":[116,132,132,132,146,146,173,173,173,173,173,185,201,201,201,201],"floor_reached":16,"playtime":456,"items_purged":[],"score":125,"play_id":"c06c08b6-2e27-4761-8150-c2d2776d71cd","local_time":"20190119144412","is_ascension_mode":true,"campfire_choices":[{"data":"Caltrops","floor":6,"key":"SMITH"},{"data":"Burst","floor":8,"key":"SMITH"},{"floor":10,"key":"RECALL"},{"floor":15,"key":"REST"}],"neow_cost":"NONE","seed_source_timestamp":1514587300696600,"circlet_count":0,"master_deck":["Defend_G","Defend_G","Defend_G","Defend_G","Defend_G","Strike_G","Strike_G","Strike_G","Strike_G","Survivor","Neutralize+1","Caltrops+1","Prepared","Burst+1"],"relics":["Ring of the Snake","Turnip","Shuriken","Golden Idol"],"potions_floor_usage":[7,7,13],"damage_taken":[{"damage":1,"enemies":"Jaw Worm","floor":1,"turns":4},{"damage":0,"enemies":"2 Louse","floor":2,"turns":2},{"damage":0,"enemies":"Cultist","floor":5,"turns":4},{"damage":24,"enemies":"Gremlin Nob","floor":7,"turns":5},{"damage":4,"enemies":"Large Slime","floor":12,"turns":9},{"damage":1,"enemies":"Exordium Thugs","floor":13,"turns":5},{"damage":71,"enemies":"Slime Boss","floor":16,"turns":14}],"seed_played":"7582286893445521332","potions_obtained":[{"floor":2,"key":"LiquidBronze"},{"floor":5,"key":"EssenceOfSteel"},{"floor":7,"key":"Fire Potion"},{"floor":13,"key":"SmokeBomb"}],"is_trial":false,"path_per_floor":["M","M","?","?","M","R","E","R","T","R","?","M","M","?","R","B"],"character_chosen":"THE_SILENT","items_purchased":[],"campfire_rested":1,"item_purchase_floors":[],"current_hp_per_floor":[69,69,74,74,74,74,50,50,50,50,50,46,45,45,65,0],"gold":201,"neow_bonus":"UPGRADE_CARD","is_prod":false,"is_daily":false,"chose_seed":false,"campfire_upgraded":2,"win_rate":0,"timestamp":1547905452,"path_taken":["M","M","?","?","M","R","E","R","T","R","?","M","?","?","R","BOSS"],"build_version":"2019-01-17v2","purchased_purges":0,"victory":false,"max_hp_per_floor":[70,70,75,75,75,75,75,75,75,75,75,75,75,69,69,69],"card_choices":[{"not_picked":["Sucker Punch","Blade Dance","Terror"],"picked":"SKIP","floor":1},{"not_picked":["Flechettes","Dash"],"picked":"Caltrops","floor":2},{"not_picked":["Blade Dance","Outmaneuver"],"picked":"Prepared","floor":5},{"not_picked":["Blade Dance","Backstab"],"picked":"Burst","floor":7},{"not_picked":["Finisher","Slice","Deflect"],"picked":"SKIP","floor":12},{"not_picked":["Dodge and Roll","Dagger Spray","Quick Slash"],"picked":"SKIP","floor":13}],"player_experience":842752,"relics_obtained":[{"floor":7,"key":"Turnip"},{"floor":9,"key":"Shuriken"}],"event_choices":[{"damage_healed":0,"gold_gain":0,"player_choice":"Donut","damage_taken":0,"max_hp_gain":5,"max_hp_loss":0,"event_name":"Big Fish","floor":3,"gold_loss":0},{"damage_healed":0,"gold_gain":0,"player_choice":"Ignored","damage_taken":0,"max_hp_gain":0,"max_hp_loss":0,"event_name":"Liars Game","floor":4,"gold_loss":0},{"cards_removed":["Strike_G"],"damage_healed":0,"gold_gain":0,"player_choice":"Purged","damage_taken":0,"max_hp_gain":0,"max_hp_loss":0,"event_name":"Purifier","floor":11,"gold_loss":0},{"damage_healed":0,"gold_gain":0,"player_choice":"Lose Max HP","damage_taken":0,"relics_obtained":["Golden Idol"],"max_hp_gain":0,"max_hp_loss":6,"event_name":"Golden Idol","floor":14,"gold_loss":0}],"is_beta":false,"boss_relics":[],"items_purged_floors":[],"is_endless":false,"potions_floor_spawned":[2,5,7,13],"killed_by":"Slime Boss","ascension_level":5}