{"gold_per_floor":[111,111,121,121,139,164,183,38,38,3,34,45,60,95,95,95],"floor_reached":16,"playtime":2210,"items_purged":["Strike_R"],"score":122,"play_id":"eb319888-f703-4d87-8b02-3fca8baff879","local_time":"20190210160012","is_ascension_mode":false,"campfire_choices":[{"data":"Exhume","floor":15,"key":"SMITH"}],"neow_cost":"NONE","seed_source_timestamp":202585978605978,"circlet_count":0,"master_deck":["Strike_R","Strike_R","Strike_R","Defend_R","Defend_R","Defend_R","Defend_R","Bash","Pummel","Blood for Blood","Exhume+1","Whirlwind","Flame Barrier","Spot Weakness","Ghostly Armor","Flex","Reaper"],"relics":["Burning Blood","Boot","Mercury Hourglass","Gambling Chip","Darkstone Periapt"],"potions_floor_usage":[12],"damage_taken":[{"damage":4,"enemies":"2 Louse","floor":1,"turns":4},{"damage":8,"enemies":"Jaw Worm","floor":3,"turns":3},{"damage":9,"enemies":"Cultist","floor":5,"turns":4},{"damage":33,"enemies":"Lagavulin","floor":6,"turns":9},{"damage":18,"enemies":"Large Slime","floor":7,"turns":5},{"damage":26,"enemies":"3 Sentries","floor":11,"turns":5},{"damage":0,"enemies":"3 Louse","floor":12,"turns":2},{"damage":0,"enemies":"2 Fungi Beasts","floor":13,"turns":3},{"damage":12,"enemies":"Gremlin Nob","floor":14,"turns":4},{"damage":53,"enemies":"Hexaghost","floor":16,"turns":9}],"seed_played":"-5675469525121270934","potions_obtained":[{"floor":1,"key":"PowerPotion"},{"floor":4,"key":"Fire Potion"},{"floor":4,"key":"Weak Potion"},{"floor":11,"key":"Fruit Juice"},{"floor":12,"key":"SpeedPotion"},{"floor":14,"key":"Regen Potion"}],"is_trial":false,"path_per_floor":["M","?","M","?","M","E","M","$","T","?","E","M","M","E","R","B"],"character_chosen":"IRONCLAD","items_purchased":["Flame Barrier"],"campfire_rested":0,"item_purchase_floors":[8],"current_hp_per_floor":[88,81,79,79,76,49,37,37,37,59,39,50,56,50,50,0],"gold":95,"neow_bonus":"TEN_PERCENT_HP_BONUS","is_prod":false,"is_daily":false,"chose_seed":false,"campfire_upgraded":1,"win_rate":0.0,"timestamp":1549810812,"path_taken":["M","?","M","?","?","E","M","$","T","?","E","M","M","E","R","BOSS"],"build_version":"2019-01-23","purchased_purges":1,"victory":false,"max_hp_per_floor":[88,88,88,88,88,88,88,88,88,88,88,93,93,93,93,93],"card_choices":[{"not_picked":["Anger","Cleave"],"picked":"Pummel","floor":1},{"not_picked":["Sword Boomerang","Second Wind","Clash"],"picked":"SKIP","floor":3},{"not_picked":["Body Slam","Cleave"],"picked":"Blood for Blood","floor":5},{"not_picked":["Heavy Blade","Thunderclap"],"picked":"Exhume","floor":6},{"not_picked":["Hemokinesis","Iron Wave"],"picked":"Whirlwind","floor":7},{"not_picked":["Ghostly Armor","Burning Pact"],"picked":"Spot Weakness","floor":11},{"not_picked":["Cleave","Disarm"],"picked":"Ghostly Armor","floor":12},{"not_picked":["Thunderclap","Pommel Strike"],"picked":"Flex","floor":13},{"not_picked":["Burning Pact","Heavy Blade"],"picked":"Reaper","floor":14}],"player_experience":158141,"relics_obtained":[{"floor":6,"key":"Boot"},{"floor":9,"key":"Mercury Hourglass"},{"floor":11,"key":"Gambling Chip"},{"floor":14,"key":"Darkstone Periapt"}],"event_choices":[{"cards_removed":["Strike_R"],"damage_healed":0,"gold_gain":0,"player_choice":"Card Removal","damage_taken":7,"max_hp_gain":0,"max_hp_loss":0,"event_name":"Golden Wing","floor":2,"gold_loss":0},{"damage_healed":0,"gold_gain":0,"player_choice":"Got Potions","damage_taken":0,"max_hp_gain":0,"max_hp_loss":0,"event_name":"Lab","floor":4,"gold_loss":0},{"damage_healed":22,"gold_gain":0,"player_choice":"Healed","damage_taken":0,"max_hp_gain":0,"max_hp_loss":0,"event_name":"The Cleric","floor":10,"gold_loss":35}],"is_beta":false,"boss_relics":[],"items_purged_floors":[8],"is_endless":false,"potions_floor_spawned":[1,5,11,12,14],"killed_by":"Hexaghost","ascension_level":0}