{"gold_per_floor":[112,112,112,14,34,34,65,83,110,110,125,125,300,265,265,362,362,332,23,23,23,42,42,53,53,53,53,68,68,83,93,93,93],"floor_reached":33,"playtime":7060,"items_purged":[],"score":270,"play_id":"a61acb0b-cd38-42e0-8144-08ba3fd1616f","local_time":"20190126195850","is_ascension_mode":false,"campfire_choices":[{"data":"Trip","floor":6.0,"key":"SMITH"},{"data":"Body Slam","floor":10.0,"key":"SMITH"},{"floor":15.0,"key":"REST"},{"floor":23.0,"key":"REST"},{"floor":29.0,"key":"REST"},{"floor":32,"key":"REST"}],"neow_cost":"NONE","seed_source_timestamp":0,"circlet_count":0,"master_deck":["Strike_R","Strike_R","Strike_R","Strike_R","Defend_R","Defend_R+1","Defend_R","Defend_R+1","Bash","True Grit","Iron Wave","Trip+1","Body Slam+1","Cleave","Iron Wave","Thunderclap","Doubt","Feed","Cleave","Seeing Red","Trip","Shockwave+1","Infernal Blade","Anger","Carnage","Flex"],"special_seed":0,"relics":["Burning Blood","NeowsBlessing","War Paint","Bag of Marbles","Centennial Puzzle","Runic Cube","Lantern","Nilry\u0027s Codex","Bottled Flame","Frozen Egg 2"],"potions_floor_usage":[33],"damage_taken":[{"damage":0.0,"enemies":"Small Slimes","floor":1.0,"turns":1.0},{"damage":0.0,"enemies":"Jaw Worm","floor":5.0,"turns":1.0},{"damage":0.0,"enemies":"Gremlin Nob","floor":7.0,"turns":1.0},{"damage":1.0,"enemies":"Cultist","floor":8.0,"turns":3.0},{"damage":13.0,"enemies":"Exordium Wildlife","floor":11.0,"turns":5.0},{"damage":65.0,"enemies":"Hexaghost","floor":16.0,"turns":14.0},{"damage":30.0,"enemies":"2 Thieves","floor":18.0,"turns":5.0},{"damage":38.0,"enemies":"Spheric Guardian","floor":22.0,"turns":7.0},{"damage":10.0,"enemies":"Cultist and Chosen","floor":24.0,"turns":4.0},{"damage":15.0,"enemies":"Snake Plant","floor":28.0,"turns":5.0},{"damage":17.0,"enemies":"3 Cultists","floor":30.0,"turns":5.0},{"damage":15,"enemies":"Snecko","floor":31,"turns":4},{"damage":91,"enemies":"Automaton","floor":33,"turns":6}],"seed_played":"-1701897559961358427","potions_obtained":[{"floor":5.0,"key":"Block Potion"},{"floor":11.0,"key":"SteroidPotion"},{"floor":18.0,"key":"SteroidPotion"},{"floor":30,"key":"Weak Potion"}],"is_trial":false,"path_per_floor":["M","?","?","$","M","R","E","M","T","R","M","?","?","?","R","B",null,"M","$","?","T","M","R","M","?","T","?","M","R","M","M","R","B"],"character_chosen":"IRONCLAD","items_purchased":["Trip","Lantern","Seeing Red","Trip"],"campfire_rested":4,"item_purchase_floors":[4,19,19,19],"current_hp_per_floor":[80,85,85,85,85,85,85,85,85,85,78,53,53,74,85,26,85,61,61,45,45,13,38,37,37,37,66,57,83,72,63,88,0],"gold":93,"neow_bonus":"THREE_ENEMY_KILL","is_prod":false,"is_daily":false,"chose_seed":false,"campfire_upgraded":2,"win_rate":0.0,"timestamp":1548550730,"path_taken":["M","?","?","$","M","R","E","M","T","R","?","?","?","?","R","BOSS","M","$","?","?","M","R","M","?","T","?","M","R","?","M","R","BOSS"],"build_version":"2019-01-23","purchased_purges":0,"victory":false,"max_hp_per_floor":[80,85,85,85,85,85,85,85,85,85,85,85,85,85,85,85,85,85,85,85,85,85,85,88,88,88,88,88,88,88,88,88,88],"card_choices":[{"not_picked":["Twin Strike","Sword Boomerang"],"picked":"True Grit","floor":1.0},{"not_picked":["Seeing Red","Sever Soul"],"picked":"Body Slam","floor":5.0},{"not_picked":["Fire Breathing","Spot Weakness"],"picked":"Cleave","floor":7.0},{"not_picked":["Cleave","Pommel Strike"],"picked":"Iron Wave","floor":8.0},{"not_picked":["Sword Boomerang","Metallicize"],"picked":"Thunderclap","floor":11.0},{"not_picked":["Barricade","Offering"],"picked":"Feed","floor":16.0},{"not_picked":["Clash","Burning Pact"],"picked":"Cleave","floor":18.0},{"not_picked":["Warcry","Combust"],"picked":"Shockwave+1","floor":22.0},{"not_picked":["Dual Wield","Flex"],"picked":"Infernal Blade","floor":24.0},{"not_picked":["Iron Wave","Thunderclap"],"picked":"Anger","floor":28.0},{"not_picked":["Perfected Strike","Twin Strike"],"picked":"Carnage","floor":30},{"not_picked":["Rupture+1","Clothesline"],"picked":"Flex","floor":31}],"player_experience":10187,"relics_obtained":[{"floor":7.0,"key":"War Paint"},{"floor":9.0,"key":"Bag of Marbles"},{"floor":20.0,"key":"Nilry\u0027s Codex"},{"floor":21.0,"key":"Bottled Flame"},{"floor":26.0,"key":"Frozen Egg 2"}],"event_choices":[{"damage_healed":0.0,"max_hp_gain":5.0,"max_hp_loss":0.0,"gold_gain":0.0,"event_name":"Big Fish","player_choice":"Donut","floor":2.0,"gold_loss":0.0,"damage_taken":0.0},{"cards_removed":["Strike_R"],"damage_healed":0.0,"max_hp_gain":0.0,"max_hp_loss":0.0,"gold_gain":0.0,"event_name":"NoteForYourself","player_choice":"Took Card","floor":3.0,"gold_loss":0.0,"damage_taken":0.0,"cards_obtained":["Iron Wave"]},{"damage_healed":0.0,"max_hp_gain":0.0,"max_hp_loss":0.0,"gold_gain":0.0,"event_name":"Scrap Ooze","player_choice":"Success","floor":12.0,"gold_loss":0.0,"damage_taken":25.0,"relics_obtained":["Centennial Puzzle"]},{"damage_healed":0.0,"max_hp_gain":0.0,"max_hp_loss":0.0,"gold_gain":175.0,"event_name":"Liars Game","player_choice":"AGREE","floor":13.0,"gold_loss":0.0,"damage_taken":0.0,"cards_obtained":["Doubt"]},{"damage_healed":21.0,"max_hp_gain":0.0,"max_hp_loss":0.0,"gold_gain":0.0,"event_name":"The Cleric","player_choice":"Healed","floor":14.0,"gold_loss":35.0,"damage_taken":0.0},{"damage_healed":0.0,"max_hp_gain":0.0,"max_hp_loss":0.0,"gold_gain":0.0,"event_name":"Cursed Tome","player_choice":"Obtained Book","floor":20.0,"gold_loss":0.0,"damage_taken":16.0},{"damage_healed":0.0,"max_hp_gain":0.0,"max_hp_loss":0.0,"gold_gain":0.0,"event_name":"Vampires","player_choice":"Ignored","floor":25.0,"gold_loss":0.0,"damage_taken":0.0},{"damage_healed":29.0,"max_hp_gain":0.0,"max_hp_loss":0.0,"gold_gain":0.0,"event_name":"The Library","player_choice":"Heal","floor":27.0,"gold_loss":0.0,"damage_taken":0.0}],"is_beta":false,"boss_relics":[{"not_picked":["Calling Bell","Astrolabe"],"picked":"Runic Cube"}],"items_purged_floors":[],"is_endless":false,"potions_floor_spawned":[5,11,18,30],"killed_by":"Automaton","ascension_level":0}