{"gold_per_floor":[110,128,138,154,10,39,39,39,123,139,139,168,168,179,179,179],"floor_reached":16,"playtime":823,"items_purged":[],"score":212,"play_id":"04a9f45b-094e-44b1-bab6-67ea90d152be","local_time":"20190109185304","is_ascension_mode":true,"campfire_choices":[{"data":"Catalyst","floor":7,"key":"SMITH"},{"data":"Blur","floor":11,"key":"SMITH"},{"floor":15,"key":"REST"}],"neow_cost":"NONE","seed_source_timestamp":29529402230075,"circlet_count":0,"master_deck":["AscendersBane","Defend_G","Defend_G","Defend_G","Defend_G","Defend_G","Strike_G","Strike_G","Strike_G","Strike_G","Survivor","Neutralize","Blur+1","Backstab","Backstab","Flying Knee","Caltrops","Bouncing Flask","Catalyst+1","Regret","Wraith Form v2+1","Catalyst","Expertise","Dagger Spray"],"relics":["Ring of the Snake","NeowsBlessing","Frozen Egg 2","Potion Belt","Tiny Chest","Lantern"],"potions_floor_usage":[6,12,12],"damage_taken":[{"damage":0,"enemies":"Jaw Worm","floor":1,"turns":1},{"damage":0,"enemies":"Small Slimes","floor":2,"turns":1},{"damage":0,"enemies":"2 Louse","floor":3,"turns":1},{"damage":10,"enemies":"Red Slaver","floor":4,"turns":4},{"damage":12,"enemies":"3 Sentries","floor":6,"turns":9},{"damage":0,"enemies":"Blue Slaver","floor":10,"turns":2},{"damage":3,"enemies":"Gremlin Nob","floor":12,"turns":2},{"damage":10,"enemies":"Exordium Thugs","floor":14,"turns":5},{"damage":50,"enemies":"Hexaghost","floor":16,"turns":11}],"seed_played":"6427139577894958966","potions_obtained":[{"floor":1,"key":"Fire Potion"},{"floor":6,"key":"FearPotion"},{"floor":10,"key":"AttackPotion"}],"is_trial":false,"path_per_floor":["M","M","M","M","$","E","R","?","T","M","R","E","?","M","R","B"],"character_chosen":"THE_SILENT","items_purchased":["Caltrops","Bouncing Flask"],"campfire_rested":1,"item_purchase_floors":[5,5],"current_hp_per_floor":[63,63,63,53,53,41,41,41,41,41,41,38,38,28,49,0],"gold":179,"neow_bonus":"THREE_ENEMY_KILL","is_prod":false,"is_daily":false,"chose_seed":false,"campfire_upgraded":2,"win_rate":0,"timestamp":1547059984,"path_taken":["M","M","M","M","$","E","R","?","T","M","R","E","?","M","R","BOSS"],"build_version":"2019-01-03v4","purchased_purges":0,"victory":false,"max_hp_per_floor":[70,70,70,70,70,70,70,70,70,70,70,70,70,70,70,70],"card_choices":[{"not_picked":["Setup","Prepared"],"picked":"Blur","floor":1},{"not_picked":["Prepared","Bane"],"picked":"Backstab","floor":2},{"not_picked":["PiercingWail","Terror"],"picked":"Backstab","floor":3},{"not_picked":["Setup","Accuracy"],"picked":"Flying Knee","floor":4},{"not_picked":["Setup","PiercingWail"],"picked":"Catalyst","floor":6},{"not_picked":["Eviscerate","Slice"],"picked":"Wraith Form v2+1","floor":10},{"not_picked":["All Out Attack","Unload"],"picked":"Catalyst","floor":12},{"not_picked":["Deflect","Poisoned Stab"],"picked":"Dagger Spray","floor":14}],"player_experience":1161015,"relics_obtained":[{"floor":6,"key":"Frozen Egg 2"},{"floor":9,"key":"Tiny Chest"},{"floor":12,"key":"Lantern"}],"event_choices":[{"damage_healed":0,"gold_gain":0,"player_choice":"Box","damage_taken":0,"relics_obtained":["Potion Belt"],"max_hp_gain":0,"max_hp_loss":0,"event_name":"Big Fish","floor":8,"gold_loss":0,"cards_obtained":["Regret"]},{"damage_healed":0,"gold_gain":0,"cards_transformed":["Strike_G"],"player_choice":"Change","damage_taken":0,"max_hp_gain":0,"max_hp_loss":0,"event_name":"Living Wall","floor":13,"gold_loss":0,"cards_obtained":["Expertise"]}],"is_beta":false,"boss_relics":[],"items_purged_floors":[],"is_endless":false,"potions_floor_spawned":[1,6,10],"killed_by":"Hexaghost","ascension_level":11}