{"gold_per_floor":[117,117,48,223,238,238,82,113,136,166,166,192,212,223,223,328,328,340,359,217,217,229,256,275,275],"floor_reached":25,"playtime":1422,"items_purged":["Doubt","Strike_G"],"score":279,"play_id":"91ce6e02-b1f8-4b6b-896c-127f3c9be1a5","local_time":"20190210221403","is_ascension_mode":true,"campfire_choices":[{"data":"Noxious Fumes","floor":6,"key":"SMITH"},{"data":"Distraction","floor":11,"key":"SMITH"},{"data":"Backstab","floor":15,"key":"SMITH"}],"neow_cost":"NONE","seed_source_timestamp":1276422315213789,"circlet_count":0,"master_deck":["Defend_G","Defend_G","Defend_G","Defend_G","Defend_G","Strike_G","Survivor","Neutralize","Skewer","Noxious Fumes+1","Infinite Blades","Backstab+1","Catalyst","Distraction+1","Deadly Poison","Deadly Poison","Burst","Deadly Poison+1","Accuracy+1","Venomology+1","Blade Dance+1","Accuracy","Venomology+1","Poisoned Stab+1","Crippling Poison"],"relics":["Ring of the Snake","NeowsBlessing","The Courier","PreservedInsect","Happy Flower","Pen Nib","Astrolabe","Paper Crane"],"potions_floor_usage":[10,12,16,16,18,18,19,19,19,19,22,23,23,24,24,24,25,25,25],"damage_taken":[{"damage":0,"enemies":"Small Slimes","floor":1,"turns":1},{"damage":0,"enemies":"2 Louse","floor":5,"turns":1},{"damage":0,"enemies":"3 Sentries","floor":8,"turns":1},{"damage":8,"enemies":"Gremlin Nob","floor":10,"turns":5},{"damage":1,"enemies":"3 Sentries","floor":12,"turns":6},{"damage":3,"enemies":"Jaw Worm","floor":13,"turns":2},{"damage":0,"enemies":"Blue Slaver","floor":14,"turns":3},{"damage":48,"enemies":"Slime Boss","floor":16,"turns":9},{"damage":5,"enemies":"3 Byrds","floor":18,"turns":3},{"damage":7,"enemies":"2 Thieves","floor":19,"turns":3},{"damage":21,"enemies":"Snake Plant","floor":22,"turns":2},{"damage":21,"enemies":"Book of Stabbing","floor":23,"turns":4},{"damage":0,"enemies":"Centurion and Healer","floor":24,"turns":6},{"damage":21,"enemies":"Cultist and Chosen","floor":25,"turns":4}],"seed_played":"-3187485012366934029","potions_obtained":[{"floor":8,"key":"Block Potion"},{"floor":10,"key":"Fire Potion"},{"floor":12,"key":"GhostInAJar"},{"floor":14,"key":"FearPotion"},{"floor":16,"key":"Explosive Potion"},{"floor":19,"key":"SteroidPotion"}],"is_trial":false,"path_per_floor":["M","?","$","?","M","R","$","E","T","E","R","E","M","M","R","B",null,"M","M","$","?","M","E","M","M"],"character_chosen":"THE_SILENT","items_purchased":["Noxious Fumes","Backstab","Accuracy"],"campfire_rested":0,"item_purchase_floors":[3,7,20],"current_hp_per_floor":[70,75,75,75,75,75,75,75,75,67,67,66,63,63,63,15,75,70,63,63,63,42,21,21,0],"gold":275,"neow_bonus":"THREE_ENEMY_KILL","is_prod":false,"is_daily":false,"chose_seed":false,"campfire_upgraded":3,"win_rate":0,"timestamp":1549854843,"path_taken":["M","?","$","?","M","R","?","E","T","E","R","E","M","M","R","BOSS","M","M","$","?","M","E","?","M"],"build_version":"2019-01-23","purchased_purges":2,"victory":false,"max_hp_per_floor":[70,75,75,75,75,75,75,75,75,75,75,75,75,75,75,75,75,75,75,75,75,75,75,75,75],"card_choices":[{"not_picked":["PiercingWail","Choke"],"picked":"Skewer","floor":1},{"not_picked":["Predator","Quick Slash"],"picked":"Infinite Blades","floor":5},{"not_picked":["Die Die Die","PiercingWail"],"picked":"Catalyst","floor":8},{"not_picked":["Outmaneuver","Deflect"],"picked":"Distraction","floor":10},{"not_picked":["Bane","Sucker Punch"],"picked":"Deadly Poison","floor":12},{"not_picked":["Choke","Doppelganger"],"picked":"Deadly Poison","floor":13},{"not_picked":["Acrobatics","Backflip","Slice"],"picked":"SKIP","floor":14},{"not_picked":["Venomology","Adrenaline"],"picked":"Burst","floor":16},{"not_picked":["Noxious Fumes","Dagger Throw"],"picked":"Blade Dance+1","floor":18},{"not_picked":["Outmaneuver","Dagger Spray","Sucker Punch"],"picked":"SKIP","floor":19},{"not_picked":["Eviscerate","Finisher"],"picked":"Poisoned Stab+1","floor":22},{"not_picked":["Dagger Throw","Infinite Blades"],"picked":"Crippling Poison","floor":23},{"not_picked":["Concentrate","Quick Slash","Expertise"],"picked":"SKIP","floor":24}],"player_experience":97444,"relics_obtained":[{"floor":8,"key":"The Courier"},{"floor":9,"key":"PreservedInsect"},{"floor":10,"key":"Happy Flower"},{"floor":12,"key":"Pen Nib"},{"floor":23,"key":"Paper Crane"}],"event_choices":[{"damage_healed":0,"gold_gain":0,"player_choice":"Donut","damage_taken":0,"max_hp_gain":5,"max_hp_loss":0,"event_name":"Big Fish","floor":2,"gold_loss":0},{"damage_healed":0,"gold_gain":175,"player_choice":"AGREE","damage_taken":0,"max_hp_gain":0,"max_hp_loss":0,"event_name":"Liars Game","floor":4,"gold_loss":0,"cards_obtained":["Doubt"]},{"damage_healed":0,"gold_gain":0,"player_choice":"Copied","damage_taken":0,"max_hp_gain":0,"max_hp_loss":0,"event_name":"Duplicator","floor":21,"gold_loss":0,"cards_obtained":["Venomology"]}],"is_beta":false,"boss_relics":[{"not_picked":["HoveringKite","Snecko Eye"],"picked":"Astrolabe"}],"items_purged_floors":[7,20],"is_endless":false,"potions_floor_spawned":[8,10,12,14,16,19],"killed_by":"Cultist and Chosen","ascension_level":1}