{"gold_per_floor":[141,152,152,152,175,206,206,229,276,276,301,301,314,338,338,458,458,478,502,517,541,541,541,575,575,598,598,598,617,199,219,219,350,350,364,379,402,402,416,416],"floor_reached":40,"playtime":3313,"items_purged":["Writhe"],"score":605,"play_id":"4109daaf-de21-43b6-b834-e55df6fa5c5f","local_time":"20190206183953","is_ascension_mode":true,"campfire_choices":[{"floor":7,"key":"REST"},{"floor":10,"key":"REST"},{"floor":15,"key":"REST"},{"floor":23,"key":"REST"},{"floor":27,"key":"REST"},{"data":"Blizzard","floor":32,"key":"SMITH"}],"neow_cost":"NONE","seed_source_timestamp":1046107016424804,"circlet_count":0,"master_deck":["Defend_B","Defend_B","Defend_B","Zap+1","Dualcast","Chill","Cold Snap","Reinforced Body","Reboot","Streamline","Blizzard+1","Coolheaded","Echo Form","Conserve Battery+1","Bite","Bite","Bite","Bite","Bite","Conserve Battery+1","Master of Strategy","Rebound","Seek","Hologram","Defragment+1","Parasite"],"relics":["Cracked Core","Tiny Chest","Golden Idol","Singing Bowl","Ancient Tea Set","Question Card","Sozu","Happy Flower","Nunchaku","Membership Card","Lantern","Cursed Key"],"potions_floor_usage":[16,40,40],"damage_taken":[{"damage":0,"enemies":"2 Louse","floor":1,"turns":3},{"damage":5,"enemies":"Jaw Worm","floor":2,"turns":3},{"damage":0,"enemies":"Cultist","floor":5,"turns":3},{"damage":41,"enemies":"Gremlin Nob","floor":6,"turns":6},{"damage":0,"enemies":"Blue Slaver","floor":8,"turns":4},{"damage":7,"enemies":"Looter","floor":11,"turns":3},{"damage":7,"enemies":"2 Fungi Beasts","floor":13,"turns":4},{"damage":12,"enemies":"Exordium Thugs","floor":14,"turns":5},{"damage":14,"enemies":"Slime Boss","floor":16,"turns":16},{"damage":2,"enemies":"Chosen","floor":18,"turns":6},{"damage":10,"enemies":"3 Byrds","floor":19,"turns":6},{"damage":21,"enemies":"Snake Plant","floor":20,"turns":6},{"damage":0,"enemies":"Centurion and Healer","floor":21,"turns":8},{"damage":43,"enemies":"Gremlin Leader","floor":24,"turns":8},{"damage":13,"enemies":"Sentry and Sphere","floor":29,"turns":7},{"damage":0,"enemies":"Chosen and Byrds","floor":31,"turns":8},{"damage":61,"enemies":"Collector","floor":33,"turns":12},{"damage":10,"enemies":"3 Shapes","floor":35,"turns":4},{"damage":11,"enemies":"Orb Walker","floor":36,"turns":4},{"damage":28,"enemies":"4 Shapes","floor":37,"turns":5},{"damage":42,"enemies":"Writhing Mass","floor":39,"turns":10},{"damage":49,"enemies":"Giant Head","floor":40,"turns":11}],"seed_played":"-8068845085836008448","potions_obtained":[{"floor":5,"key":"SpeedPotion"},{"floor":8,"key":"FocusPotion"},{"floor":16,"key":"Block Potion"}],"is_trial":false,"path_per_floor":["M","M","?","?","M","E","R","M","T","R","M","T","M","M","R","B",null,"M","M","M","M","?","R","E","?","T","R","?","M","$","M","R","B",null,"M","M","M","?","M","E"],"character_chosen":"DEFECT","items_purchased":["Membership Card","Master of Strategy","Lantern"],"campfire_rested":5,"item_purchase_floors":[30,30,30],"current_hp_per_floor":[68,63,63,45,45,6,29,29,29,52,45,45,38,26,49,35,67,67,59,40,42,42,67,24,24,24,41,41,48,48,59,59,30,52,54,51,39,39,23,0],"gold":416,"neow_bonus":"RANDOM_COMMON_RELIC","is_prod":false,"is_daily":false,"chose_seed":false,"campfire_upgraded":1,"win_rate":0,"timestamp":1549474793,"path_taken":["M","M","?","?","M","E","R","M","T","R","M","?","?","M","R","BOSS","M","M","M","M","?","R","E","?","T","R","?","M","$","?","R","BOSS","M","M","M","?","M","E"],"build_version":"2019-01-23","purchased_purges":1,"victory":false,"max_hp_per_floor":[75,75,75,75,75,77,77,77,77,77,77,77,77,77,77,77,77,79,81,83,85,85,85,85,59,59,59,59,59,59,59,59,59,59,59,59,61,61,63,63],"card_choices":[{"not_picked":["Redo","Stack"],"picked":"Chill","floor":1},{"not_picked":["Doom and Gloom","Stack"],"picked":"Cold Snap","floor":2},{"not_picked":["Turbo","Leap"],"picked":"Reinforced Body","floor":5},{"not_picked":["Rebound","Redo","Double Energy"],"picked":"Singing Bowl","floor":6},{"not_picked":["Rebound","Tempest"],"picked":"Reboot","floor":8},{"not_picked":["Consume","Sweeping Beam"],"picked":"Streamline","floor":11},{"not_picked":["Fusion","Coolheaded","Gash"],"picked":"Blizzard","floor":13},{"not_picked":["Cold Snap","Sunder","Ball Lightning"],"picked":"Coolheaded","floor":14},{"not_picked":["Reboot","Seek","Amplify"],"picked":"Echo Form","floor":16},{"not_picked":["Beam Cell","Skim","Doom and Gloom","Scrape"],"picked":"Singing Bowl","floor":18},{"not_picked":["Leap","Fusion","Rebound","Aggregate+1"],"picked":"Singing Bowl","floor":19},{"not_picked":["Compile Driver","Reprogram","Fusion+1","Sweeping Beam"],"picked":"Singing Bowl","floor":20},{"not_picked":["Doom and Gloom","FTL","Gash","Turbo+1"],"picked":"Singing Bowl","floor":21},{"not_picked":["Static Discharge","Fusion","Recycle"],"picked":"Conserve Battery+1","floor":24},{"not_picked":["Redo","Thunder Strike","Recycle"],"picked":"Conserve Battery+1","floor":29},{"not_picked":["Self Repair","Streamline","Sweeping Beam+1"],"picked":"Rebound","floor":31},{"not_picked":["Meteor Strike","Hyperbeam","Multi-Cast"],"picked":"Seek","floor":33},{"not_picked":["Streamline+1","Hello World+1","Rebound"],"picked":"Hologram","floor":35},{"not_picked":["Steam","Hologram","Cold Snap+1"],"picked":"Defragment+1","floor":36},{"not_picked":["Compile Driver","Ball Lightning+1","Sweeping Beam","Steam"],"picked":"Singing Bowl","floor":37},{"not_picked":["Force Field","Gash+1","Streamline+1","Consume+1"],"picked":"Singing Bowl","floor":39}],"player_experience":253911,"relics_obtained":[{"floor":6,"key":"Singing Bowl"},{"floor":9,"key":"Ancient Tea Set"},{"floor":12,"key":"Question Card"},{"floor":24,"key":"Nunchaku"}],"event_choices":[{"damage_healed":0,"gold_gain":0,"player_choice":"Grow","damage_taken":0,"max_hp_gain":0,"max_hp_loss":0,"event_name":"Living Wall","floor":3,"gold_loss":0,"cards_upgraded":["Zap"]},{"damage_healed":0,"gold_gain":0,"player_choice":"Take Damage","damage_taken":18,"relics_obtained":["Golden Idol"],"max_hp_gain":0,"max_hp_loss":0,"event_name":"Golden Idol","floor":4,"gold_loss":0},{"damage_healed":0,"gold_gain":0,"player_choice":"Opened","damage_taken":0,"relics_obtained":["Happy Flower"],"max_hp_gain":0,"max_hp_loss":0,"event_name":"The Mausoleum","floor":22,"gold_loss":0,"cards_obtained":["Writhe"]},{"damage_healed":0,"gold_gain":0,"player_choice":"Became a vampire","damage_taken":0,"max_hp_gain":0,"max_hp_loss":26,"event_name":"Vampires","floor":25,"gold_loss":0,"cards_obtained":["Bite","Bite","Bite","Bite","Bite"]},{"damage_healed":0,"gold_gain":0,"player_choice":"Bought 0 Potions","damage_taken":0,"max_hp_gain":0,"max_hp_loss":0,"event_name":"The Woman in Blue","floor":28,"gold_loss":0},{"cards_removed":["Defend_B"],"damage_healed":0,"gold_gain":0,"player_choice":"Removed Skill","damage_taken":0,"max_hp_gain":0,"max_hp_loss":0,"event_name":"Falling","floor":38,"gold_loss":0}],"is_beta":false,"boss_relics":[{"not_picked":["White Beast Statue","Nuclear Battery"],"picked":"Sozu"},{"not_picked":["Astrolabe","Snecko Eye"],"picked":"Cursed Key"}],"items_purged_floors":[30],"is_endless":false,"potions_floor_spawned":[5,8,16,18,24,29,31,37],"killed_by":"Giant Head","ascension_level":8}