{"gold_per_floor":[118,137,153,164,339,374,39,58,58,74,27,27,27,43,43,146,146,163,175,193,193,35,67,87,87,87,103,117,117,137,154,154,154],"floor_reached":33,"playtime":2498,"items_purged":["Doubt"],"score":289,"play_id":"b3d21851-16c0-448a-88a9-de270d9cc9e4","local_time":"20181031161838","is_ascension_mode":true,"campfire_choices":[{"floor":12,"key":"REST"},{"floor":15,"key":"REST"},{"floor":29,"key":"REST"},{"data":"Scrape","floor":32,"key":"SMITH"}],"neow_cost":"PERCENT_DAMAGE","seed_source_timestamp":1564442224104,"circlet_count":0,"master_deck":["Strike_B","Strike_B","Strike_B","Strike_B","Defend_B","Defend_B","Defend_B","Defend_B","Zap","Dualcast","Gash","Go for the Eyes","Conserve Battery","Scrape+1","FTL","Steam","Steam","Beam Cell","Self Repair","Gash","Rebound","Reboot","Stack+1","Conserve Battery+1","Beam Cell","Scrape+1","Blind","Sunder","Skim","Chill","Tempest","Melter"],"relics":["Cracked Core","Dead Branch","Question Card","Dream Catcher","Busted Crown","Smiling Mask","MutagenicStrength","Ornamental Fan"],"potions_floor_usage":[6,16,20,30,33],"damage_taken":[{"damage":1,"enemies":"2 Louse","floor":1,"turns":2},{"damage":11,"enemies":"Jaw Worm","floor":2,"turns":3},{"damage":1,"enemies":"Cultist","floor":3,"turns":3},{"damage":14,"enemies":"Exordium Thugs","floor":4,"turns":5},{"damage":15,"enemies":"3 Sentries","floor":6,"turns":6},{"damage":5,"enemies":"Blue Slaver","floor":8,"turns":2},{"damage":8,"enemies":"Lots of Slimes","floor":10,"turns":5},{"damage":5,"enemies":"Gremlin Gang","floor":14,"turns":5},{"damage":23,"enemies":"Hexaghost","floor":16,"turns":8},{"damage":1,"enemies":"3 Byrds","floor":18,"turns":5},{"damage":12,"enemies":"Spheric Guardian","floor":19,"turns":4},{"damage":41,"enemies":"Snake Plant","floor":20,"turns":7},{"damage":32,"enemies":"Book of Stabbing","floor":23,"turns":6},{"damage":11,"enemies":"Snecko","floor":24,"turns":4},{"damage":0,"enemies":"3 Cultists","floor":27,"turns":4},{"damage":0,"enemies":"Shelled Parasite and Fungi","floor":28,"turns":4},{"damage":3,"enemies":"Snake Plant","floor":30,"turns":4},{"damage":14,"enemies":"3 Cultists","floor":31,"turns":5},{"damage":62,"enemies":"Collector","floor":33,"turns":12}],"seed_played":"-6901961642721035984","potions_obtained":[{"floor":1,"key":"Strength Potion"},{"floor":4,"key":"FocusPotion"},{"floor":8,"key":"GamblersBrew"},{"floor":23,"key":"Block Potion"},{"floor":30,"key":"SpeedPotion"},{"floor":31,"key":"SmokeBomb"}],"is_trial":false,"path_per_floor":["M","M","M","M","?","E","$","M","T","M","$","R","?","M","R","B",null,"M","M","M","?","$","E","M","?","T","M","M","R","M","M","R"],"character_chosen":"DEFECT","items_purchased":["Question Card","Beam Cell","Blind","Sunder"],"campfire_rested":3,"item_purchase_floors":[7,11,22,22],"current_hp_per_floor":[67,56,55,41,41,26,26,21,21,13,13,39,39,41,67,51,89,89,84,50,50,50,25,21,21,21,28,35,61,65,58,58,0],"gold":154,"neow_bonus":"TWENTY_PERCENT_HP_BONUS","is_prod":false,"is_daily":false,"chose_seed":false,"campfire_upgraded":1,"win_rate":0,"timestamp":1541017118,"path_taken":["M","M","M","M","?","E","?","M","T","M","$","R","?","M","R","BOSS","M","M","?","?","$","E","M","?","T","M","M","R","?","M","R","BOSS"],"build_version":"2018-10-25v2","purchased_purges":1,"victory":false,"max_hp_per_floor":[89,89,89,89,89,89,89,89,89,89,89,89,89,89,89,89,89,89,89,89,89,89,89,89,89,89,89,89,89,89,89,89,89],"card_choices":[{"not_picked":["Reprogram","Sweeping Beam"],"picked":"Gash","floor":1},{"not_picked":["Cold Snap","Coolheaded"],"picked":"Go for the Eyes","floor":2},{"not_picked":["Loop","Leap"],"picked":"Conserve Battery","floor":3},{"not_picked":["White Noise","Genetic Algorithm"],"picked":"Scrape","floor":4},{"not_picked":["Rebound","Cold Snap"],"picked":"FTL","floor":6},{"not_picked":["Aggregate","Barrage","Force Field"],"picked":"Steam","floor":8},{"not_picked":["Rebound","Leap","Darkness"],"picked":"Steam","floor":10},{"not_picked":["Force Field","Thunder Strike","Cold Snap"],"picked":"Self Repair","floor":12},{"not_picked":["Streamline","Redo","Conserve Battery"],"picked":"Gash","floor":14},{"not_picked":["Creative AI","Compile Driver","Redo"],"picked":"Rebound","floor":15},{"not_picked":["Echo Form","Core Surge","Creative AI"],"picked":"Reboot","floor":16},{"not_picked":["Ball Lightning"],"picked":"Stack+1","floor":18},{"not_picked":["Leap"],"picked":"Conserve Battery+1","floor":19},{"not_picked":["Compile Driver+1"],"picked":"Beam Cell","floor":20},{"not_picked":["Compile Driver"],"picked":"Skim","floor":23},{"not_picked":["Steam Power","Sweeping Beam"],"picked":"SKIP","floor":24},{"not_picked":["Turbo","Force Field"],"picked":"SKIP","floor":27},{"not_picked":["Blizzard"],"picked":"Chill","floor":28},{"not_picked":["Barrage"],"picked":"Tempest","floor":30},{"not_picked":["Redo"],"picked":"Melter","floor":31}],"player_experience":208958,"relics_obtained":[{"floor":6,"key":"Dead Branch"},{"floor":9,"key":"Dream Catcher"},{"floor":23,"key":"Smiling Mask"},{"floor":26,"key":"Ornamental Fan"}],"event_choices":[{"damage_healed":0,"gold_gain":175,"player_choice":"AGREE","damage_taken":0,"max_hp_gain":0,"max_hp_loss":0,"event_name":"Liars Game","floor":5,"gold_loss":0,"cards_obtained":["Doubt"]},{"damage_healed":0,"gold_gain":0,"player_choice":"Upgraded","damage_taken":0,"max_hp_gain":0,"max_hp_loss":0,"event_name":"Upgrade Shrine","floor":13,"gold_loss":0,"cards_upgraded":["Scrape"]},{"damage_healed":0,"gold_gain":0,"player_choice":"Read","damage_taken":0,"max_hp_gain":0,"max_hp_loss":0,"event_name":"The Library","floor":21,"gold_loss":0,"cards_obtained":["Scrape"]},{"damage_healed":0,"gold_gain":0,"player_choice":"Inject Mutagens","damage_taken":0,"relics_obtained":["MutagenicStrength"],"max_hp_gain":0,"max_hp_loss":0,"event_name":"Drug Dealer","floor":25,"gold_loss":0}],"is_beta":false,"boss_relics":[{"not_picked":["Runic Dome","Tiny House"],"picked":"Busted Crown"}],"items_purged_floors":[7],"is_endless":false,"potions_floor_spawned":[1,4,8,23,30,31],"killed_by":"Collector","ascension_level":1}