{"gold_per_floor":[110,129,204,23,23,23,52,52,101,114,142,142,160,435,435,533,533,533,473,473,473],"floor_reached":21,"playtime":2361,"items_purged":["Strike_G"],"score":311,"play_id":"8fea513f-8e98-4766-b046-d4c24dce6c35","local_time":"20181203230736","is_ascension_mode":true,"campfire_choices":[{"data":"Eviscerate","floor":6,"key":"SMITH"},{"data":"Dash","floor":8,"key":"SMITH"},{"data":"Footwork","floor":12,"key":"SMITH"},{"floor":15,"key":"REST"}],"neow_cost":"NONE","seed_source_timestamp":898693430512875,"circlet_count":0,"master_deck":["Defend_G","Defend_G","Defend_G","Defend_G","Defend_G","Strike_G","Strike_G","Strike_G","Strike_G","Survivor","Neutralize","Dash+1","Predator","Eviscerate+1","Footwork+1","Backflip","Leg Sweep","Underhanded Strike","Crippling Poison","Terror","Regret","Underhanded Strike","Tools of the Trade","Dagger Throw+1","Skewer"],"relics":["HoveringKite","Dream Catcher","Potion Belt","Pocketwatch","Ectoplasm"],"potions_floor_usage":[7,11],"damage_taken":[{"damage":16,"enemies":"Jaw Worm","floor":1,"turns":7},{"damage":0,"enemies":"Cultist","floor":2,"turns":5},{"damage":3,"enemies":"3 Sentries","floor":7,"turns":10},{"damage":0,"enemies":"2 Louse","floor":10,"turns":2},{"damage":16,"enemies":"Gremlin Nob","floor":11,"turns":4},{"damage":14,"enemies":"Gremlin Gang","floor":13,"turns":4},{"damage":0,"enemies":"Slime Boss","floor":16,"turns":5},{"damage":14,"enemies":"Shell Parasite","floor":18,"turns":3},{"damage":0,"enemies":"2 Thieves","floor":19,"turns":4},{"damage":28,"enemies":"Sentry and Sphere","floor":20,"turns":6},{"damage":27,"enemies":"Colosseum Slavers","floor":21,"turns":1}],"seed_played":"3420972887298738631","potions_obtained":[{"floor":1,"key":"Regen Potion"},{"floor":7,"key":"SteroidPotion"},{"floor":10,"key":"Energy Potion"},{"floor":16,"key":"LiquidBronze"},{"floor":19,"key":"FearPotion"}],"is_trial":false,"path_per_floor":["M","M","?","$","?","R","E","R","T","M","E","R","M","?","R","B",null,"M","M","M","?"],"character_chosen":"THE_SILENT","items_purchased":["Eviscerate","Footwork"],"campfire_rested":1,"item_purchase_floors":[4,4],"current_hp_per_floor":[47,47,36,36,36,36,48,48,48,48,32,32,18,18,39,39,62,48,48,20,0],"gold":473,"neow_bonus":"BOSS_RELIC","is_prod":false,"is_daily":false,"chose_seed":false,"campfire_upgraded":3,"win_rate":0,"timestamp":1543896456,"path_taken":["M","M","?","$","?","R","E","R","T","?","E","R","M","?","R","BOSS","M","M","?","?"],"build_version":"2018-11-15","purchased_purges":1,"victory":false,"max_hp_per_floor":[70,70,70,70,70,70,70,70,70,70,70,70,70,70,70,70,70,70,70,70,70],"card_choices":[{"not_picked":["All Out Attack","Sucker Punch"],"picked":"Dash","floor":1},{"not_picked":["Underhanded Strike","Sucker Punch"],"picked":"Predator","floor":2},{"not_picked":["Terror","Dodge and Roll"],"picked":"Leg Sweep","floor":7},{"not_picked":["Dodge and Roll","Poisoned Stab"],"picked":"Underhanded Strike","floor":10},{"not_picked":["All Out Attack","Cloak And Dagger"],"picked":"Crippling Poison","floor":11},{"not_picked":["A Thousand Cuts","Outmaneuver"],"picked":"Terror","floor":13},{"not_picked":["Deflect","Escape Plan"],"picked":"Underhanded Strike","floor":15},{"not_picked":["A Thousand Cuts","Grand Finale"],"picked":"Tools of the Trade","floor":16},{"not_picked":["PiercingWail","Sucker Punch","Bane"],"picked":"SKIP","floor":18},{"not_picked":["Slice","Deadly Poison"],"picked":"Dagger Throw+1","floor":19},{"not_picked":["Underhanded Strike","Deflect"],"picked":"Skewer","floor":20}],"player_experience":348664,"relics_obtained":[{"floor":7,"key":"Dream Catcher"},{"floor":9,"key":"Potion Belt"},{"floor":11,"key":"Pocketwatch"}],"event_choices":[{"damage_healed":0,"gold_gain":75,"player_choice":"Gather Gold","damage_taken":11,"max_hp_gain":0,"max_hp_loss":0,"event_name":"World of Goop","floor":3,"gold_loss":0},{"damage_healed":0,"gold_gain":0,"player_choice":"1 cards matched","damage_taken":0,"max_hp_gain":0,"max_hp_loss":0,"event_name":"Match and Keep!","floor":5,"gold_loss":0,"cards_obtained":["Backflip"]},{"damage_healed":0,"gold_gain":275,"player_choice":"Desecrate","damage_taken":0,"max_hp_gain":0,"max_hp_loss":0,"event_name":"Golden Shrine","floor":14,"gold_loss":0,"cards_obtained":["Regret"]},{"damage_healed":0,"gold_gain":0,"player_choice":"Fight","damage_taken":0,"max_hp_gain":0,"max_hp_loss":0,"event_name":"Colosseum","floor":21,"gold_loss":0}],"is_beta":false,"boss_relics":[{"not_picked":["Black Star","WristBlade"],"picked":"Ectoplasm"}],"items_purged_floors":[4],"is_endless":false,"potions_floor_spawned":[1,7,10,16,19],"killed_by":"Colosseum Slavers","ascension_level":6}