{"gold_per_floor":[117,117,117,48,48,48,65,65,134,134,134,148,160,180,180,284,284,294,312,141,153,6,6,21,31,31,31,31,50,3,28,28,28],"floor_reached":33,"playtime":1205,"items_purged":["Strike_B","Strike_B"],"score":321,"play_id":"67e0dc57-8c58-4260-bcc7-2b4b9311aef0","local_time":"20190209115048","is_ascension_mode":true,"campfire_choices":[{"data":"Sweeping Beam","floor":6.0,"key":"SMITH"},{"data":"Tempest","floor":8.0,"key":"SMITH"},{"data":"Zap","floor":10.0,"key":"SMITH"},{"data":"Capacitor","floor":15.0,"key":"SMITH"},{"data":"Self Repair","floor":23.0,"key":"SMITH"},{"floor":28.0,"key":"REST"},{"data":"Reinforced Body","floor":32.0,"key":"SMITH"}],"neow_cost":"TEN_PERCENT_HP_LOSS","seed_source_timestamp":671377668211000,"circlet_count":0,"master_deck":["Defend_B+1","Defend_B+1","Defend_B+1","Zap+1","Dualcast","Capacitor+1","Reboot","Sweeping Beam+1","Storm+1","Tempest+1","Hologram","Static Discharge","Machine Learning","Coolheaded","BootSequence","Self Repair+1","Conserve Battery","Darkness","Conserve Battery","Storm","Reinforced Body+1","Steam","Leap"],"special_seed":0,"relics":["Cracked Core","Ornamental Fan","Nuclear Battery","Dodecahedron","Sundial"],"potions_floor_usage":[33],"damage_taken":[{"damage":2.0,"enemies":"Jaw Worm","floor":1.0,"turns":3.0},{"damage":12.0,"enemies":"2 Louse","floor":7.0,"turns":2.0},{"damage":0.0,"enemies":"Cultist","floor":12.0,"turns":3.0},{"damage":11.0,"enemies":"Large Slime","floor":13.0,"turns":4.0},{"damage":18.0,"enemies":"Gremlin Gang","floor":14.0,"turns":3.0},{"damage":15.0,"enemies":"Hexaghost","floor":16.0,"turns":9.0},{"damage":22.0,"enemies":"2 Thieves","floor":18.0,"turns":3.0},{"damage":2.0,"enemies":"3 Byrds","floor":19.0,"turns":2.0},{"damage":7.0,"enemies":"Snake Plant","floor":21.0,"turns":3.0},{"damage":36.0,"enemies":"3 Cultists","floor":24.0,"turns":5.0},{"damage":4.0,"enemies":"Shelled Parasite and Fungi","floor":25.0,"turns":6.0},{"damage":7.0,"enemies":"Snake Plant","floor":29.0,"turns":3.0},{"damage":17.0,"enemies":"Gremlin Leader","floor":31.0,"turns":5.0},{"damage":74,"enemies":"Automaton","floor":33,"turns":12}],"seed_played":"2415036362439483203","potions_obtained":[{"floor":7.0,"key":"SpeedPotion"},{"floor":13.0,"key":"Block Potion"},{"floor":14.0,"key":"GamblersBrew"},{"floor":16.0,"key":"SteroidPotion"},{"floor":21.0,"key":"Regen Potion"},{"floor":24.0,"key":"Weak Potion"},{"floor":25.0,"key":"Ancient Potion"},{"floor":31.0,"key":"Poison Potion"}],"is_trial":false,"path_per_floor":["M","?","?","$","?","R","M","R","T","R","?","M","M","M","R","B",null,"M","M","$","M","$","R","M","M","T","?","R","M","$","E","R","B"],"character_chosen":"DEFECT","items_purchased":["Storm","Self Repair","Conserve Battery","Conserve Battery","Steam"],"campfire_rested":1,"item_purchase_floors":[4,20,20,22,30],"current_hp_per_floor":[66,66,59,59,59,59,47,47,47,47,47,47,36,18,18,3,52,30,28,28,28,28,28,16,22,22,22,42,45,45,38,38,0],"gold":28,"neow_bonus":"TRANSFORM_TWO_CARDS","is_prod":false,"is_daily":false,"chose_seed":false,"campfire_upgraded":6,"win_rate":0,"timestamp":1549738248,"path_taken":["M","?","?","?","?","R","?","R","T","R","?","M","?","?","R","BOSS","M","M","?","M","$","R","M","M","T","?","R","M","?","E","R","BOSS"],"build_version":"2019-01-23","purchased_purges":2,"victory":false,"max_hp_per_floor":[68,68,68,68,68,68,68,68,68,68,68,68,68,68,68,68,68,68,68,68,68,68,68,68,68,68,68,68,68,68,68,68,68],"card_choices":[{"not_picked":["Hologram","Skim"],"picked":"Sweeping Beam","floor":1.0},{"not_picked":["Compile Driver","Blizzard"],"picked":"Tempest","floor":7.0},{"not_picked":["Blizzard","Gash","Turbo"],"picked":"SKIP","floor":12.0},{"not_picked":["Compile Driver","Lockon"],"picked":"Hologram","floor":13.0},{"not_picked":["Reinforced Body","Beam Cell"],"picked":"Static Discharge","floor":14.0},{"not_picked":["Reboot","Fission"],"picked":"Machine Learning","floor":16.0},{"not_picked":["Barrage","Hologram+1"],"picked":"Coolheaded","floor":18.0},{"not_picked":["Compile Driver","Redo"],"picked":"BootSequence","floor":19.0},{"not_picked":["Barrage","Conserve Battery"],"picked":"Darkness","floor":21.0},{"not_picked":["Redo","Beam Cell+1"],"picked":"Storm","floor":24.0},{"not_picked":["Ball Lightning","Cold Snap","Turbo"],"picked":"SKIP","floor":25.0},{"not_picked":["Streamline+1","Thunder Strike"],"picked":"Reinforced Body","floor":29.0},{"not_picked":["Redo","Streamline"],"picked":"Leap","floor":31.0}],"player_experience":317142,"relics_obtained":[{"floor":9.0,"key":"Ornamental Fan"},{"floor":26.0,"key":"Dodecahedron"},{"floor":31.0,"key":"Sundial"}],"event_choices":[{"damage_healed":0.0,"max_hp_gain":0.0,"max_hp_loss":0.0,"gold_gain":0.0,"cards_transformed":["Strike_B"],"event_name":"Living Wall","player_choice":"Change","floor":2.0,"gold_loss":0.0,"damage_taken":0.0,"cards_obtained":["Hello World"]},{"cards_removed":["Hello World"],"damage_healed":0.0,"max_hp_gain":0.0,"max_hp_loss":0.0,"gold_gain":0.0,"event_name":"Golden Wing","player_choice":"Card Removal","floor":3.0,"gold_loss":0.0,"damage_taken":7.0},{"damage_healed":0.0,"max_hp_gain":0.0,"max_hp_loss":0.0,"gold_gain":0.0,"event_name":"Upgrade Shrine","player_choice":"Upgraded","floor":5.0,"gold_loss":0.0,"damage_taken":0.0,"cards_upgraded":["Storm"]},{"damage_healed":0.0,"max_hp_gain":0.0,"max_hp_loss":0.0,"gold_gain":0.0,"event_name":"The Woman in Blue","player_choice":"Bought 0 Potions","floor":11.0,"gold_loss":0.0,"damage_taken":0.0},{"damage_healed":0.0,"max_hp_gain":0.0,"max_hp_loss":0.0,"gold_gain":0.0,"event_name":"Back to Basics","player_choice":"Simplicity","floor":27.0,"gold_loss":0.0,"damage_taken":0.0,"cards_upgraded":["Defend_B","Defend_B","Defend_B"]}],"is_beta":false,"boss_relics":[{"not_picked":["Runic Dome","Astrolabe"],"picked":"Nuclear Battery"}],"items_purged_floors":[20,22],"is_endless":false,"potions_floor_spawned":[7,13,14,16,21,24,25,31],"killed_by":"Automaton","ascension_level":5}