{"gold_per_floor":[219,233,86,36,36,66,66,66,66,66,94,108,119,41,41,140,140,159,171,191,38,58,58,58,58,58,58,75,37,37,68,68,167,217,227,238,81,81],"floor_reached":38,"playtime":3734,"items_purged":["Strike_G","Strike_G"],"score":427,"play_id":"fd0f2b0a-2295-4ee4-ab7b-a552999e8ef7","local_time":"20190210025520","is_ascension_mode":false,"campfire_choices":[{"floor":8,"key":"REST"},{"floor":10,"key":"REST"},{"floor":15,"key":"REST"},{"data":"After Image","floor":23,"key":"SMITH"},{"data":"Catalyst","floor":25,"key":"SMITH"},{"floor":32,"key":"REST"}],"neow_cost":"NONE","seed_source_timestamp":35857870067700,"circlet_count":0,"master_deck":["Defend_G","Defend_G+1","Defend_G","Defend_G","Defend_G+1","Survivor","Neutralize","Accuracy","Blade Dance+1","Accuracy","After Image+1","Poisoned Stab+1","Catalyst+1","Noxious Fumes","Corpse Explosion","Cloak And Dagger","Bouncing Flask+1","Leg Sweep","Cloak And Dagger","Bouncing Flask","Catalyst","Escape Plan+1","Well Laid Plans+1"],"relics":["Ring of the Snake","Oddly Smooth Stone","Matryoshka","Mercury Hourglass","Empty Cage","Happy Flower","Sundial","Centennial Puzzle","Tiny House","Snake Skull"],"potions_floor_usage":[6,20,28,28,28,31,36],"damage_taken":[{"damage":0,"enemies":"2 Louse","floor":1,"turns":4},{"damage":0,"enemies":"Jaw Worm","floor":2,"turns":6},{"damage":36,"enemies":"Lagavulin","floor":6,"turns":8},{"damage":13,"enemies":"3 Sentries","floor":11,"turns":8},{"damage":0,"enemies":"Small Slimes","floor":12,"turns":2},{"damage":9,"enemies":"Blue Slaver","floor":13,"turns":3},{"damage":29,"enemies":"The Guardian","floor":16,"turns":8},{"damage":0,"enemies":"Shell Parasite","floor":18,"turns":7},{"damage":7,"enemies":"3 Byrds","floor":19,"turns":5},{"damage":8,"enemies":"Centurion and Healer","floor":20,"turns":5},{"damage":14,"enemies":"Shelled Parasite and Fungi","floor":22,"turns":9},{"damage":0,"enemies":"Snecko","floor":28,"turns":4},{"damage":28,"enemies":"Gremlin Leader","floor":31,"turns":9},{"damage":22,"enemies":"Automaton","floor":33,"turns":9},{"damage":7,"enemies":"3 Shapes","floor":35,"turns":5},{"damage":21,"enemies":"3 Darklings","floor":36,"turns":4},{"damage":52,"enemies":"2 Orb Walkers","floor":38,"turns":3}],"seed_played":"708687533446549584","potions_obtained":[{"floor":2,"key":"Fire Potion"},{"floor":11,"key":"Regen Potion"},{"floor":16,"key":"Poison Potion"},{"floor":19,"key":"GamblersBrew"},{"floor":22,"key":"Poison Potion"},{"floor":28,"key":"GhostInAJar"},{"floor":34,"key":"AttackPotion"}],"is_trial":false,"path_per_floor":["M","M","$","?","?","E","?","R","T","R","E","M","M","$","R","B",null,"M","M","M","$","M","R","?","R","T","?","M","$","?","E","R","B",null,"M","M","$","?"],"character_chosen":"THE_SILENT","items_purchased":["Accuracy","Noxious Fumes","Cloak And Dagger","Catalyst","Snake Skull"],"campfire_rested":4,"item_purchase_floors":[3,14,21,29,37],"current_hp_per_floor":[70,70,70,70,70,34,20,41,41,62,49,49,40,40,61,32,70,70,63,70,70,56,56,70,70,70,70,70,70,70,42,63,41,75,68,47,47,0],"gold":81,"neow_bonus":"HUNDRED_GOLD","is_prod":false,"is_daily":false,"chose_seed":false,"campfire_upgraded":2,"win_rate":0.0,"timestamp":1549796120,"path_taken":["M","M","$","?","?","E","?","R","T","R","E","M","?","$","R","BOSS","M","M","M","$","M","R","?","R","T","?","M","?","?","E","R","BOSS","M","M","$","?"],"build_version":"2019-01-23","purchased_purges":2,"victory":false,"max_hp_per_floor":[70,70,70,70,70,70,70,70,70,70,70,70,70,70,70,70,70,70,70,70,70,70,70,70,70,70,70,70,70,70,70,70,70,75,75,75,75,75],"card_choices":[{"not_picked":["Deadly Poison","Underhanded Strike"],"picked":"Accuracy","floor":1},{"not_picked":["Slice","Cloak And Dagger"],"picked":"Blade Dance","floor":2},{"not_picked":["Outmaneuver","Footwork"],"picked":"After Image","floor":6},{"not_picked":["Bane","Eviscerate"],"picked":"Poisoned Stab","floor":11},{"not_picked":["Slice","Flechettes"],"picked":"Catalyst","floor":12},{"not_picked":["Distraction","Caltrops","Quick Slash"],"picked":"SKIP","floor":13},{"not_picked":["Glass Knife","After Image"],"picked":"Corpse Explosion","floor":16},{"not_picked":["All Out Attack","Slice"],"picked":"Cloak And Dagger","floor":18},{"not_picked":["Quick Slash","Terror"],"picked":"Bouncing Flask+1","floor":19},{"not_picked":["Quick Slash+1","Bane"],"picked":"Leg Sweep","floor":20},{"not_picked":["Backflip","Blade Dance"],"picked":"Bouncing Flask","floor":22},{"not_picked":["Sucker Punch","Backflip","Bane"],"picked":"SKIP","floor":28},{"not_picked":["Underhanded Strike","Dagger Spray"],"picked":"Escape Plan+1","floor":31},{"not_picked":["Prepared+1","Backflip"],"picked":"Well Laid Plans+1","floor":35},{"not_picked":["Tactician","PiercingWail","Backflip"],"picked":"SKIP","floor":36}],"player_experience":96641,"relics_obtained":[{"floor":6,"key":"Oddly Smooth Stone"},{"floor":9,"key":"Matryoshka"},{"floor":11,"key":"Mercury Hourglass"},{"floor":26,"key":"Happy Flower"},{"floor":26,"key":"Sundial"},{"floor":31,"key":"Centennial Puzzle"}],"event_choices":[{"cards_removed":["Strike_G"],"damage_healed":0,"gold_gain":0,"player_choice":"Card Removal","damage_taken":0,"max_hp_gain":0,"max_hp_loss":0,"event_name":"The Cleric","floor":4,"gold_loss":50},{"damage_healed":0,"gold_gain":0,"player_choice":"Grow","damage_taken":0,"max_hp_gain":0,"max_hp_loss":0,"event_name":"Living Wall","floor":5,"gold_loss":0,"cards_upgraded":["Blade Dance"]},{"damage_healed":0,"gold_gain":0,"player_choice":"Entered Light","damage_taken":14,"max_hp_gain":0,"max_hp_loss":0,"event_name":"Shining Light","floor":7,"gold_loss":0,"cards_upgraded":["Defend_G","Defend_G"]},{"damage_healed":23,"gold_gain":0,"player_choice":"Heal","damage_taken":0,"max_hp_gain":0,"max_hp_loss":0,"event_name":"The Library","floor":24,"gold_loss":0},{"damage_healed":0,"gold_gain":0,"player_choice":"Ignored","damage_taken":0,"max_hp_gain":0,"max_hp_loss":0,"event_name":"Ghosts","floor":27,"gold_loss":0},{"damage_healed":0,"gold_gain":0,"player_choice":"Ignored","damage_taken":0,"max_hp_gain":0,"max_hp_loss":0,"event_name":"Beggar","floor":30,"gold_loss":0},{"damage_healed":0,"gold_gain":0,"player_choice":"Fight","damage_taken":0,"max_hp_gain":0,"max_hp_loss":0,"event_name":"Mysterious Sphere","floor":38,"gold_loss":0}],"is_beta":false,"boss_relics":[{"not_picked":["Ectoplasm","Coffee Dripper"],"picked":"Empty Cage"},{"not_picked":["Runic Dome","HoveringKite"],"picked":"Tiny House"}],"items_purged_floors":[3,21],"is_endless":false,"potions_floor_spawned":[2,11,16,19,22,28],"killed_by":"2 Orb Walkers","ascension_level":0}