{"gold_per_floor":[118,136,136,136,151,182,182,211,211,230,230,244,272,285,285,285],"floor_reached":16,"playtime":437,"items_purged":[],"score":128,"play_id":"9eb1c903-e645-40ce-a342-68ddee229a53","local_time":"20181124171616","is_ascension_mode":true,"campfire_choices":[{"floor":7.0,"key":"REST"},{"floor":11.0,"key":"REST"},{"floor":15,"key":"REST"}],"neow_cost":"NONE","seed_source_timestamp":0,"circlet_count":0,"master_deck":["Strike_B","Strike_B","Strike_B","Strike_B","Defend_B","Defend_B","Defend_B","Zap","Dualcast","Hologram","Defragment+1","Creative AI+1"],"special_seed":0,"relics":["Cracked Core","NeowsBlessing","Boot","Frozen Egg 2","Happy Flower","Smiling Mask"],"potions_floor_usage":[13],"damage_taken":[{"damage":0.0,"enemies":"2 Louse","floor":1.0,"turns":1.0},{"damage":0.0,"enemies":"Cultist","floor":2.0,"turns":1.0},{"damage":0.0,"enemies":"Jaw Worm","floor":5.0,"turns":1.0},{"damage":46.0,"enemies":"3 Sentries","floor":6.0,"turns":7.0},{"damage":30.0,"enemies":"Lagavulin","floor":8.0,"turns":6.0},{"damage":2.0,"enemies":"2 Fungi Beasts","floor":10.0,"turns":3.0},{"damage":3.0,"enemies":"Exordium Wildlife","floor":12.0,"turns":5.0},{"damage":26,"enemies":"3 Sentries","floor":13,"turns":7},{"damage":1,"enemies":"3 Louse","floor":14,"turns":4},{"damage":0,"enemies":"Slime Boss","floor":16,"turns":1}],"seed_played":"3709374923381956420","potions_obtained":[{"floor":5.0,"key":"PowerPotion"},{"floor":6.0,"key":"Weak Potion"},{"floor":12,"key":"PowerPotion"},{"floor":13,"key":"Strength Potion"}],"is_trial":false,"path_per_floor":["M","M","?","$","M","E","R","E","T","M","R","M","M","E","M","R","B"],"character_chosen":"DEFECT","items_purchased":[],"campfire_rested":3,"item_purchase_floors":[],"current_hp_per_floor":[75,75,75,75,75,29,51,21,21,19,41,38,12,11,33,33],"gold":285,"neow_bonus":"THREE_ENEMY_KILL","is_prod":false,"is_daily":false,"chose_seed":false,"campfire_upgraded":0,"win_rate":0,"timestamp":1543097776,"path_taken":["M","M","?","?","?","E","R","E","T","M","R","M","E","M","R","BOSS"],"build_version":"2018-11-15","purchased_purges":0,"victory":false,"max_hp_per_floor":[75,75,75,75,75,75,75,75,75,75,75,75,75,75,75,75],"card_choices":[{"not_picked":["Cold Snap","Genetic Algorithm"],"picked":"Hologram","floor":1.0},{"not_picked":["Conserve Battery","Doom and Gloom","Reprogram"],"picked":"SKIP","floor":2.0},{"not_picked":["Lockon","Hologram","Go for the Eyes"],"picked":"SKIP","floor":5.0},{"not_picked":["Rainbow","Sunder","Hologram"],"picked":"SKIP","floor":6.0},{"not_picked":["Sweeping Beam","Hologram","Streamline"],"picked":"SKIP","floor":8.0},{"not_picked":["Recycle","Streamline","Conserve Battery"],"picked":"SKIP","floor":10.0},{"not_picked":["Stack","Redo"],"picked":"Defragment+1","floor":12},{"not_picked":["FTL","Auto Shields"],"picked":"Creative AI+1","floor":13},{"not_picked":["Leap","Turbo","Streamline"],"picked":"SKIP","floor":14}],"player_experience":573190,"relics_obtained":[{"floor":6.0,"key":"Boot"},{"floor":8.0,"key":"Frozen Egg 2"},{"floor":9.0,"key":"Happy Flower"},{"floor":13,"key":"Smiling Mask"}],"event_choices":[{"cards_removed":["Defend_B"],"damage_healed":0.0,"max_hp_gain":0.0,"max_hp_loss":0.0,"gold_gain":0.0,"event_name":"Purifier","player_choice":"Purged","floor":3.0,"gold_loss":0.0,"damage_taken":0.0}],"is_beta":true,"boss_relics":[],"items_purged_floors":[],"is_endless":false,"potions_floor_spawned":[5,6,12,13],"killed_by":"Slime Boss","ascension_level":1}