{"gold_per_floor":[114,39,13,13,31,66,66,86,86,16,16,33,43,78,78,178,178,188,188,48,64,81,114,114,138,185,196,43,43,43,53,53,152,152,165,165,182,193,206,206,221,221,248,267,267,284,304,304],"floor_reached":48,"playtime":4114,"items_purged":["Strike_B","Strike_B"],"score":614,"play_id":"cc6d68a2-9037-4514-a930-feb643679595","local_time":"20181105114240","is_ascension_mode":true,"campfire_choices":[{"data":"Zap","floor":7,"key":"SMITH"},{"data":"Conserve Battery","floor":15,"key":"SMITH"},{"floor":24,"key":"REST"},{"floor":30,"key":"REST"},{"data":"Redo","floor":32,"key":"SMITH"},{"data":"Echo Form","floor":40,"key":"SMITH"},{"floor":42,"key":"REST"},{"data":"Auto Shields","floor":45,"key":"SMITH"}],"neow_cost":"NONE","seed_source_timestamp":167435302804173,"circlet_count":0,"master_deck":["Defend_B","Defend_B","Defend_B","Zap+1","Dualcast+1","Conserve Battery+1","Auto Shields+1","Doom and Gloom+1","Core Surge+1","Echo Form+1","RitualDagger+1","Melter+1","Redo+1","FTL+1","BootSequence","Bite+1","Bite+1","Bite+1","Bite+1","Bite+1","Defragment+1"],"relics":["Cracked Core","NeowsBlessing","Incense Burner","Molten Egg 2","Cables","Pantograph","Busted Crown","Matryoshka","Lantern","Darkstone Periapt","Pen Nib","Sozu","Regal Pillow"],"potions_floor_usage":[16,16,18,23,31,33],"damage_taken":[{"damage":0,"enemies":"Cultist","floor":1,"turns":1},{"damage":0,"enemies":"Small Slimes","floor":5,"turns":1},{"damage":0,"enemies":"3 Sentries","floor":6,"turns":1},{"damage":0,"enemies":"Jaw Worm","floor":8,"turns":3},{"damage":0,"enemies":"2 Fungi Beasts","floor":12,"turns":2},{"damage":0,"enemies":"Exordium Wildlife","floor":13,"turns":3},{"damage":9,"enemies":"Lagavulin","floor":14,"turns":5},{"damage":4,"enemies":"The Guardian","floor":16,"turns":7},{"damage":7,"enemies":"3 Byrds","floor":18,"turns":4},{"damage":12,"enemies":"Chosen","floor":21,"turns":4},{"damage":27,"enemies":"Snake Plant","floor":22,"turns":5},{"damage":19,"enemies":"Slavers","floor":23,"turns":5},{"damage":18,"enemies":"Snecko","floor":27,"turns":4},{"damage":0,"enemies":"Centurion and Healer","floor":31,"turns":3},{"damage":80,"enemies":"Collector","floor":33,"turns":9},{"damage":17,"enemies":"3 Darklings","floor":35,"turns":7},{"damage":32,"enemies":"Orb Walker","floor":37,"turns":4},{"damage":34,"enemies":"Writhing Mass","floor":38,"turns":5},{"damage":0,"enemies":"3 Darklings","floor":39,"turns":5},{"damage":29,"enemies":"Jaw Worm Horde","floor":41,"turns":4},{"damage":1,"enemies":"4 Shapes","floor":44,"turns":4},{"damage":2,"enemies":"3 Darklings","floor":46,"turns":2},{"damage":26,"enemies":"Maw","floor":47,"turns":7},{"damage":102,"enemies":"Reptomancer","floor":48,"turns":5}],"seed_played":"1311245570318952350","potions_obtained":[{"floor":1,"key":"EssenceOfSteel"},{"floor":8,"key":"FocusPotion"},{"floor":14,"key":"SteroidPotion"},{"floor":16,"key":"Ancient Potion"},{"floor":21,"key":"Swift Potion"},{"floor":22,"key":"SpeedPotion"},{"floor":33,"key":"Energy Potion"}],"is_trial":false,"path_per_floor":["M","$","$","?","M","E","R","M","T","$","?","M","M","E","R","B",null,"M","?","$","M","M","E","R","T","T","M","$","?","R","M","R","B",null,"M","?","M","M","M","R","M","R","T","M","R","M","M","E"],"character_chosen":"DEFECT","items_purchased":["Conserve Battery","Doom and Gloom+1","Melter+1","FTL+1","BootSequence"],"campfire_rested":3,"item_purchase_floors":[3,10,20,28,28],"current_hp_per_floor":[75,75,75,75,75,75,75,75,75,75,63,63,63,54,54,71,75,68,62,62,50,23,4,26,26,26,10,10,10,32,41,41,22,75,74,74,53,31,49,49,32,54,54,65,65,72,71,0],"gold":304,"neow_bonus":"THREE_ENEMY_KILL","is_prod":false,"is_daily":false,"chose_seed":false,"campfire_upgraded":5,"win_rate":0,"timestamp":1541439760,"path_taken":["M","?","$","?","M","E","R","?","T","$","?","M","M","E","R","BOSS","M","?","$","M","M","E","R","?","T","M","$","?","R","M","R","BOSS","M","?","?","?","M","R","M","R","T","M","R","M","M","E"],"build_version":"2018-11-01","purchased_purges":2,"victory":false,"max_hp_per_floor":[75,75,75,75,75,75,75,75,75,75,75,75,75,75,75,75,75,75,75,75,75,75,75,75,75,75,75,75,75,75,75,75,75,75,75,75,75,75,75,75,75,75,75,75,75,75,75,75],"card_choices":[{"not_picked":["Skim","Stack","Aggregate"],"picked":"SKIP","floor":1},{"not_picked":["Barrage","Cold Snap"],"picked":"Auto Shields","floor":5},{"not_picked":["Fission","Storm","Capacitor"],"picked":"SKIP","floor":6},{"not_picked":["Chaos","Lockon","Conserve Battery"],"picked":"SKIP","floor":8},{"not_picked":["Leap","Reinforced Body","Lockon+1"],"picked":"SKIP","floor":12},{"not_picked":["Reprogram","Consume","Gash+1"],"picked":"SKIP","floor":13},{"not_picked":["Hologram","Beam Cell+1"],"picked":"Core Surge+1","floor":14},{"not_picked":["Machine Learning","Reboot"],"picked":"Echo Form","floor":16},{"not_picked":["Reprogram"],"picked":"SKIP","floor":18},{"not_picked":["White Noise"],"picked":"SKIP","floor":21},{"not_picked":["Stack"],"picked":"SKIP","floor":22},{"not_picked":[],"picked":"Redo","floor":23},{"not_picked":["Fusion"],"picked":"SKIP","floor":27},{"not_picked":["BootSequence"],"picked":"SKIP","floor":31},{"not_picked":["Double Energy"],"picked":"SKIP","floor":35},{"not_picked":[],"picked":"Defragment+1","floor":37},{"not_picked":["Gash+1"],"picked":"SKIP","floor":38},{"not_picked":["Ball Lightning+1"],"picked":"SKIP","floor":39},{"not_picked":["Gash+1"],"picked":"SKIP","floor":41},{"not_picked":["White Noise"],"picked":"SKIP","floor":44},{"not_picked":["Redo"],"picked":"SKIP","floor":46},{"not_picked":["Auto Shields"],"picked":"SKIP","floor":47}],"player_experience":186807,"relics_obtained":[{"floor":6,"key":"Incense Burner"},{"floor":9,"key":"Molten Egg 2"},{"floor":14,"key":"Pantograph"},{"floor":23,"key":"Matryoshka"},{"floor":25,"key":"Lantern"},{"floor":25,"key":"Blood Vial"},{"floor":26,"key":"Darkstone Periapt"},{"floor":26,"key":"Pen Nib"},{"floor":43,"key":"Regal Pillow"}],"event_choices":[{"damage_healed":0,"gold_gain":0,"player_choice":"Grow","damage_taken":0,"max_hp_gain":0,"max_hp_loss":0,"event_name":"Living Wall","floor":4,"gold_loss":0,"cards_upgraded":["Dualcast"]},{"damage_healed":0,"gold_gain":0,"player_choice":"Success","damage_taken":12,"relics_obtained":["Cables"],"max_hp_gain":0,"max_hp_loss":0,"event_name":"Scrap Ooze","floor":11,"gold_loss":0},{"damage_healed":0,"gold_gain":0,"player_choice":"Joined the Cult","damage_taken":6,"max_hp_gain":0,"max_hp_loss":0,"event_name":"Nest","floor":19,"gold_loss":0,"cards_obtained":["RitualDagger"]},{"damage_healed":0,"gold_gain":0,"player_choice":"Became a vampire (Vial)","damage_taken":0,"max_hp_gain":0,"max_hp_loss":0,"event_name":"Vampires","floor":29,"relics_lost":["Blood Vial"],"gold_loss":0,"cards_obtained":["Bite","Bite","Bite","Bite","Bite"]},{"cards_removed":["Defend_B"],"damage_healed":0,"gold_gain":0,"player_choice":"Purged","damage_taken":0,"max_hp_gain":0,"max_hp_loss":0,"event_name":"Purifier","floor":36,"gold_loss":0}],"is_beta":false,"boss_relics":[{"not_picked":["Lizard Tail","Astrolabe"],"picked":"Busted Crown"},{"not_picked":["Calling Bell","FrozenCore"],"picked":"Sozu"}],"items_purged_floors":[2,20],"is_endless":false,"potions_floor_spawned":[1,8,14,16,21,22,33,35,38,41,44],"killed_by":"Reptomancer","ascension_level":4}