{"gold_per_floor":[110,110,110,385,408,449,470,488,536,611,611,611],"floor_reached":12,"playtime":446,"items_purged":[],"score":103,"play_id":"7253eff0-f99d-4b6a-8927-15d3f9a268ab","local_time":"20190208171524","is_ascension_mode":false,"campfire_choices":[],"neow_cost":"NONE","seed_source_timestamp":85663353586101,"circlet_count":0,"master_deck":["Strike_R","Strike_R","Strike_R","Strike_R","Strike_R","Defend_R","Defend_R","Defend_R","Defend_R","Bash","Searing Blow","Heavy Blade","Demon Form","Fire Breathing","Shrug It Off"],"relics":["Burning Blood","NeowsBlessing","Pear","Golden Idol","Smiling Mask","Bag of Preparation"],"potions_floor_usage":[],"damage_taken":[{"damage":0,"enemies":"Small Slimes","floor":1,"turns":1},{"damage":0,"enemies":"2 Louse","floor":5,"turns":2},{"damage":0,"enemies":"Gremlin Nob","floor":6,"turns":1},{"damage":12,"enemies":"Cultist","floor":7,"turns":3},{"damage":31,"enemies":"3 Louse","floor":8,"turns":5},{"damage":41,"enemies":"3 Sentries","floor":12,"turns":7}],"seed_played":"8786951769373858904","potions_obtained":[{"floor":1,"key":"Strength Potion"},{"floor":6,"key":"PowerPotion"},{"floor":7,"key":"Fire Potion"}],"is_trial":false,"path_per_floor":["M","?","?","?","M","E","M","M","T","?","?","E"],"character_chosen":"IRONCLAD","items_purchased":[],"campfire_rested":0,"item_purchase_floors":[],"current_hp_per_floor":[80,90,68,68,74,80,74,49,49,38,38,0],"gold":611,"neow_bonus":"THREE_ENEMY_KILL","is_prod":false,"is_daily":false,"chose_seed":false,"campfire_upgraded":0,"win_rate":0.0,"timestamp":1549642524,"path_taken":["M","?","?","?","M","E","?","M","T","?","?","E"],"build_version":"2019-01-23","purchased_purges":0,"victory":false,"max_hp_per_floor":[80,90,90,90,90,90,90,90,90,90,90,90],"card_choices":[{"not_picked":["Heavy Blade","Flex"],"picked":"Searing Blow","floor":1},{"not_picked":["Sever Soul","Combust"],"picked":"Heavy Blade","floor":5},{"not_picked":["Fire Breathing","Flex"],"picked":"Demon Form","floor":6},{"not_picked":["Iron Wave","Entrench"],"picked":"Fire Breathing","floor":7},{"not_picked":["Clothesline","Sword Boomerang"],"picked":"Shrug It Off","floor":8}],"player_experience":73210,"relics_obtained":[{"floor":6,"key":"Smiling Mask"},{"floor":9,"key":"Bag of Preparation"}],"event_choices":[{"damage_healed":0,"gold_gain":0,"player_choice":"Box","damage_taken":0,"relics_obtained":["Pear"],"max_hp_gain":0,"max_hp_loss":0,"event_name":"Big Fish","floor":2,"gold_loss":0,"cards_obtained":["Regret"]},{"damage_healed":0,"gold_gain":0,"player_choice":"Take Damage","damage_taken":22,"relics_obtained":["Golden Idol"],"max_hp_gain":0,"max_hp_loss":0,"event_name":"Golden Idol","floor":3,"gold_loss":0},{"damage_healed":0,"gold_gain":275,"player_choice":"Desecrate","damage_taken":0,"max_hp_gain":0,"max_hp_loss":0,"event_name":"Golden Shrine","floor":4,"gold_loss":0,"cards_obtained":["Regret"]},{"damage_healed":0,"gold_gain":75,"player_choice":"Gather Gold","damage_taken":11,"max_hp_gain":0,"max_hp_loss":0,"event_name":"World of Goop","floor":10,"gold_loss":0},{"cards_removed":["Regret","Regret"],"damage_healed":0,"gold_gain":0,"player_choice":"Removed Curses","damage_taken":0,"max_hp_gain":0,"max_hp_loss":0,"event_name":"Fountain of Cleansing","floor":11,"gold_loss":0}],"is_beta":false,"boss_relics":[],"items_purged_floors":[],"is_endless":false,"potions_floor_spawned":[1,6,7],"killed_by":"3 Sentries","ascension_level":0}