{"gold_per_floor":[113,176,176,32,51,76,88,99,99,99,99,64,64,84,84,84],"floor_reached":16,"playtime":463,"items_purged":["Regret"],"score":225,"play_id":"e5c2f263-94f3-4191-bda1-456ffaa1434d","local_time":"20181225015430","is_ascension_mode":true,"campfire_choices":[{"floor":11,"key":"REST"},{"data":"Bash","floor":13,"key":"SMITH"},{"data":"Perfected Strike","floor":15,"key":"SMITH"}],"neow_cost":"TEN_PERCENT_HP_LOSS","seed_source_timestamp":0,"circlet_count":0,"master_deck":["AscendersBane","Strike_R","Strike_R","Strike_R","Strike_R","Strike_R","Defend_R","Defend_R","Defend_R","Defend_R","Bash+1","Clash","Inflame","Reckless Charge","Perfected Strike+1","Iron Wave","Power Through+1","Perfected Strike"],"special_seed":0,"relics":["Burning Blood","Lantern","Toxic Egg 2","Juzu Bracelet","Du-Vu Doll"],"potions_floor_usage":[],"damage_taken":[{"damage":0,"enemies":"2 Louse","floor":1,"turns":3},{"damage":2,"enemies":"Jaw Worm","floor":5,"turns":3},{"damage":60,"enemies":"3 Sentries","floor":6,"turns":11},{"damage":0,"enemies":"Cultist","floor":7,"turns":2},{"damage":9,"enemies":"Red Slaver","floor":8,"turns":2},{"damage":6,"enemies":"Looter","floor":14,"turns":2},{"damage":67,"enemies":"Slime Boss","floor":16,"turns":15}],"seed_played":"1333339217879545321","potions_obtained":[{"floor":7,"key":"SmokeBomb"}],"is_trial":false,"path_per_floor":["M","?","?","$","M","E","M","M","T","T","R","?","R","M","R","B"],"character_chosen":"IRONCLAD","items_purchased":["Inflame"],"campfire_rested":1,"item_purchase_floors":[4],"current_hp_per_floor":[72,72,72,72,72,18,24,21,21,21,42,60,60,60,60,0],"gold":84,"neow_bonus":"THREE_RARE_CARDS","is_prod":false,"is_daily":false,"chose_seed":false,"campfire_upgraded":2,"win_rate":0,"timestamp":1545720870,"path_taken":["M","?","?","?","M","E","M","?","T","?","R","?","R","M","R","BOSS"],"build_version":"2018-12-20","purchased_purges":1,"victory":false,"max_hp_per_floor":[72,72,72,72,72,72,72,72,72,72,72,72,72,72,72,72],"card_choices":[{"not_picked":["Impervious","Feed"],"picked":"Immolate","floor":0.0},{"not_picked":["Blood for Blood","Anger"],"picked":"Clash","floor":1},{"not_picked":["Dual Wield","Cleave"],"picked":"Reckless Charge","floor":5},{"not_picked":["Hemokinesis","Barricade"],"picked":"Perfected Strike","floor":6},{"not_picked":["Havoc+1","Rampage"],"picked":"Iron Wave","floor":7},{"not_picked":["Bloodletting+1","Anger"],"picked":"Power Through+1","floor":8},{"not_picked":["Seeing Red+1","Flex+1"],"picked":"Perfected Strike","floor":14}],"player_experience":430127,"relics_obtained":[{"floor":6,"key":"Toxic Egg 2"},{"floor":9,"key":"Juzu Bracelet"},{"floor":10,"key":"Du-Vu Doll"}],"event_choices":[{"damage_healed":0,"gold_gain":63,"player_choice":"Gained Gold","damage_taken":0,"max_hp_gain":0,"max_hp_loss":0,"event_name":"Golden Wing","floor":2,"gold_loss":0},{"damage_healed":0,"gold_gain":0,"player_choice":"Box","damage_taken":0,"relics_obtained":["Lantern"],"max_hp_gain":0,"max_hp_loss":0,"event_name":"Big Fish","floor":3,"gold_loss":0,"cards_obtained":["Regret"]},{"damage_healed":18,"gold_gain":0,"player_choice":"Healed","damage_taken":0,"max_hp_gain":0,"max_hp_loss":0,"event_name":"The Cleric","floor":12,"gold_loss":35}],"is_beta":false,"boss_relics":[],"items_purged_floors":[4],"is_endless":false,"potions_floor_spawned":[7],"killed_by":"Slime Boss","ascension_level":10}