{"gold_per_floor":[10,24,35,135,154,180,2,25,25,57,73,23,23,37,37,114,114,133,7,7,17,17,17,31,31,109,109],"floor_reached":27,"playtime":1901,"items_purged":["Bash","Strike_R","Defend_R"],"score":379,"play_id":"54bd05a1-f42f-4d27-96fb-99e51441c6d9","local_time":"20181206052622","is_ascension_mode":true,"campfire_choices":[{"floor":13,"key":"REST"},{"floor":15,"key":"REST"},{"data":"Limit Break","floor":23,"key":"SMITH"},{"data":"Body Slam","floor":25,"key":"SMITH"}],"neow_cost":"NO_GOLD","seed_source_timestamp":453763949332252,"circlet_count":0,"master_deck":["AscendersBane","Defend_R","Defend_R","Metallicize","Pommel Strike","Sword Boomerang","Headbutt","Shrug It Off","Uppercut","Shrug It Off","Anger","True Grit","Limit Break+1","Sword Boomerang","Metallicize","Body Slam+1","Armaments"],"relics":["Burning Blood","Lantern","Vajra","Self Forming Clay","Smiling Mask","Empty Cage","Sundial"],"potions_floor_usage":[6,14,16,16,27,27],"damage_taken":[{"damage":2,"enemies":"2 Louse","floor":1,"turns":4},{"damage":16,"enemies":"Cultist","floor":2,"turns":5},{"damage":4,"enemies":"Jaw Worm","floor":3,"turns":6},{"damage":11,"enemies":"Looter","floor":5,"turns":3},{"damage":51,"enemies":"Lagavulin","floor":6,"turns":8},{"damage":19,"enemies":"Gremlin Nob","floor":10,"turns":4},{"damage":11,"enemies":"Large Slime","floor":11,"turns":6},{"damage":9,"enemies":"Lots of Slimes","floor":14,"turns":3},{"damage":32,"enemies":"Hexaghost","floor":16,"turns":12},{"damage":2,"enemies":"Shell Parasite","floor":18,"turns":7},{"damage":4,"enemies":"Chosen","floor":21,"turns":5},{"damage":25,"enemies":"Snake Plant","floor":24,"turns":6},{"damage":56,"enemies":"Gremlin Leader","floor":27,"turns":5}],"seed_played":"1874932431897149630","potions_obtained":[{"floor":3,"key":"Regen Potion"},{"floor":6,"key":"LiquidBronze"},{"floor":10,"key":"Poison Potion"},{"floor":14,"key":"SpeedPotion"},{"floor":21,"key":"Explosive Potion"},{"floor":24,"key":"LiquidBronze"}],"is_trial":false,"path_per_floor":["M","M","M","?","M","E","$","T","T","E","M","$","R","M","R","B",null,"M","$","?","M","T","R","M","R","T","E"],"character_chosen":"IRONCLAD","items_purchased":["Shrug It Off","Uppercut","Metallicize"],"campfire_rested":2,"item_purchase_floors":[7,7,19],"current_hp_per_floor":[72,62,64,64,59,28,28,28,28,15,10,10,32,29,51,25,63,67,67,67,69,69,69,50,50,50,0],"gold":109,"neow_bonus":"REMOVE_TWO","is_prod":false,"is_daily":false,"chose_seed":false,"campfire_upgraded":2,"win_rate":0,"timestamp":1544073982,"path_taken":["M","M","M","?","M","E","$","?","T","E","M","$","R","M","R","BOSS","M","$","?","?","?","R","M","R","T","E"],"build_version":"2018-11-15","purchased_purges":3,"victory":false,"max_hp_per_floor":[75,75,75,75,75,75,75,75,75,75,75,75,75,75,75,75,75,75,75,75,75,75,75,75,75,75,75],"card_choices":[{"not_picked":["Perfected Strike","Flex"],"picked":"Metallicize","floor":1},{"not_picked":["Evolve","Flex","Berserk"],"picked":"SKIP","floor":2},{"not_picked":["Combust","Blood for Blood"],"picked":"Pommel Strike","floor":3},{"not_picked":["Seeing Red","Armaments"],"picked":"Sword Boomerang","floor":5},{"not_picked":["Berserk","Seeing Red"],"picked":"Headbutt","floor":6},{"not_picked":["Rage","Inflame"],"picked":"Shrug It Off","floor":10},{"not_picked":["Havoc","Combust"],"picked":"Anger","floor":11},{"not_picked":["Evolve","Warcry"],"picked":"True Grit","floor":14},{"not_picked":["Immolate","Feed"],"picked":"Limit Break","floor":16},{"not_picked":["Dropkick","Wild Strike"],"picked":"Sword Boomerang","floor":18},{"not_picked":["Clash","Headbutt"],"picked":"Body Slam","floor":21},{"not_picked":["Shockwave","Carnage"],"picked":"Armaments","floor":24}],"player_experience":974151,"relics_obtained":[{"floor":6,"key":"Lantern"},{"floor":8,"key":"Vajra"},{"floor":9,"key":"Self Forming Clay"},{"floor":10,"key":"Smiling Mask"},{"floor":26,"key":"Sundial"}],"event_choices":[{"damage_healed":0,"gold_gain":100,"player_choice":"Pray","damage_taken":0,"max_hp_gain":0,"max_hp_loss":0,"event_name":"Golden Shrine","floor":4,"gold_loss":0},{"cards_removed":["Defend_R"],"damage_healed":0,"gold_gain":0,"player_choice":"Offered Basic","damage_taken":0,"max_hp_gain":0,"max_hp_loss":0,"event_name":"Bonfire Elementals","floor":20,"gold_loss":0}],"is_beta":false,"boss_relics":[{"not_picked":["Lizard Tail","Runic Pyramid"],"picked":"Empty Cage"}],"items_purged_floors":[7,12,19],"is_endless":false,"potions_floor_spawned":[3,6,10,14,21,24],"killed_by":"Gremlin Leader","ascension_level":14}