{"gold_per_floor":[113,113,128,78,78,112,112,147,147,147,4,4,18,18,18,18],"floor_reached":16,"playtime":786,"items_purged":[],"score":170,"play_id":"cd75574f-5fb0-46bf-9a50-65fb47841ef3","local_time":"20190210123605","is_ascension_mode":true,"campfire_choices":[{"data":"Flame Barrier","floor":7,"key":"SMITH"},{"floor":12,"key":"REST"},{"data":"Ghostly Armor","floor":15,"key":"SMITH"}],"neow_cost":"NONE","seed_source_timestamp":1372409434533363,"circlet_count":0,"master_deck":["Strike_R","Strike_R","Defend_R","Defend_R","Defend_R","Defend_R","Bash","Flame Barrier+1","Wild Strike","Ghostly Armor+1","Flex","Infernal Blade+1","Ghostly Armor+1","Burning Pact"],"relics":["Burning Blood","NeowsBlessing","Unceasing Top","Dream Catcher","Bottled Lightning","Golden Idol","War Paint"],"potions_floor_usage":[16,16],"damage_taken":[{"damage":0,"enemies":"Cultist","floor":1,"turns":1},{"damage":0,"enemies":"2 Louse","floor":3,"turns":1},{"damage":0,"enemies":"Gremlin Nob","floor":6,"turns":1},{"damage":45,"enemies":"3 Sentries","floor":8,"turns":16},{"damage":0,"enemies":"Small Slimes","floor":13,"turns":3},{"damage":50,"enemies":"Slime Boss","floor":16,"turns":14}],"seed_played":"1305906681413390736","potions_obtained":[{"floor":6,"key":"Dexterity Potion"},{"floor":13,"key":"Ancient Potion"}],"is_trial":false,"path_per_floor":["M","?","M","?","?","E","R","E","T","?","$","R","M","$","R","B"],"character_chosen":"IRONCLAD","items_purchased":["War Paint"],"campfire_rested":1,"item_purchase_floors":[11],"current_hp_per_floor":[78,78,80,80,73,79,79,40,40,20,20,44,50,50,50,0],"gold":18,"neow_bonus":"THREE_ENEMY_KILL","is_prod":false,"is_daily":false,"chose_seed":false,"campfire_upgraded":2,"win_rate":0,"timestamp":1549798565,"path_taken":["M","?","M","?","?","E","R","E","T","?","?","R","M","?","R","BOSS"],"build_version":"2019-01-23","purchased_purges":0,"victory":false,"max_hp_per_floor":[80,80,80,80,80,80,80,80,80,80,80,80,80,80,80,80],"card_choices":[{"not_picked":["Flex","Searing Blow"],"picked":"Flame Barrier","floor":1},{"not_picked":["Anger","Iron Wave"],"picked":"Ghostly Armor","floor":3},{"not_picked":["Heavy Blade","Reckless Charge"],"picked":"Flex","floor":6},{"not_picked":["Corruption","Iron Wave"],"picked":"Infernal Blade","floor":8},{"not_picked":["Dark Embrace","Anger"],"picked":"Ghostly Armor","floor":12},{"not_picked":["Wild Strike","Disarm"],"picked":"Burning Pact","floor":13}],"player_experience":367118,"relics_obtained":[{"floor":6,"key":"Unceasing Top"},{"floor":8,"key":"Dream Catcher"},{"floor":9,"key":"Bottled Lightning"}],"event_choices":[{"damage_healed":0,"gold_gain":0,"cards_transformed":["Strike_R"],"player_choice":"Change","damage_taken":0,"max_hp_gain":0,"max_hp_loss":0,"event_name":"Living Wall","floor":2,"gold_loss":0,"cards_obtained":["Wild Strike"]},{"cards_removed":["Strike_R"],"damage_healed":0,"gold_gain":0,"player_choice":"Card Removal","damage_taken":0,"max_hp_gain":0,"max_hp_loss":0,"event_name":"The Cleric","floor":4,"gold_loss":50},{"cards_removed":["Strike_R"],"damage_healed":0,"gold_gain":0,"player_choice":"Card Removal","damage_taken":7,"max_hp_gain":0,"max_hp_loss":0,"event_name":"Golden Wing","floor":5,"gold_loss":0},{"damage_healed":0,"gold_gain":0,"player_choice":"Take Damage","damage_taken":20,"relics_obtained":["Golden Idol"],"max_hp_gain":0,"max_hp_loss":0,"event_name":"Golden Idol","floor":10,"gold_loss":0}],"is_beta":false,"boss_relics":[],"items_purged_floors":[],"is_endless":false,"potions_floor_spawned":[6,13],"killed_by":"Slime Boss","ascension_level":6}