{"gold_per_floor":[19,19,19,33,47,72,87,103,103,118,43,43,68,79,79,174,174,189,203,203,221,231,231,251,251,330,360,360,389,304,229,229,229],"floor_reached":33,"playtime":1726,"items_purged":[],"score":374,"play_id":"2f8a8cea-51ab-4326-8732-b97f11bd3114","local_time":"20190206211926","is_ascension_mode":true,"campfire_choices":[{"floor":12.0,"key":"REST"},{"data":"Deadly Poison","floor":15.0,"key":"SMITH"},{"data":"Adrenaline","floor":23.0,"key":"SMITH"},{"floor":25.0,"key":"REST"},{"floor":28,"key":"REST"},{"data":"Leg Sweep","floor":32,"key":"SMITH"}],"neow_cost":"NO_GOLD","seed_source_timestamp":445946172945000,"circlet_count":0,"master_deck":["Defend_G","Defend_G","Defend_G","Defend_G","Strike_G","Strike_G","Survivor","Neutralize","Deadly Poison+1","Flying Knee","Sucker Punch","Crippling Poison","Quick Slash","Leg Sweep+1","Adrenaline+1","Backflip","Deadly Poison+1","Caltrops+1"],"special_seed":0,"relics":["Ring of the Snake","Pen Nib","Sundial","Bottled Flame","Runic Pyramid","Ornamental Fan","Ninja Scroll","Du-Vu Doll","Snake Skull"],"potions_floor_usage":[29,33],"damage_taken":[{"damage":0.0,"enemies":"2 Louse","floor":1.0,"turns":3.0},{"damage":1.0,"enemies":"Small Slimes","floor":4.0,"turns":3.0},{"damage":0.0,"enemies":"Cultist","floor":5.0,"turns":3.0},{"damage":19.0,"enemies":"3 Sentries","floor":6.0,"turns":10.0},{"damage":7.0,"enemies":"Large Slime","floor":7.0,"turns":6.0},{"damage":11.0,"enemies":"Lots of Slimes","floor":8.0,"turns":3.0},{"damage":11.0,"enemies":"3 Louse","floor":10.0,"turns":4.0},{"damage":8.0,"enemies":"Gremlin Nob","floor":13.0,"turns":3.0},{"damage":3.0,"enemies":"Looter","floor":14.0,"turns":3.0},{"damage":14.0,"enemies":"The Guardian","floor":16.0,"turns":10.0},{"damage":6.0,"enemies":"3 Byrds","floor":18.0,"turns":5.0},{"damage":0.0,"enemies":"Shell Parasite","floor":19.0,"turns":6.0},{"damage":11.0,"enemies":"Centurion and Healer","floor":21.0,"turns":5.0},{"damage":5.0,"enemies":"Snake Plant","floor":22.0,"turns":5.0},{"damage":21.0,"enemies":"Shelled Parasite and Fungi","floor":24.0,"turns":6.0},{"damage":25,"enemies":"Slavers","floor":27,"turns":9},{"damage":6,"enemies":"Gremlin Leader","floor":29,"turns":5},{"damage":56,"enemies":"Automaton","floor":33,"turns":12}],"seed_played":"7219265854489943053","potions_obtained":[{"floor":4.0,"key":"AttackPotion"},{"floor":5.0,"key":"FearPotion"},{"floor":8.0,"key":"LiquidBronze"},{"floor":14.0,"key":"PowerPotion"},{"floor":18.0,"key":"EssenceOfSteel"},{"floor":24.0,"key":"Weak Potion"},{"floor":27,"key":"Poison Potion"},{"floor":29,"key":"Block Potion"}],"is_trial":false,"path_per_floor":["M","?","?","M","M","E","M","M","T","M","$","R","E","M","R","B",null,"M","M","?","M","M","R","M","R","T","E","R","E","?","?","R","B"],"character_chosen":"THE_SILENT","items_purchased":["Backstab"],"campfire_rested":3,"item_purchase_floors":[11],"current_hp_per_floor":[70,70,70,69,69,50,43,32,32,21,21,42,34,31,31,17,57,51,51,70,59,54,54,33,54,54,29,50,44,44,44,44,0],"gold":229,"neow_bonus":"REMOVE_TWO","is_prod":false,"is_daily":false,"chose_seed":false,"campfire_upgraded":3,"win_rate":0,"timestamp":1549513166,"path_taken":["M","?","?","M","M","E","?","M","T","M","$","R","E","M","R","BOSS","M","M","?","?","M","R","M","R","T","E","R","E","?","?","R","BOSS"],"build_version":"2019-01-23","purchased_purges":0,"victory":false,"max_hp_per_floor":[70,70,70,70,70,70,70,70,70,70,70,70,70,70,70,70,70,70,70,70,70,70,70,70,70,70,70,70,70,70,70,70,70],"card_choices":[{"not_picked":["Outmaneuver","Caltrops"],"picked":"Deadly Poison","floor":1.0},{"not_picked":["Setup","Acrobatics"],"picked":"Sucker Punch","floor":4.0},{"not_picked":["Bouncing Flask","Blade Dance"],"picked":"Crippling Poison","floor":5.0},{"not_picked":["Concentrate","Underhanded Strike"],"picked":"Quick Slash","floor":6.0},{"not_picked":["Flechettes","All Out Attack","Expertise"],"picked":"SKIP","floor":7.0},{"not_picked":["Slice","Quick Slash","Dagger Spray"],"picked":"SKIP","floor":8.0},{"not_picked":["Prepared","Bouncing Flask","Acrobatics"],"picked":"SKIP","floor":10.0},{"not_picked":["Quick Slash","Dodge and Roll"],"picked":"Leg Sweep","floor":13.0},{"not_picked":["Acrobatics","Blade Dance","Slice"],"picked":"SKIP","floor":14.0},{"not_picked":["Phantasmal Killer","Tools of the Trade"],"picked":"Adrenaline","floor":16.0},{"not_picked":["Outmaneuver","Dash","Dodge and Roll"],"picked":"SKIP","floor":18.0},{"not_picked":["Cloak And Dagger","Blade Dance+1","Outmaneuver"],"picked":"SKIP","floor":19.0},{"not_picked":["Finisher","Storm of Steel"],"picked":"Backflip","floor":21.0},{"not_picked":["Blade Dance","Caltrops","Predator"],"picked":"SKIP","floor":22.0},{"not_picked":["Dodge and Roll","Dagger Throw","Quick Slash"],"picked":"SKIP","floor":24.0},{"not_picked":["Glass Knife","Blade Dance"],"picked":"Deadly Poison+1","floor":27},{"not_picked":["Deflect","All Out Attack"],"picked":"Caltrops+1","floor":29}],"player_experience":303538,"relics_obtained":[{"floor":6.0,"key":"Pen Nib"},{"floor":9.0,"key":"Sundial"},{"floor":13.0,"key":"Bottled Flame"},{"floor":26.0,"key":"Ornamental Fan"},{"floor":27,"key":"Ninja Scroll"},{"floor":29,"key":"Du-Vu Doll"}],"event_choices":[{"cards_removed":["Strike_G"],"damage_healed":0.0,"max_hp_gain":0.0,"max_hp_loss":0.0,"gold_gain":0.0,"event_name":"Living Wall","player_choice":"Forget","floor":2.0,"gold_loss":0.0,"damage_taken":0.0},{"damage_healed":0.0,"max_hp_gain":0.0,"max_hp_loss":0.0,"gold_gain":0.0,"event_name":"Match and Keep!","player_choice":"1 cards matched","floor":3.0,"gold_loss":0.0,"damage_taken":0.0,"cards_obtained":["Flying Knee"]},{"cards_removed":["Backstab"],"damage_healed":19.0,"max_hp_gain":0.0,"max_hp_loss":0.0,"gold_gain":0.0,"event_name":"Bonfire Elementals","player_choice":"Offered Uncommon","floor":20.0,"gold_loss":0.0,"damage_taken":0.0},{"damage_healed":0,"gold_gain":0,"player_choice":"Obtained Relic","damage_taken":0,"relics_obtained":["Snake Skull"],"max_hp_gain":0,"max_hp_loss":0,"event_name":"Addict","floor":30,"gold_loss":85},{"cards_removed":["Strike_G"],"damage_healed":0,"gold_gain":0,"player_choice":"Gave Gold","damage_taken":0,"max_hp_gain":0,"max_hp_loss":0,"event_name":"Beggar","floor":31,"gold_loss":75}],"is_beta":false,"boss_relics":[{"not_picked":["HoveringKite","Astrolabe"],"picked":"Runic Pyramid"}],"items_purged_floors":[],"is_endless":false,"potions_floor_spawned":[4,5,8,14,18,24,27,29],"killed_by":"Automaton","ascension_level":5}