{"gold_per_floor":[111,111,127,127,144,144,161,181,249,279,279,290,306,42,42,145,145,159,173,208,208,208,208,220,233,233,233,245,245,263,283,283,283],"floor_reached":33,"playtime":4087,"items_purged":["Strike_G"],"score":245,"play_id":"d15cdbaa-2725-4128-85ad-205d9769d47c","local_time":"20190207195207","is_ascension_mode":false,"campfire_choices":[{"data":"1","floor":6,"key":"LIFT"},{"data":"2","floor":11,"key":"LIFT"},{"floor":15,"key":"REST"},{"floor":23,"key":"REST"},{"floor":27,"key":"REST"},{"floor":32,"key":"REST"}],"neow_cost":"NONE","seed_source_timestamp":21292059415679,"circlet_count":0,"master_deck":["Defend_G","Defend_G","Defend_G","Defend_G","Defend_G","Strike_G","Strike_G","Strike_G","Strike_G","Survivor","Neutralize","Blind","Underhanded Strike+1","Acrobatics","Burst","Eviscerate","Well Laid Plans","Chrysalis","Bullet Time","Tactician+1","Skewer","Escape Plan","Quick Slash+1","Backstab","Deadly Poison+1","Infinite Blades+1"],"relics":["Ring of the Snake","Girya","Letter Opener","Philosopher\u0027s Stone","Red Mask","Bottled Tornado","Blood Vial"],"potions_floor_usage":[21,33],"damage_taken":[{"damage":2,"enemies":"Small Slimes","floor":1,"turns":7},{"damage":0,"enemies":"2 Louse","floor":3,"turns":2},{"damage":0,"enemies":"Jaw Worm","floor":5,"turns":3},{"damage":9,"enemies":"3 Louse","floor":7,"turns":3},{"damage":3,"enemies":"Gremlin Gang","floor":8,"turns":6},{"damage":4,"enemies":"Blue Slaver","floor":12,"turns":4},{"damage":10,"enemies":"2 Fungi Beasts","floor":13,"turns":5},{"damage":44,"enemies":"The Guardian","floor":16,"turns":13},{"damage":25,"enemies":"Chosen","floor":18,"turns":6},{"damage":2,"enemies":"Shell Parasite","floor":19,"turns":7},{"damage":27,"enemies":"Masked Bandits","floor":20,"turns":5},{"damage":0,"enemies":"Cultist and Chosen","floor":21,"turns":4},{"damage":4,"enemies":"3 Cultists","floor":24,"turns":4},{"damage":15,"enemies":"Centurion and Healer","floor":25,"turns":5},{"damage":16,"enemies":"Snake Plant","floor":28,"turns":4},{"damage":8,"enemies":"Chosen and Byrds","floor":30,"turns":5},{"damage":18,"enemies":"Centurion and Healer","floor":31,"turns":4},{"damage":50,"enemies":"Automaton","floor":33,"turns":6}],"seed_played":"4537995823873395010","potions_obtained":[{"floor":3,"key":"Poison Potion"},{"floor":8,"key":"AttackPotion"},{"floor":13,"key":"SmokeBomb"},{"floor":28,"key":"GhostInAJar"}],"is_trial":false,"path_per_floor":["M","?","M","?","M","R","M","M","T","?","R","M","M","$","R","B",null,"M","M","?","M","T","R","M","M","T","R","M","?","M","M","R","B"],"character_chosen":"THE_SILENT","items_purchased":["Chrysalis"],"campfire_rested":4,"item_purchase_floors":[14],"current_hp_per_floor":[68,68,68,61,61,61,52,49,49,49,49,45,35,35,56,12,70,45,43,16,16,16,37,33,18,18,39,25,25,19,3,24,0],"gold":283,"neow_bonus":"RANDOM_COLORLESS","is_prod":false,"is_daily":false,"chose_seed":false,"campfire_upgraded":0,"win_rate":0.0,"timestamp":1549565527,"path_taken":["M","?","M","?","M","R","M","M","T","?","R","M","M","?","R","BOSS","M","M","?","M","?","R","M","M","T","R","M","?","?","M","R","BOSS"],"build_version":"2019-01-23","purchased_purges":1,"victory":false,"max_hp_per_floor":[70,70,70,70,70,70,70,70,70,70,70,70,70,70,70,70,70,70,70,70,70,70,70,70,70,70,70,70,70,70,70,70,70],"card_choices":[{"not_picked":["Quick Slash","Dodge and Roll"],"picked":"Underhanded Strike","floor":1},{"not_picked":["Sucker Punch","Slice"],"picked":"Acrobatics","floor":3},{"not_picked":["Deadly Poison","Slice","Poisoned Stab"],"picked":"SKIP","floor":5},{"not_picked":["Poisoned Stab","PiercingWail","Underhanded Strike"],"picked":"SKIP","floor":7},{"not_picked":["Tactician","Dodge and Roll"],"picked":"Burst","floor":8},{"not_picked":["Backstab","Sucker Punch"],"picked":"Eviscerate","floor":12},{"not_picked":["Blade Dance","PiercingWail"],"picked":"Well Laid Plans","floor":13},{"not_picked":["Malaise","Glass Knife"],"picked":"Bullet Time","floor":16},{"not_picked":["Deflect","Bouncing Flask+1"],"picked":"Tactician+1","floor":18},{"not_picked":["Dagger Throw","Slice+1"],"picked":"Skewer","floor":19},{"not_picked":["Backflip","Poisoned Stab"],"picked":"Escape Plan","floor":20},{"not_picked":["Deadly Poison+1","Outmaneuver"],"picked":"Quick Slash+1","floor":24},{"not_picked":["PiercingWail","Blade Dance+1"],"picked":"Dash","floor":25},{"not_picked":["Slice+1","Outmaneuver","Terror+1"],"picked":"SKIP","floor":28},{"not_picked":["PiercingWail+1","Calculated Gamble"],"picked":"Deadly Poison+1","floor":30},{"not_picked":["Expertise","Leg Sweep"],"picked":"Infinite Blades+1","floor":31}],"player_experience":17349,"relics_obtained":[{"floor":9,"key":"Letter Opener"},{"floor":20,"key":"Red Mask"},{"floor":22,"key":"Bottled Tornado"},{"floor":26,"key":"Blood Vial"}],"event_choices":[{"damage_healed":0,"gold_gain":0,"player_choice":"Grow","damage_taken":0,"max_hp_gain":0,"max_hp_loss":0,"event_name":"Living Wall","floor":2,"gold_loss":0,"cards_upgraded":["Underhanded Strike"]},{"damage_healed":0,"gold_gain":0,"player_choice":"Success","damage_taken":7,"relics_obtained":["Girya"],"max_hp_gain":0,"max_hp_loss":0,"event_name":"Scrap Ooze","floor":4,"gold_loss":0},{"damage_healed":0,"gold_gain":30,"player_choice":"Searched \u00272\u0027 times","damage_taken":0,"max_hp_gain":0,"max_hp_loss":0,"event_name":"Dead Adventurer","floor":10,"gold_loss":0},{"damage_healed":0,"gold_gain":0,"player_choice":"Fought Bandits","damage_taken":0,"max_hp_gain":0,"max_hp_loss":0,"event_name":"Masked Bandits","floor":20,"gold_loss":0},{"damage_healed":0,"gold_gain":0,"cards_transformed":["Dash"],"player_choice":"Transformed","damage_taken":0,"max_hp_gain":0,"max_hp_loss":0,"event_name":"Transmorgrifier","floor":29,"gold_loss":0,"cards_obtained":["Backstab"]}],"is_beta":false,"boss_relics":[{"not_picked":["Runic Dome","WristBlade"],"picked":"Philosopher\u0027s Stone"}],"items_purged_floors":[14],"is_endless":false,"potions_floor_spawned":[3,8,13,21,28,30],"killed_by":"Automaton","ascension_level":0}