{"gold_per_floor":[112,112,112,122,133,166,96,96,96,157,173,201,218,3,3,107,107,117,117,127,127,145,158,158],"floor_reached":24,"playtime":2701,"items_purged":["Strike_B"],"score":208,"play_id":"8860bf57-5d15-4709-959f-ea5b8d5421c9","local_time":"20190208162026","is_ascension_mode":false,"campfire_choices":[{"floor":8.0,"key":"REST"},{"floor":15,"key":"RECALL"}],"neow_cost":"NONE","seed_source_timestamp":0,"circlet_count":0,"master_deck":["Strike_B","Strike_B+1","Defend_B","Defend_B","Defend_B","Zap","Dualcast","Amplify","Melter","Buffer+1","Melter","Glacier","Hologram","Storm","Hologram","Self Repair","Buffer","Loop","Genetic Algorithm","Doom and Gloom","Reboot","Heatsinks","Conserve Battery","Turbo+1"],"special_seed":0,"relics":["Cracked Core","Ornamental Fan","Ancient Tea Set","Kunai","Black Star","Girya"],"potions_floor_usage":[11,24],"damage_taken":[{"damage":1.0,"enemies":"Jaw Worm","floor":1.0,"turns":3.0},{"damage":0.0,"enemies":"Small Slimes","floor":4.0,"turns":2.0},{"damage":2.0,"enemies":"2 Louse","floor":5.0,"turns":2.0},{"damage":17.0,"enemies":"3 Sentries","floor":6.0,"turns":9.0},{"damage":8.0,"enemies":"Lagavulin Event","floor":10.0,"turns":4.0},{"damage":0,"enemies":"Exordium Thugs","floor":11,"turns":6},{"damage":8,"enemies":"Gremlin Nob","floor":12,"turns":5},{"damage":0,"enemies":"Looter","floor":13,"turns":3},{"damage":6,"enemies":"Slime Boss","floor":16,"turns":9},{"damage":30,"enemies":"2 Thieves","floor":18,"turns":5},{"damage":19,"enemies":"Chosen","floor":20,"turns":6},{"damage":0,"enemies":"Sentry and Sphere","floor":22,"turns":6},{"damage":30,"enemies":"Snake Plant","floor":23,"turns":3},{"damage":28,"enemies":"Gremlin Leader","floor":24,"turns":5}],"seed_played":"369911825873218037","potions_obtained":[{"floor":4.0,"key":"Weak Potion"},{"floor":6.0,"key":"PowerPotion"},{"floor":10,"key":"LiquidBronze"},{"floor":16,"key":"Ancient Potion"},{"floor":18,"key":"Poison Potion"}],"is_trial":false,"path_per_floor":["M","?","?","M","M","E","$","R","T","?","M","E","M","$","R","B",null,"M","?","M","$","M","M","E"],"character_chosen":"DEFECT","items_purchased":["Storm","Genetic Algorithm","Doom and Gloom"],"campfire_rested":1,"item_purchase_floors":[7,14,14],"current_hp_per_floor":[74,74,59,59,57,40,40,62,62,54,54,53,60,60,60,61,75,45,45,33,33,40,17,0],"gold":158,"neow_bonus":"TRANSFORM_CARD","is_prod":false,"is_daily":false,"chose_seed":false,"campfire_upgraded":0,"win_rate":0,"timestamp":1549650026,"path_taken":["M","?","?","M","M","E","$","R","T","?","M","E","M","$","R","BOSS","M","?","M","?","M","M","E"],"build_version":"2019-01-23","purchased_purges":1,"victory":false,"max_hp_per_floor":[75,75,75,75,75,75,75,75,75,75,75,75,75,75,75,75,75,75,75,75,75,75,75,75],"card_choices":[{"not_picked":["Steam","Static Discharge"],"picked":"Melter","floor":1.0},{"not_picked":["Rebound","Steam"],"picked":"Melter","floor":4.0},{"not_picked":["Chaos","Turbo"],"picked":"Glacier","floor":5.0},{"not_picked":["Leap","Rip and Tear"],"picked":"Hologram","floor":6.0},{"not_picked":["Ball Lightning","Beam Cell"],"picked":"Hologram","floor":10},{"not_picked":["Stack","Beam Cell"],"picked":"Self Repair","floor":11},{"not_picked":["Auto Shields","Coolheaded"],"picked":"Buffer","floor":12},{"not_picked":["Streamline","Steam"],"picked":"Loop","floor":13},{"not_picked":["Echo Form","Fission"],"picked":"Reboot","floor":16},{"not_picked":["Compile Driver","Auto Shields"],"picked":"Heatsinks","floor":18},{"not_picked":["Coolheaded","Fission"],"picked":"Conserve Battery","floor":20},{"not_picked":["Auto Shields","Sweeping Beam"],"picked":"Turbo+1","floor":22},{"not_picked":["Sunder","Reprogram","Leap+1"],"picked":"SKIP","floor":23}],"player_experience":372099,"relics_obtained":[{"floor":6.0,"key":"Ornamental Fan"},{"floor":12,"key":"Kunai"}],"event_choices":[{"damage_healed":0.0,"max_hp_gain":0.0,"max_hp_loss":0.0,"gold_gain":0.0,"cards_transformed":["Defend_B"],"event_name":"Living Wall","player_choice":"Change","floor":2.0,"gold_loss":0.0,"damage_taken":0.0,"cards_obtained":["Buffer"]},{"damage_healed":0.0,"max_hp_gain":0.0,"max_hp_loss":0.0,"gold_gain":0.0,"event_name":"Shining Light","player_choice":"Entered Light","floor":3.0,"gold_loss":0.0,"damage_taken":15.0,"cards_upgraded":["Strike_B","Buffer"]},{"damage_healed":0.0,"max_hp_gain":0.0,"max_hp_loss":0.0,"gold_gain":0.0,"event_name":"Dead Adventurer","player_choice":"Searched \u00272\u0027 times","floor":10.0,"gold_loss":0.0,"damage_taken":0.0,"relics_obtained":["Ancient Tea Set"]},{"damage_healed":0,"gold_gain":0,"player_choice":"Gave Potion","damage_taken":0,"relics_obtained":["Girya"],"max_hp_gain":0,"max_hp_loss":0,"event_name":"WeMeetAgain","floor":19,"gold_loss":0}],"is_beta":false,"boss_relics":[{"not_picked":["Ectoplasm","Velvet Choker"],"picked":"Black Star"}],"items_purged_floors":[14],"is_endless":false,"potions_floor_spawned":[4,6,10,16,18],"killed_by":"Gremlin Leader","ascension_level":0}