{"gold_per_floor":[14,0,0,0,16,51,71,71,122,166,184,88,88,126,126,254,254,274,327,327,287,300,328,328,359,359,3,20,31,31,66,66,162,162,178,178,128,139,139,139,159,177,256,256,269,269,283,294,294,294],"floor_reached":51,"playtime":3928,"items_purged":["Strike_B","Strike_B","Pain"],"score":1008,"play_id":"223929fe-de56-4eb1-8059-57148701e225","local_time":"20190207185713","is_ascension_mode":true,"campfire_choices":[{"floor":8,"key":"REST"},{"data":"Fission","floor":13,"key":"SMITH"},{"data":"Sunder","floor":15,"key":"SMITH"},{"data":"Zap","floor":24,"key":"SMITH"},{"data":"Defragment","floor":32,"key":"SMITH"},{"data":"Turbo","floor":40,"key":"SMITH"},{"data":"Streamline","floor":46,"key":"SMITH"},{"data":"Meteor Strike","floor":49,"key":"SMITH"}],"neow_cost":"NO_GOLD","seed_source_timestamp":286806418354961,"circlet_count":0,"master_deck":["AscendersBane","Strike_B","Strike_B","Defend_B","Defend_B+1","Defend_B","Defend_B","Zap+1","Dualcast","Fission+1","Sunder+1","BootSequence+1","Beam Cell","Cold Snap","Beam Cell","Turbo+1","Streamline+1","Electrodynamics","Stack+1","White Noise","Echo Form","BootSequence","Chill","Barrage+1","Defragment+1","Meteor Strike+1","Conserve Battery","Cold Snap+1","Writhe","Stack","Tempest+1"],"relics":["Cracked Core","Bloody Idol","Smiling Mask","StoneCalendar","War Paint","Torii","Lantern","Runic Pyramid","Art of War","Bronze Scales","Meat on the Bone","Ice Cream","Enchiridion","Red Mask","Black Star","WarpedTongs","Letter Opener"],"potions_floor_usage":[10,10,10,10,16,22,23,23,25,31,31,33,48,50,50],"damage_taken":[{"damage":9,"enemies":"Small Slimes","floor":1,"turns":4},{"damage":6,"enemies":"2 Louse","floor":5,"turns":3},{"damage":15,"enemies":"3 Sentries","floor":6,"turns":7},{"damage":0,"enemies":"Cultist","floor":7,"turns":2},{"damage":9,"enemies":"Lagavulin","floor":10,"turns":4},{"damage":1,"enemies":"Red Slaver","floor":11,"turns":4},{"damage":2,"enemies":"3 Sentries","floor":14,"turns":7},{"damage":26,"enemies":"Slime Boss","floor":16,"turns":7},{"damage":0,"enemies":"3 Byrds","floor":18,"turns":3},{"damage":14,"enemies":"Shell Parasite","floor":22,"turns":3},{"damage":11,"enemies":"Gremlin Leader","floor":23,"turns":4},{"damage":15,"enemies":"Book of Stabbing","floor":25,"turns":4},{"damage":0,"enemies":"3 Cultists","floor":28,"turns":5},{"damage":1,"enemies":"Snake Plant","floor":29,"turns":4},{"damage":0,"enemies":"Masked Bandits","floor":31,"turns":3},{"damage":1,"enemies":"Automaton","floor":33,"turns":8},{"damage":36,"enemies":"3 Darklings","floor":35,"turns":3},{"damage":0,"enemies":"Orb Walker","floor":38,"turns":3},{"damage":2,"enemies":"4 Shapes","floor":41,"turns":4},{"damage":2,"enemies":"Transient","floor":42,"turns":5},{"damage":2,"enemies":"Sphere and 2 Shapes","floor":45,"turns":6},{"damage":0,"enemies":"Spire Growth","floor":47,"turns":5},{"damage":0,"enemies":"Jaw Worm Horde","floor":48,"turns":4},{"damage":33,"enemies":"Time Eater","floor":50,"turns":8}],"seed_played":"6357600759147397061","potions_obtained":[{"floor":6,"key":"AttackPotion"},{"floor":7,"key":"EntropicBrew"},{"floor":21,"key":"FearPotion"},{"floor":21,"key":"Block Potion"},{"floor":21,"key":"Regen Potion"},{"floor":23,"key":"AttackPotion"},{"floor":28,"key":"Regen Potion"},{"floor":29,"key":"FocusPotion"},{"floor":33,"key":"Fruit Juice"},{"floor":42,"key":"EssenceOfSteel"},{"floor":45,"key":"SpeedPotion"},{"floor":48,"key":"Fruit Juice"}],"is_trial":false,"path_per_floor":["M","?","?","?","M","E","M","R","T","E","M","$","R","E","R","B",null,"M","T","?","?","M","E","R","E","T","$","M","M","?","?","R","B",null,"M","?","$","M","?","R","M","M","T","?","M","R","M","M","R","B",null],"character_chosen":"DEFECT","items_purchased":["Turbo","Echo Form","BootSequence","Chill"],"campfire_rested":1,"item_purchase_floors":[12,27,27,27],"current_hp_per_floor":[59,59,59,59,53,38,38,58,58,49,48,48,48,46,46,20,57,57,57,57,57,48,54,54,44,44,44,49,53,37,51,51,60,71,52,52,52,57,74,74,74,74,74,74,74,74,74,79,79,46],"gold":294,"neow_bonus":"THREE_RARE_CARDS","is_prod":false,"is_daily":false,"chose_seed":false,"campfire_upgraded":7,"win_rate":0,"timestamp":1549544233,"path_taken":["M","?","?","?","M","E","M","R","T","E","?","$","R","E","R","BOSS","M","?","?","?","M","E","R","E","T","$","?","M","?","?","R","BOSS","M","?","$","?","?","R","M","M","T","?","M","R","?","M","R","BOSS"],"build_version":"2019-01-23","purchased_purges":3,"victory":true,"max_hp_per_floor":[75,75,69,69,69,69,69,69,69,69,69,69,69,69,69,69,69,69,69,69,69,69,69,69,69,69,69,69,69,69,69,69,74,74,74,74,74,74,74,74,74,74,74,74,74,74,74,79,79,79],"card_choices":[{"not_picked":["Electrodynamics","Amplify"],"picked":"Fission","floor":0},{"not_picked":["Beam Cell","Coolheaded"],"picked":"Chill","floor":1},{"not_picked":["Ball Lightning","Sweeping Beam"],"picked":"Sunder","floor":5},{"not_picked":["Steam","Leap"],"picked":"BootSequence","floor":6},{"not_picked":["Reinforced Body","Steam"],"picked":"Beam Cell","floor":7},{"not_picked":["Reinforced Body","Compile Driver"],"picked":"Cold Snap","floor":10},{"not_picked":["Double Energy","Go for the Eyes"],"picked":"Beam Cell","floor":11},{"not_picked":["Leap","Gash"],"picked":"Streamline","floor":14},{"not_picked":["Creative AI","Reboot"],"picked":"Electrodynamics","floor":16},{"not_picked":["Gash","Genetic Algorithm+1"],"picked":"Stack+1","floor":18},{"not_picked":["Go for the Eyes","Redo","Sunder+1"],"picked":"SKIP","floor":22},{"not_picked":["Reprogram","Redo","Rebound"],"picked":"SKIP","floor":23},{"not_picked":["Consume","Blizzard"],"picked":"White Noise","floor":25},{"not_picked":["Conserve Battery","Auto Shields+1"],"picked":"Barrage+1","floor":28},{"not_picked":["Beam Cell","Sunder"],"picked":"Defragment","floor":29},{"not_picked":["Biased Cognition","Machine Learning"],"picked":"Meteor Strike","floor":33},{"not_picked":["Defragment","Gash+1"],"picked":"Conserve Battery","floor":35},{"not_picked":["Barrage+1","Streamline"],"picked":"Cold Snap+1","floor":38},{"not_picked":["Force Field","Steam","Sweeping Beam"],"picked":"SKIP","floor":41},{"not_picked":["Compile Driver","Sweeping Beam"],"picked":"Stack","floor":42},{"not_picked":["Cold Snap+1","Genetic Algorithm","Sunder"],"picked":"SKIP","floor":45},{"not_picked":["Cold Snap+1","Genetic Algorithm","Sunder"],"picked":"SKIP","floor":45},{"not_picked":["Doom and Gloom","Beam Cell","Biased Cognition"],"picked":"SKIP","floor":47},{"not_picked":["Blizzard+1","Steam"],"picked":"Tempest+1","floor":48}],"player_experience":747915,"relics_obtained":[{"floor":6,"key":"StoneCalendar"},{"floor":9,"key":"War Paint"},{"floor":10,"key":"Torii"},{"floor":14,"key":"Lantern"},{"floor":19,"key":"Art of War"},{"floor":23,"key":"Bronze Scales"},{"floor":25,"key":"Meat on the Bone"},{"floor":26,"key":"Ice Cream"},{"floor":30,"key":"Enchiridion"},{"floor":31,"key":"Red Mask"},{"floor":43,"key":"Letter Opener"}],"event_choices":[{"damage_healed":0,"gold_gain":0,"player_choice":"Left Gold","damage_taken":0,"max_hp_gain":0,"max_hp_loss":0,"event_name":"World of Goop","floor":2,"gold_loss":14},{"damage_healed":0,"gold_gain":0,"player_choice":"Lose Max HP","damage_taken":0,"relics_obtained":["Golden Idol"],"max_hp_gain":0,"max_hp_loss":6,"event_name":"Golden Idol","floor":3,"gold_loss":0},{"cards_removed":["Chill"],"damage_healed":0,"gold_gain":0,"player_choice":"Gave Card","damage_taken":0,"relics_obtained":["Smiling Mask"],"max_hp_gain":0,"max_hp_loss":0,"event_name":"WeMeetAgain","floor":4,"gold_loss":0},{"damage_healed":0,"gold_gain":0,"player_choice":"Gave Idol","damage_taken":0,"relics_obtained":["Bloody Idol"],"max_hp_gain":0,"max_hp_loss":0,"event_name":"Forgotten Altar","floor":20,"relics_lost":["Golden Idol"],"gold_loss":0},{"damage_healed":0,"gold_gain":0,"player_choice":"Bought 3 Potions","damage_taken":0,"max_hp_gain":0,"max_hp_loss":0,"event_name":"The Woman in Blue","floor":21,"gold_loss":0},{"damage_healed":0,"gold_gain":0,"player_choice":"Obtained Book","damage_taken":16,"max_hp_gain":0,"max_hp_loss":0,"event_name":"Cursed Tome","floor":30,"gold_loss":0},{"damage_healed":0,"gold_gain":0,"player_choice":"Fought Bandits","damage_taken":0,"max_hp_gain":0,"max_hp_loss":0,"event_name":"Masked Bandits","floor":31,"gold_loss":0},{"damage_healed":0,"gold_gain":0,"player_choice":"Rummage","damage_taken":0,"relics_obtained":["WarpedTongs"],"max_hp_gain":0,"max_hp_loss":0,"event_name":"Accursed Blacksmith","floor":36,"gold_loss":0,"cards_obtained":["Pain"]},{"damage_healed":19,"gold_gain":0,"player_choice":"Writhe","damage_taken":0,"max_hp_gain":0,"max_hp_loss":0,"event_name":"Winding Halls","floor":39,"gold_loss":0,"cards_obtained":["Writhe"]},{"damage_healed":0,"gold_gain":0,"player_choice":"Ignored","damage_taken":0,"max_hp_gain":0,"max_hp_loss":0,"event_name":"SecretPortal","floor":44,"gold_loss":0}],"is_beta":false,"boss_relics":[{"not_picked":["Empty Cage","Coffee Dripper"],"picked":"Runic Pyramid"},{"not_picked":["Pandora\u0027s Box","Calling Bell"],"picked":"Black Star"}],"items_purged_floors":[12,27,37],"is_endless":false,"potions_floor_spawned":[6,7,23,28,29,33,42,45,48],"ascension_level":10}