{"gold_per_floor":[109,109,109,129,54,54,54,88,88,99,130,130,144,144,144,265,265,278,126,126,251,251,251,295,311,363,363],"floor_reached":27,"playtime":1014,"items_purged":["Regret","Strike_R"],"score":328,"play_id":"674fb9a6-4b46-422c-8502-d64e03cd1046","local_time":"20190107175455","is_ascension_mode":true,"campfire_choices":[{"data":"Run Through","floor":6,"key":"SMITH"},{"data":"True Grit","floor":15,"key":"SMITH"},{"floor":23,"key":"REST"}],"neow_cost":"NONE","seed_source_timestamp":153428436001928,"circlet_count":0,"master_deck":["Strike_R","Strike_R","Strike_R","Defend_R","Defend_R","Defend_R","Bash","Run Through+1","Bludgeon+1","Sword Boomerang","True Grit+1","Run Through+1","Shrug It Off","Pommel Strike+1","Sword Boomerang+1"],"relics":["Burning Blood","NeowsBlessing","Boot","Paper Frog","ReplayTheSpireMod:Ninjato","Molten Egg 2","Golden Idol","Fusion Hammer","Arrowhead","Snack Pack","Blue Doll","Bronze Scales"],"potions_floor_usage":[21,27],"damage_taken":[{"damage":0,"enemies":"Jaw Worm","floor":1,"turns":1},{"damage":0,"enemies":"2 Louse","floor":4,"turns":1},{"damage":0,"enemies":"3 Sentries","floor":8,"turns":1},{"damage":0,"enemies":"Cultist","floor":10,"turns":2},{"damage":16,"enemies":"Gremlin Nob","floor":11,"turns":3},{"damage":0,"enemies":"Large Slime","floor":13,"turns":4},{"damage":18,"enemies":"Slime Boss","floor":16,"turns":8},{"damage":9,"enemies":"Shell Parasite","floor":18,"turns":3},{"damage":23,"enemies":"Colosseum Slavers","floor":21,"turns":5},{"damage":32,"enemies":"Colosseum Nobs","floor":21,"turns":4},{"damage":57,"enemies":"Book of Stabbing","floor":24,"turns":5},{"damage":12,"enemies":"2 Thieves","floor":25,"turns":3},{"damage":25,"enemies":"Gremlin Leader","floor":27,"turns":3}],"seed_played":"3483633977512735493","potions_obtained":[{"floor":4,"key":"Flashbang"},{"floor":13,"key":"Elixir"},{"floor":16,"key":"Poison Potion"},{"floor":24,"key":"Swift Potion"}],"is_trial":false,"path_per_floor":["M","?","?","M","$","R","$","E","T","M","E","?","M","?","R","B",null,"M","$","?","?","?","R","E","M","T","E"],"character_chosen":"IRONCLAD","items_purchased":["Shrug It Off"],"campfire_rested":1,"item_purchase_floors":[19],"current_hp_per_floor":[80,80,80,80,80,80,80,80,80,80,70,70,76,56,56,44,71,68,68,68,25,51,75,24,18,18,0],"gold":363,"neow_bonus":"THREE_ENEMY_KILL","is_prod":false,"is_daily":false,"chose_seed":false,"campfire_upgraded":2,"win_rate":0,"timestamp":1546905295,"path_taken":["M","?","?","M","$","R","?","E","T","?","E","?","M","?","R","BOSS","M","$","?","?","?","R","E","?","T","E"],"build_version":"2019-01-03v4","purchased_purges":2,"victory":false,"max_hp_per_floor":[80,80,80,80,80,80,80,80,80,80,80,80,80,80,80,80,80,80,80,80,80,80,80,80,80,80,80],"card_choices":[{"not_picked":["Havoc","Sword Boomerang"],"picked":"Run Through","floor":1},{"not_picked":["Combust","Thunderclap"],"picked":"Sword Boomerang","floor":4},{"not_picked":["Body Slam","Reaper","Replay:Undeath\u0027s Touch"],"picked":"SKIP","floor":8},{"not_picked":["Armaments","Rupture"],"picked":"True Grit","floor":10},{"not_picked":["Abandon","Bloodletting"],"picked":"Run Through","floor":11},{"not_picked":["Havoc","Heavy Blade+1","ReplayTheSpireMod:Corrosion Curse"],"picked":"SKIP","floor":13},{"not_picked":["Replay:Undeath\u0027s Touch+1","Havoc","Armaments"],"picked":"SKIP","floor":18},{"not_picked":["ReplayTheSpireMod:Muscle Training","Clash+1"],"picked":"Pommel Strike+1","floor":21},{"not_picked":["ReplayTheSpireMod:Corrosion Curse","Inflame","ReplayReversal"],"picked":"SKIP","floor":24},{"not_picked":["Immolate+1","Replay:Undeath\u0027s Touch+1"],"picked":"Sword Boomerang+1","floor":25}],"player_experience":126712,"relics_obtained":[{"floor":8,"key":"Paper Frog"},{"floor":9,"key":"ReplayTheSpireMod:Ninjato"},{"floor":11,"key":"Molten Egg 2"},{"floor":21,"key":"Arrowhead"},{"floor":21,"key":"Snack Pack"},{"floor":24,"key":"Blue Doll"},{"floor":26,"key":"Bronze Scales"}],"event_choices":[{"damage_healed":0,"gold_gain":0,"player_choice":"Box","damage_taken":0,"relics_obtained":["Boot"],"max_hp_gain":0,"max_hp_loss":0,"event_name":"Big Fish","floor":3,"gold_loss":0,"cards_obtained":["Regret"]},{"cards_removed":["Strike_R"],"damage_healed":0,"gold_gain":0,"player_choice":"Forget","damage_taken":0,"max_hp_gain":0,"max_hp_loss":0,"event_name":"Living Wall","floor":12,"gold_loss":0},{"damage_healed":0,"gold_gain":0,"player_choice":"Take Damage","damage_taken":20,"relics_obtained":["Golden Idol"],"max_hp_gain":0,"max_hp_loss":0,"event_name":"Golden Idol","floor":14,"gold_loss":0},{"damage_healed":0,"gold_gain":0,"player_choice":"Ignored","damage_taken":0,"max_hp_gain":0,"max_hp_loss":0,"event_name":"Vampires","floor":20,"gold_loss":0},{"damage_healed":0,"gold_gain":0,"player_choice":"Fight","damage_taken":0,"max_hp_gain":0,"max_hp_loss":0,"event_name":"Colosseum","floor":21,"gold_loss":0},{"damage_healed":0,"gold_gain":0,"player_choice":"Fought Nobs","damage_taken":0,"max_hp_gain":0,"max_hp_loss":0,"event_name":"Colosseum","floor":21,"gold_loss":0},{"damage_healed":26,"gold_gain":0,"player_choice":"Heal","damage_taken":0,"max_hp_gain":0,"max_hp_loss":0,"event_name":"The Library","floor":22,"gold_loss":0}],"is_beta":false,"boss_relics":[{"not_picked":["Painkiller Herb","Honey Jar"],"picked":"Fusion Hammer"}],"items_purged_floors":[5,19],"is_endless":false,"potions_floor_spawned":[4,13,16,21,24],"killed_by":"Gremlin Leader","ascension_level":5}