{"gold_per_floor":[114,74,85,103,115,115,115,115,140,140,140,173,98,130,130,230,230,244,244,244,261,271,271,346,346,346,366,384,384,150,39,39,39],"floor_reached":33,"playtime":1060,"items_purged":["Strike_R","Decay"],"score":380,"play_id":"b4d6e98b-104f-4e5c-85f4-b04a854e1080","local_time":"20190205074808","is_ascension_mode":true,"campfire_choices":[{"data":"Bash","floor":6,"key":"SMITH"},{"data":"Shrug It Off","floor":8,"key":"SMITH"},{"data":"Shrug It Off","floor":11,"key":"SMITH"},{"data":"Spot Weakness","floor":15,"key":"SMITH"},{"data":"Offering","floor":23,"key":"SMITH"},{"data":"Ghostly Armor","floor":25,"key":"SMITH"},{"floor":32,"key":"REST"}],"neow_cost":"NONE","seed_source_timestamp":31244329537377,"circlet_count":0,"master_deck":["AscendersBane","Strike_R","Strike_R","Strike_R+1","Strike_R","Defend_R","Defend_R","Defend_R","Defend_R","Bash+1","Shrug It Off+1","Shrug It Off+1","Carnage+1","Spot Weakness+1","Offering+1","Cleave+1","Ghostly Armor+1","Battle Trance","Master of Strategy"],"relics":["Burning Blood","NeowsBlessing","Bag of Marbles","Whetstone","PreservedInsect","Juzu Bracelet","Velvet Choker","Enchiridion","The Courier","Dream Catcher"],"potions_floor_usage":[12,16,16,16,33,33],"damage_taken":[{"damage":0,"enemies":"Cultist","floor":1,"turns":1},{"damage":0,"enemies":"2 Louse","floor":3,"turns":1},{"damage":0,"enemies":"Jaw Worm","floor":4,"turns":1},{"damage":11,"enemies":"2 Fungi Beasts","floor":5,"turns":5},{"damage":35,"enemies":"Lagavulin","floor":12,"turns":9},{"damage":7,"enemies":"Gremlin Nob","floor":14,"turns":3},{"damage":29,"enemies":"Slime Boss","floor":16,"turns":11},{"damage":6,"enemies":"Spheric Guardian","floor":18,"turns":3},{"damage":9,"enemies":"Shell Parasite","floor":21,"turns":3},{"damage":10,"enemies":"Snecko","floor":22,"turns":3},{"damage":6,"enemies":"Shelled Parasite and Fungi","floor":27,"turns":2},{"damage":18,"enemies":"Snake Plant","floor":28,"turns":4},{"damage":55,"enemies":"Automaton","floor":33,"turns":8}],"seed_played":"-1798017125246448697","potions_obtained":[{"floor":2,"key":"Weak Potion"},{"floor":2,"key":"Energy Potion"},{"floor":2,"key":"Dexterity Potion"},{"floor":3,"key":"SkillPotion"},{"floor":14,"key":"GamblersBrew"},{"floor":16,"key":"Fire Potion"},{"floor":22,"key":"PowerPotion"},{"floor":27,"key":"SpeedPotion"},{"floor":28,"key":"Dexterity Potion"}],"is_trial":false,"path_per_floor":["M","?","M","M","M","R","?","R","T","T","R","E","$","E","R","B",null,"M","?","?","M","M","R","?","R","T","M","M","?","$","?","R","B"],"character_chosen":"IRONCLAD","items_purchased":["Master of Strategy"],"campfire_rested":1,"item_purchase_floors":[30],"current_hp_per_floor":[78,78,80,80,75,75,80,80,80,80,80,51,51,50,50,27,71,71,71,55,52,48,48,40,40,40,40,28,28,28,28,53,0],"gold":39,"neow_bonus":"THREE_ENEMY_KILL","is_prod":false,"is_daily":false,"chose_seed":false,"campfire_upgraded":6,"win_rate":0,"timestamp":1549320488,"path_taken":["M","?","M","?","M","R","?","R","T","?","R","E","$","E","R","BOSS","M","?","?","M","M","R","?","R","T","M","M","?","$","?","R","BOSS"],"build_version":"2019-01-23","purchased_purges":2,"victory":false,"max_hp_per_floor":[80,80,80,80,80,80,85,85,85,85,85,85,85,85,85,85,85,85,85,85,85,85,85,85,85,85,85,85,85,85,85,85,85],"card_choices":[{"not_picked":["Infernal Blade","Havoc"],"picked":"Shrug It Off","floor":1},{"not_picked":["Thunderclap","Sever Soul"],"picked":"Shrug It Off","floor":3},{"not_picked":["Dropkick","Pummel"],"picked":"Carnage","floor":4},{"not_picked":["Feel No Pain","Wild Strike","True Grit"],"picked":"SKIP","floor":5},{"not_picked":["Bloodletting","Combust"],"picked":"Spot Weakness","floor":12},{"not_picked":["Feel No Pain","Clash","Disarm"],"picked":"SKIP","floor":14},{"not_picked":["Feed","Barricade"],"picked":"Offering","floor":16},{"not_picked":["Anger","Shrug It Off"],"picked":"Cleave+1","floor":18},{"not_picked":["Blood for Blood","Rampage","Feel No Pain+1"],"picked":"SKIP","floor":21},{"not_picked":["Armaments","Pummel"],"picked":"Ghostly Armor","floor":22},{"not_picked":["True Grit","Burning Pact","Flex"],"picked":"SKIP","floor":27},{"not_picked":["Shockwave","Searing Blow+1"],"picked":"Battle Trance","floor":28}],"player_experience":176908,"relics_obtained":[{"floor":9,"key":"Bag of Marbles"},{"floor":10,"key":"Whetstone"},{"floor":12,"key":"PreservedInsect"},{"floor":14,"key":"Juzu Bracelet"},{"floor":20,"key":"Enchiridion"},{"floor":26,"key":"The Courier"}],"event_choices":[{"damage_healed":0,"gold_gain":0,"player_choice":"Bought 3 Potions","damage_taken":0,"max_hp_gain":0,"max_hp_loss":0,"event_name":"The Woman in Blue","floor":2,"gold_loss":0},{"damage_healed":0,"gold_gain":0,"player_choice":"Donut","damage_taken":0,"max_hp_gain":5,"max_hp_loss":0,"event_name":"Big Fish","floor":7,"gold_loss":0},{"damage_healed":0,"gold_gain":0,"player_choice":"Ignored","damage_taken":0,"max_hp_gain":0,"max_hp_loss":0,"event_name":"The Mausoleum","floor":19,"gold_loss":0},{"damage_healed":0,"gold_gain":0,"player_choice":"Obtained Book","damage_taken":16,"max_hp_gain":0,"max_hp_loss":0,"event_name":"Cursed Tome","floor":20,"gold_loss":0},{"damage_healed":0,"gold_gain":75,"player_choice":"Touch","damage_taken":8,"max_hp_gain":0,"max_hp_loss":0,"event_name":"FaceTrader","floor":24,"gold_loss":0},{"damage_healed":0,"gold_gain":0,"player_choice":"Cursed","damage_taken":0,"max_hp_gain":0,"max_hp_loss":0,"event_name":"Wheel of Change","floor":29,"gold_loss":0,"cards_obtained":["Decay"]},{"damage_healed":0,"gold_gain":0,"player_choice":"Paid Gold","damage_taken":0,"relics_obtained":["Dream Catcher"],"max_hp_gain":0,"max_hp_loss":0,"event_name":"WeMeetAgain","floor":31,"gold_loss":111}],"is_beta":false,"boss_relics":[{"not_picked":["Busted Crown","Fusion Hammer"],"picked":"Velvet Choker"}],"items_purged_floors":[13,30],"is_endless":false,"potions_floor_spawned":[3,5,14,16,22,27,28],"killed_by":"Automaton","ascension_level":10}