{"gold_per_floor":[115,290,302,320,330,330,364,364,418,436,447,209,219,219,219,314,314,330,343,370,370,78,78,78],"floor_reached":24,"playtime":2442,"items_purged":["Strike_R","Strike_R"],"score":248,"play_id":"5f7b590c-1e1e-4649-86ce-ebcd923038b0","local_time":"20190208050108","is_ascension_mode":false,"campfire_choices":[{"data":"Armaments","floor":6,"key":"SMITH"},{"data":"Bash","floor":8,"key":"SMITH"},{"data":"Demon Form","floor":15,"key":"SMITH"}],"neow_cost":"NONE","seed_source_timestamp":55887898230869,"circlet_count":0,"master_deck":["Strike_R","Strike_R","Defend_R","Defend_R","Defend_R","Defend_R","Bash+1","Armaments+1","Doubt","Impervious","Armaments","Inflame","Battle Trance+1","Shrug It Off+1","Rampage","Thinking Ahead+1","Demon Form+1","Warcry+1","Double Tap+1"],"relics":["Coffee Dripper","Toxic Egg 2","Orichalcum","Black Star","Red Mask","PreservedInsect","HandDrill"],"potions_floor_usage":[],"damage_taken":[{"damage":0,"enemies":"Cultist","floor":1,"turns":3},{"damage":11,"enemies":"Jaw Worm","floor":3,"turns":3},{"damage":0,"enemies":"Small Slimes","floor":4,"turns":3},{"damage":2,"enemies":"Blue Slaver","floor":5,"turns":5},{"damage":45,"enemies":"Gremlin Nob","floor":7,"turns":5},{"damage":6,"enemies":"Exordium Wildlife","floor":10,"turns":3},{"damage":0,"enemies":"Gremlin Gang","floor":11,"turns":6},{"damage":1,"enemies":"3 Louse","floor":13,"turns":5},{"damage":0,"enemies":"The Guardian","floor":16,"turns":9},{"damage":9,"enemies":"Chosen","floor":18,"turns":5},{"damage":1,"enemies":"Shell Parasite","floor":19,"turns":6},{"damage":63,"enemies":"Masked Bandits","floor":20,"turns":7},{"damage":12,"enemies":"Cultist and Chosen","floor":24,"turns":4}],"seed_played":"-7495674823084427939","potions_obtained":[{"floor":3,"key":"Poison Potion"},{"floor":7,"key":"Energy Potion"},{"floor":11,"key":"SpeedPotion"},{"floor":20,"key":"GamblersBrew"}],"is_trial":false,"path_per_floor":["M","?","M","M","M","R","E","R","T","M","M","$","M","?","R","B",null,"M","M","?","?","$","?","M"],"character_chosen":"IRONCLAD","items_purchased":["Thinking Ahead+1","HandDrill"],"campfire_rested":0,"item_purchase_floors":[12,22],"current_hp_per_floor":[80,80,69,69,67,67,22,22,22,16,16,16,15,15,15,15,80,71,70,7,7,7,7,0],"gold":78,"neow_bonus":"BOSS_RELIC","is_prod":false,"is_daily":false,"chose_seed":false,"campfire_upgraded":3,"win_rate":0.0,"timestamp":1549598468,"path_taken":["M","?","M","M","M","R","E","R","T","M","M","$","M","?","R","BOSS","M","M","?","?","$","?","?"],"build_version":"2019-01-23","purchased_purges":2,"victory":false,"max_hp_per_floor":[80,80,80,80,80,80,80,80,80,80,80,80,80,80,80,80,80,80,80,80,80,80,80,80],"card_choices":[{"not_picked":["Intimidate","Thunderclap"],"picked":"Armaments","floor":1},{"not_picked":["Body Slam","Headbutt"],"picked":"Impervious","floor":3},{"not_picked":["Clothesline","Pommel Strike"],"picked":"Armaments","floor":4},{"not_picked":["Rupture","Disarm"],"picked":"Inflame","floor":5},{"not_picked":["Flame Barrier","Flex"],"picked":"Battle Trance","floor":7},{"not_picked":["Headbutt","Twin Strike"],"picked":"Shrug It Off+1","floor":10},{"not_picked":["Rupture","Spot Weakness+1"],"picked":"Rampage","floor":11},{"not_picked":["Flame Barrier+1","Corruption"],"picked":"Demon Form","floor":13},{"not_picked":["Fiend Fire","Bludgeon"],"picked":"Double Tap+1","floor":16},{"not_picked":["Disarm+1","Cleave+1","Sword Boomerang"],"picked":"SKIP","floor":18},{"not_picked":["Anger","Corruption+1","Twin Strike"],"picked":"SKIP","floor":19}],"player_experience":48376,"relics_obtained":[{"floor":7,"key":"Toxic Egg 2"},{"floor":9,"key":"Orichalcum"},{"floor":20,"key":"Red Mask"}],"event_choices":[{"damage_healed":0,"gold_gain":175,"player_choice":"AGREE","damage_taken":0,"max_hp_gain":0,"max_hp_loss":0,"event_name":"Liars Game","floor":2,"gold_loss":0,"cards_obtained":["Doubt"]},{"damage_healed":0,"gold_gain":0,"player_choice":"1 cards matched","damage_taken":0,"max_hp_gain":0,"max_hp_loss":0,"event_name":"Match and Keep!","floor":14,"gold_loss":0,"cards_obtained":["Warcry"]},{"damage_healed":0,"gold_gain":0,"player_choice":"Fought Bandits","damage_taken":0,"max_hp_gain":0,"max_hp_loss":0,"event_name":"Masked Bandits","floor":20,"gold_loss":0},{"damage_healed":0,"gold_gain":0,"player_choice":"Opened","damage_taken":0,"relics_obtained":["PreservedInsect"],"max_hp_gain":0,"max_hp_loss":0,"event_name":"The Mausoleum","floor":21,"gold_loss":0},{"cards_removed":["Strike_R"],"damage_healed":0,"gold_gain":0,"player_choice":"Elegance","damage_taken":0,"max_hp_gain":0,"max_hp_loss":0,"event_name":"Back to Basics","floor":23,"gold_loss":0}],"is_beta":false,"boss_relics":[{"not_picked":["Runic Cube","Astrolabe"],"picked":"Black Star"}],"items_purged_floors":[12,22],"is_endless":false,"potions_floor_spawned":[3,7,11,16,18,20],"killed_by":"Cultist and Chosen","ascension_level":0}