{"gold_per_floor":[211,54,70,70,245,245,245,272,272,272,286,286,59,59,59,160,160,177,29,39,55,55,86,100,100,155,155,155,155,182,201,201,201],"floor_reached":33,"playtime":1054,"items_purged":["Doubt"],"score":401,"play_id":"78b8965f-f9c8-451f-874e-773a324dc9f2","local_time":"20190128224605","is_ascension_mode":true,"campfire_choices":[{"data":"Deadly Poison","floor":6,"key":"SMITH"},{"data":"Deadly Poison","floor":10,"key":"SMITH"},{"floor":15,"key":"REST"},{"floor":27,"key":"REST"},{"floor":29,"key":"REST"},{"floor":32,"key":"REST"}],"neow_cost":"NONE","seed_source_timestamp":771279761356900,"circlet_count":0,"master_deck":["Defend_G","Defend_G","Defend_G","Defend_G","Defend_G","Strike_G","Strike_G","Strike_G","Strike_G","Strike_G","Survivor","Neutralize+1","Deadly Poison+1","Deadly Poison+1","Blur","Footwork","Doppelganger","Footwork","Deadly Poison","Deadly Poison","Shame","Decay","Caltrops+1"],"relics":["Ring of the Snake","Oddly Smooth Stone","Orichalcum","Mercury Hourglass","Strawberry","Anchor","Letter Opener","Cursed Key","Singing Bowl","Nilry\u0027s Codex","Toxic Egg 2","Regal Pillow"],"potions_floor_usage":[16,20,23,24],"damage_taken":[{"damage":0,"enemies":"Small Slimes","floor":1,"turns":3},{"damage":7,"enemies":"2 Louse","floor":3,"turns":4},{"damage":41,"enemies":"Gremlin Nob","floor":8,"turns":5},{"damage":5,"enemies":"Jaw Worm","floor":11,"turns":4},{"damage":1,"enemies":"The Guardian","floor":16,"turns":10},{"damage":0,"enemies":"3 Byrds","floor":18,"turns":4},{"damage":0,"enemies":"Shell Parasite","floor":20,"turns":5},{"damage":4,"enemies":"Centurion and Healer","floor":21,"turns":7},{"damage":31,"enemies":"Gremlin Leader","floor":23,"turns":6},{"damage":12,"enemies":"Snake Plant","floor":24,"turns":3},{"damage":25,"enemies":"Book of Stabbing","floor":30,"turns":6},{"damage":13,"enemies":"Chosen and Byrds","floor":31,"turns":6},{"damage":95,"enemies":"Champ","floor":33,"turns":11}],"seed_played":"-2441665127094454103","potions_obtained":[{"floor":11,"key":"Fire Potion"},{"floor":16,"key":"SteroidPotion"},{"floor":18,"key":"Fruit Juice"},{"floor":21,"key":"Energy Potion"},{"floor":23,"key":"Poison Potion"}],"is_trial":false,"path_per_floor":["M","$","M","?","?","R","?","E","T","R","M","?","$","?","R","B",null,"M","$","M","M","?","E","M","?","T","R","T","R","E","M","R","B"],"character_chosen":"THE_SILENT","items_purchased":["Oddly Smooth Stone","Anchor","Footwork","Footwork"],"campfire_rested":4,"item_purchase_floors":[2,13,13,19],"current_hp_per_floor":[70,70,63,68,68,68,68,27,27,27,22,26,26,26,50,49,74,74,74,79,75,75,46,34,18,18,44,44,70,47,34,76,0],"gold":201,"neow_bonus":"HUNDRED_GOLD","is_prod":false,"is_daily":false,"chose_seed":false,"campfire_upgraded":2,"win_rate":0,"timestamp":1548711965,"path_taken":["M","$","M","?","?","R","?","E","T","R","M","?","$","?","R","BOSS","M","$","M","M","?","E","M","?","T","R","?","R","E","M","R","BOSS"],"build_version":"2019-01-23","purchased_purges":1,"victory":false,"max_hp_per_floor":[70,70,70,75,75,75,75,75,75,75,75,82,82,82,82,82,82,82,82,87,87,87,89,89,89,89,89,89,89,91,91,91,91],"card_choices":[{"not_picked":["Cloak And Dagger","Poisoned Stab"],"picked":"Deadly Poison","floor":1},{"not_picked":["Backflip","Outmaneuver","Expertise"],"picked":"SKIP","floor":3},{"not_picked":["Choke","Distraction"],"picked":"Deadly Poison","floor":8},{"not_picked":["Eviscerate","Quick Slash"],"picked":"Blur","floor":11},{"not_picked":["Unload","Glass Knife"],"picked":"Doppelganger","floor":16},{"not_picked":["Blade Dance","Dodge and Roll","Deflect"],"picked":"SKIP","floor":18},{"not_picked":["Dash","Setup","Bouncing Flask"],"picked":"SKIP","floor":20},{"not_picked":["Sucker Punch","Riddle With Holes","Blade Dance+1"],"picked":"SKIP","floor":21},{"not_picked":["Doppelganger","Underhanded Strike","Adrenaline"],"picked":"Singing Bowl","floor":23},{"not_picked":["Choke","All Out Attack"],"picked":"Deadly Poison","floor":24},{"not_picked":["Acrobatics+1","Tactician+1","Flechettes+1"],"picked":"Singing Bowl","floor":30},{"not_picked":["Quick Slash","Reflex+1"],"picked":"Caltrops+1","floor":31}],"player_experience":853401,"relics_obtained":[{"floor":8,"key":"Orichalcum"},{"floor":9,"key":"Mercury Hourglass"},{"floor":23,"key":"Singing Bowl"},{"floor":25,"key":"Nilry\u0027s Codex"},{"floor":28,"key":"Toxic Egg 2"},{"floor":30,"key":"Regal Pillow"}],"event_choices":[{"damage_healed":0,"gold_gain":0,"player_choice":"Donut","damage_taken":0,"max_hp_gain":5,"max_hp_loss":0,"event_name":"Big Fish","floor":4,"gold_loss":0},{"damage_healed":0,"gold_gain":175,"player_choice":"AGREE","damage_taken":0,"max_hp_gain":0,"max_hp_loss":0,"event_name":"Liars Game","floor":5,"gold_loss":0,"cards_obtained":["Doubt"]},{"damage_healed":0,"gold_gain":0,"player_choice":"Grow","damage_taken":0,"max_hp_gain":0,"max_hp_loss":0,"event_name":"Living Wall","floor":7,"gold_loss":0,"cards_upgraded":["Neutralize"]},{"damage_healed":0,"gold_gain":0,"player_choice":"Success","damage_taken":3,"relics_obtained":["Strawberry"],"max_hp_gain":0,"max_hp_loss":0,"event_name":"Scrap Ooze","floor":12,"gold_loss":0},{"damage_healed":0,"gold_gain":0,"player_choice":"Searched \u00272\u0027 times","damage_taken":0,"relics_obtained":["Letter Opener"],"max_hp_gain":0,"max_hp_loss":0,"event_name":"Dead Adventurer","floor":14,"gold_loss":0},{"damage_healed":0,"gold_gain":0,"player_choice":"Read","damage_taken":0,"max_hp_gain":0,"max_hp_loss":0,"event_name":"The Library","floor":22,"gold_loss":0,"cards_obtained":["Deadly Poison"]},{"damage_healed":0,"gold_gain":0,"player_choice":"Obtained Book","damage_taken":16,"max_hp_gain":0,"max_hp_loss":0,"event_name":"Cursed Tome","floor":25,"gold_loss":0}],"is_beta":false,"boss_relics":[{"not_picked":["Ectoplasm","Snecko Eye"],"picked":"Cursed Key"}],"items_purged_floors":[19],"is_endless":false,"potions_floor_spawned":[11,16,18,21,23],"killed_by":"Champ","ascension_level":5}