{"gold_per_floor":[114,189,206,224,224,224,255,255,280,296,322,337,22,40,40,40],"floor_reached":16,"playtime":1565,"items_purged":[],"score":112,"play_id":"fd945836-b042-4a62-b6c0-244feba0fe0d","local_time":"20190210011134","is_ascension_mode":false,"campfire_choices":[{"data":"Infernal Blade","floor":6,"key":"SMITH"},{"data":"Entrench","floor":15,"key":"SMITH"}],"neow_cost":"NONE","seed_source_timestamp":155050771598707,"circlet_count":0,"master_deck":["Strike_R","Strike_R","Strike_R","Strike_R","Strike_R","Defend_R","Defend_R","Defend_R","Defend_R","Bash","Entrench+1","Infernal Blade+1","Body Slam","Regret","Searing Blow","Pain","Dropkick","Inflame","Body Slam","Battle Trance"],"relics":["Burning Blood","Boot","Bag of Marbles","Lantern","WarpedTongs","Red Skull","Meat on the Bone","Membership Card","Shuriken"],"potions_floor_usage":[],"damage_taken":[{"damage":6,"enemies":"Cultist","floor":1,"turns":3},{"damage":1,"enemies":"2 Louse","floor":3,"turns":4},{"damage":5,"enemies":"Small Slimes","floor":4,"turns":3},{"damage":28,"enemies":"Lagavulin","floor":7,"turns":5},{"damage":4,"enemies":"Looter","floor":10,"turns":3},{"damage":32,"enemies":"3 Sentries","floor":11,"turns":7},{"damage":6,"enemies":"Large Slime","floor":12,"turns":3},{"damage":3,"enemies":"3 Louse","floor":14,"turns":4},{"damage":60,"enemies":"The Guardian","floor":16,"turns":4}],"seed_played":"-6706846043200914027","potions_obtained":[{"floor":1,"key":"Explosive Potion"},{"floor":3,"key":"SteroidPotion"},{"floor":7,"key":"Regen Potion"}],"is_trial":false,"path_per_floor":["M","?","M","M","?","R","E","?","T","M","E","M","$","M","R","B"],"character_chosen":"IRONCLAD","items_purchased":["Membership Card","Shuriken"],"campfire_rested":0,"item_purchase_floors":[13,13],"current_hp_per_floor":[80,69,74,75,75,75,53,53,53,55,29,41,41,56,56,0],"gold":40,"neow_bonus":"RANDOM_COMMON_RELIC","is_prod":false,"is_daily":false,"chose_seed":false,"campfire_upgraded":2,"win_rate":0.0,"timestamp":1549757494,"path_taken":["M","?","M","M","?","R","E","?","T","?","E","?","$","M","R","BOSS"],"build_version":"2019-01-23","purchased_purges":0,"victory":false,"max_hp_per_floor":[80,80,80,80,80,80,80,80,80,80,80,80,80,80,80,80],"card_choices":[{"not_picked":["Anger","Searing Blow"],"picked":"Entrench","floor":1},{"not_picked":["Spot Weakness","Heavy Blade"],"picked":"Infernal Blade","floor":3},{"not_picked":["Havoc","Twin Strike"],"picked":"Body Slam","floor":4},{"not_picked":["Thunderclap","Sword Boomerang"],"picked":"Searing Blow","floor":7},{"not_picked":["Disarm","Warcry"],"picked":"Dropkick","floor":10},{"not_picked":["Iron Wave","Power Through"],"picked":"Inflame","floor":11},{"not_picked":["Perfected Strike","True Grit"],"picked":"Body Slam","floor":12},{"not_picked":["Thunderclap","Corruption"],"picked":"Battle Trance","floor":14}],"player_experience":112071,"relics_obtained":[{"floor":7,"key":"Lantern"},{"floor":9,"key":"Red Skull"},{"floor":11,"key":"Meat on the Bone"}],"event_choices":[{"damage_healed":0,"gold_gain":75,"player_choice":"Gather Gold","damage_taken":11,"max_hp_gain":0,"max_hp_loss":0,"event_name":"World of Goop","floor":2,"gold_loss":0},{"damage_healed":0,"gold_gain":0,"player_choice":"Box","damage_taken":0,"relics_obtained":["Bag of Marbles"],"max_hp_gain":0,"max_hp_loss":0,"event_name":"Big Fish","floor":5,"gold_loss":0,"cards_obtained":["Regret"]},{"damage_healed":0,"gold_gain":0,"player_choice":"Rummage","damage_taken":0,"relics_obtained":["WarpedTongs"],"max_hp_gain":0,"max_hp_loss":0,"event_name":"Accursed Blacksmith","floor":8,"gold_loss":0,"cards_obtained":["Pain"]}],"is_beta":false,"boss_relics":[],"items_purged_floors":[],"is_endless":false,"potions_floor_spawned":[1,3,7,14],"killed_by":"The Guardian","ascension_level":0}