{"gold_per_floor":[217,217,16,29,49,82,82,27,27,27,62,62,77,96,96,194,194,210,210,210,230,250,268,268,268,268,96,129,39,59,59,59,160,160,180,180,231,21,21,54,54,68,68,68,68,80,80,110,110,110],"floor_reached":51,"playtime":1513,"items_purged":["Strike_G","Strike_G","Defend_G"],"score":881,"play_id":"b781cdac-4237-4628-9a1b-427148e967d1","local_time":"20190207025223","is_ascension_mode":false,"campfire_choices":[{"data":"Neutralize","floor":7.0,"key":"SMITH"},{"data":"Poisoned Stab","floor":10.0,"key":"SMITH"},{"data":"Poisoned Stab","floor":12.0,"key":"SMITH"},{"data":"Poisoned Stab","floor":15.0,"key":"SMITH"},{"floor":24.0,"key":"REST"},{"floor":32,"key":"REST"},{"floor":41,"key":"REST"},{"floor":47,"key":"REST"},{"floor":49,"key":"REST"}],"neow_cost":"NONE","seed_source_timestamp":6559328212419,"circlet_count":0,"master_deck":["Defend_G","Defend_G","Defend_G","Survivor","Neutralize+1","Deflect","All Out Attack","Cloak And Dagger","Poisoned Stab+1","Poisoned Stab+1","Caltrops","Predator","Poisoned Stab+1","Poisoned Stab+1","Malaise","Poisoned Stab","Escape Plan","Noxious Fumes","Noxious Fumes","Skewer","Catalyst","Good Instincts","Burst","Bouncing Flask","After Image","Backflip","PiercingWail+1","After Image","Jack Of All Trades","Good Instincts","Discovery","Blade Dance+1","Crippling Poison+1","Writhe","Quick Slash+1","Well Laid Plans+1"],"special_seed":0,"relics":["Ring of the Snake","Membership Card","Question Card","Orichalcum","Pear","Fusion Hammer","Vajra","PreservedInsect","Kunai","Runic Dome","Tough Bandages","DollysMirror","Paper Crane","Mummified Hand","Sundial"],"potions_floor_usage":[28,28,33,37,37,38,50],"damage_taken":[{"damage":0.0,"enemies":"2 Louse","floor":1.0,"turns":4.0},{"damage":0.0,"enemies":"Cultist","floor":4.0,"turns":3.0},{"damage":0.0,"enemies":"Jaw Worm","floor":5.0,"turns":3.0},{"damage":13.0,"enemies":"3 Sentries","floor":6.0,"turns":8.0},{"damage":17.0,"enemies":"Lagavulin","floor":11.0,"turns":7.0},{"damage":0.0,"enemies":"Looter","floor":13.0,"turns":3.0},{"damage":0.0,"enemies":"Red Slaver","floor":14.0,"turns":4.0},{"damage":16.0,"enemies":"Hexaghost","floor":16.0,"turns":7.0},{"damage":9.0,"enemies":"2 Thieves","floor":18.0,"turns":3.0},{"damage":8.0,"enemies":"Spheric Guardian","floor":21.0,"turns":4.0},{"damage":1.0,"enemies":"Snake Plant","floor":22.0,"turns":4.0},{"damage":9.0,"enemies":"Chosen and Byrds","floor":23.0,"turns":5.0},{"damage":0,"enemies":"Slavers","floor":28,"turns":3},{"damage":0,"enemies":"Centurion and Healer","floor":30,"turns":6},{"damage":28,"enemies":"Automaton","floor":33,"turns":9},{"damage":7,"enemies":"3 Shapes","floor":35,"turns":4},{"damage":13,"enemies":"2 Orb Walkers","floor":37,"turns":5},{"damage":37,"enemies":"Nemesis","floor":40,"turns":5},{"damage":0,"enemies":"Orb Walker","floor":42,"turns":4},{"damage":12,"enemies":"Jaw Worm Horde","floor":46,"turns":3},{"damage":0,"enemies":"Reptomancer","floor":48,"turns":5},{"damage":24,"enemies":"Donu and Deca","floor":50,"turns":10}],"seed_played":"-4090621215749726354","potions_obtained":[{"floor":4.0,"key":"Strength Potion"},{"floor":6.0,"key":"SmokeBomb"},{"floor":11.0,"key":"Explosive Potion"},{"floor":18.0,"key":"Explosive Potion"},{"floor":20.0,"key":"Explosive Potion"},{"floor":22.0,"key":"Fire Potion"},{"floor":28,"key":"PowerPotion"},{"floor":35,"key":"Poison Potion"},{"floor":42,"key":"FairyPotion"},{"floor":46,"key":"SkillPotion"}],"is_trial":false,"path_per_floor":["M","?","$","M","M","E","R","$","T","R","E","R","M","M","R","B",null,"M","?","?","M","M","M","R","?","T","$","E","?","M","?","R","B",null,"M","?","?","$","?","E","R","M","T","?","$","M","R","E","R","B",null],"character_chosen":"THE_SILENT","items_purchased":["Membership Card","Caltrops","PreservedInsect","Good Instincts","DollysMirror","Fruit Juice"],"campfire_rested":5,"item_purchase_floors":[3,8,27,27,38,38],"current_hp_per_floor":[70,70,70,70,70,57,57,57,57,57,50,50,50,50,50,34,80,71,71,71,63,62,53,77,77,77,77,77,77,77,77,80,52,80,73,73,60,65,55,18,43,43,43,64,64,52,77,77,85,61],"gold":110,"neow_bonus":"HUNDRED_GOLD","is_prod":false,"is_daily":false,"chose_seed":false,"campfire_upgraded":4,"win_rate":0,"timestamp":1549529543,"path_taken":["M","?","?","M","M","E","R","$","T","R","E","R","M","?","R","BOSS","M","?","?","M","M","?","R","?","T","$","E","?","?","?","R","BOSS","M","?","?","$","?","E","R","M","T","?","?","M","R","E","R","BOSS"],"build_version":"2019-01-23","purchased_purges":3,"victory":true,"max_hp_per_floor":[70,70,70,70,70,70,70,70,70,70,80,80,80,80,80,80,80,80,80,80,80,80,80,80,80,80,80,80,80,80,80,80,80,80,80,80,80,85,85,85,85,85,85,85,85,85,85,85,85,85],"card_choices":[{"not_picked":["Outmaneuver","Riddle With Holes"],"picked":"Deflect","floor":1.0},{"not_picked":["Bane","Dodge and Roll"],"picked":"Cloak And Dagger","floor":4.0},{"not_picked":["All Out Attack","PiercingWail"],"picked":"Poisoned Stab","floor":5.0},{"not_picked":["Dodge and Roll","PiercingWail"],"picked":"Poisoned Stab","floor":6.0},{"not_picked":["Blade Dance","Flechettes","Acrobatics"],"picked":"Predator","floor":11.0},{"not_picked":["All Out Attack","Quick Slash","Expertise"],"picked":"Poisoned Stab","floor":13.0},{"not_picked":["Outmaneuver","Underhanded Strike","Dodge and Roll"],"picked":"Poisoned Stab","floor":14.0},{"not_picked":["Doppelganger","Unload","Phantasmal Killer"],"picked":"Malaise","floor":16.0},{"not_picked":["Underhanded Strike+1","Slice","Setup+1"],"picked":"Poisoned Stab","floor":18.0},{"not_picked":["Acrobatics","Riddle With Holes+1","Infinite Blades+1"],"picked":"Noxious Fumes","floor":21.0},{"not_picked":["Heel Hook","Acrobatics","Finisher"],"picked":"Skewer","floor":22.0},{"not_picked":["Prepared+1","Blade Dance","Flying Knee","Deadly Poison"],"picked":"SKIP","floor":23.0},{"not_picked":["Prepared","Quick Slash+1","Masterful Stab"],"picked":"Burst","floor":28},{"not_picked":["Slice","Dagger Throw+1","Acrobatics+1"],"picked":"Bouncing Flask","floor":30},{"not_picked":["Venomology","Corpse Explosion","Doppelganger"],"picked":"After Image","floor":33},{"not_picked":["Deflect","Sucker Punch+1","PiercingWail"],"picked":"Backflip","floor":35},{"not_picked":["All Out Attack+1","Flying Knee+1","Poisoned Stab"],"picked":"PiercingWail+1","floor":37},{"not_picked":["PanicButton","Metamorphosis","Impatience"],"picked":"Jack Of All Trades","floor":39},{"not_picked":["Dark Shackles","Mind Blast","Mayhem"],"picked":"Good Instincts","floor":39},{"not_picked":["Finesse","Trip","Jack Of All Trades"],"picked":"Discovery","floor":39},{"not_picked":["Finisher","Deadly Poison","Quick Slash+1"],"picked":"Blade Dance+1","floor":40},{"not_picked":["Accuracy","Prepared","Distraction+1"],"picked":"Crippling Poison+1","floor":42},{"not_picked":["Slice+1","Deadly Poison","Outmaneuver+1"],"picked":"Quick Slash+1","floor":46},{"not_picked":["Leg Sweep","Grand Finale","Deadly Poison"],"picked":"Well Laid Plans+1","floor":48}],"player_experience":765375,"relics_obtained":[{"floor":6.0,"key":"Question Card"},{"floor":9.0,"key":"Orichalcum"},{"floor":11.0,"key":"Pear"},{"floor":26.0,"key":"Vajra"},{"floor":28,"key":"Kunai"},{"floor":37,"key":"Tough Bandages"},{"floor":40,"key":"Paper Crane"},{"floor":43,"key":"Mummified Hand"},{"floor":48,"key":"Sundial"}],"event_choices":[{"damage_healed":0.0,"max_hp_gain":0.0,"max_hp_loss":0.0,"gold_gain":0.0,"cards_transformed":["Strike_G"],"event_name":"Transmorgrifier","player_choice":"Transformed","floor":2.0,"gold_loss":0.0,"damage_taken":0.0,"cards_obtained":["All Out Attack"]},{"damage_healed":0.0,"max_hp_gain":0.0,"max_hp_loss":0.0,"gold_gain":0.0,"cards_transformed":["Strike_G","Strike_G"],"event_name":"Drug Dealer","player_choice":"Became Test Subject","floor":19.0,"gold_loss":0.0,"damage_taken":0.0,"cards_obtained":["Escape Plan","Noxious Fumes"]},{"damage_healed":0.0,"max_hp_gain":0.0,"max_hp_loss":0.0,"gold_gain":0.0,"event_name":"Lab","player_choice":"Got Potions","floor":20.0,"gold_loss":0.0,"damage_taken":0.0},{"damage_healed":0.0,"max_hp_gain":0.0,"max_hp_loss":0.0,"gold_gain":0.0,"event_name":"The Library","player_choice":"Read","floor":25.0,"gold_loss":0.0,"damage_taken":0.0,"cards_obtained":["Catalyst"]},{"cards_removed":["Defend_G"],"damage_healed":0,"gold_gain":0,"player_choice":"Upgrade and Remove","damage_taken":0,"max_hp_gain":0,"max_hp_loss":0,"event_name":"Designer","floor":29,"gold_loss":90,"cards_upgraded":["Poisoned Stab"]},{"damage_healed":0,"gold_gain":0,"player_choice":"Ignored","damage_taken":0,"max_hp_gain":0,"max_hp_loss":0,"event_name":"Vampires","floor":31,"gold_loss":0},{"damage_healed":0,"gold_gain":0,"player_choice":"Ignored","damage_taken":0,"max_hp_gain":0,"max_hp_loss":0,"event_name":"Tomb of Lord Red Mask","floor":36,"gold_loss":0},{"damage_healed":0,"gold_gain":0,"player_choice":"Fight","damage_taken":0,"max_hp_gain":0,"max_hp_loss":0,"event_name":"Mysterious Sphere","floor":37,"gold_loss":0},{"damage_healed":0,"gold_gain":0,"player_choice":"Memory 3","damage_taken":10,"max_hp_gain":0,"max_hp_loss":0,"event_name":"SensoryStone","floor":39,"gold_loss":0},{"damage_healed":21,"gold_gain":0,"player_choice":"Writhe","damage_taken":0,"max_hp_gain":0,"max_hp_loss":0,"event_name":"Winding Halls","floor":44,"gold_loss":0,"cards_obtained":["Writhe"]}],"is_beta":false,"boss_relics":[{"not_picked":["Black Star","Eternal Feather"],"picked":"Fusion Hammer"},{"not_picked":["Lizard Tail","Snecko Eye"],"picked":"Runic Dome"}],"items_purged_floors":[8,27,38],"is_endless":false,"potions_floor_spawned":[4,6,11,18,22,28,35,42,46],"ascension_level":0}