{"gold_per_floor":[115,134,134,134,160,160,171,186,211,223,278,33,33,49,49,146,146,164,177,187,202,212,212,242,242,242,242],"floor_reached":27,"playtime":3755,"items_purged":["Strike_G"],"score":227,"play_id":"229163d7-a8e6-44d8-8416-e00722a5a18d","local_time":"20180826234243","is_ascension_mode":false,"campfire_choices":[{"data":"Accuracy","floor":6,"key":"SMITH"},{"floor":13,"key":"REST"},{"floor":15,"key":"REST"},{"floor":23,"key":"REST"},{"data":"Discovery","floor":25,"key":"SMITH"}],"neow_cost":"","seed_source_timestamp":0,"circlet_count":0,"master_deck":["Defend_G","Defend_G+1","Defend_G","Defend_G","Defend_G","Strike_G","Strike_G","Strike_G","Survivor","Neutralize","Outmaneuver+1","Accuracy+1","Dodge and Roll","Infinite Blades+1","Footwork+1","Blade Dance","Discovery+1","Well Laid Plans+1","Dagger Spray","Die Die Die","Flying Knee","Outmaneuver+1","Cloak And Dagger","Die Die Die","Infinite Blades+1","Sucker Punch"],"special_seed":0,"relics":["Ring of the Serpent","Frozen Egg 2","War Paint","Snake Skull","Orichalcum","Bronze Scales","Regal Pillow"],"potions_floor_usage":[11,11,16,20,24,27],"damage_taken":[{"damage":0.0,"enemies":"Small Slimes","floor":1.0,"turns":3.0},{"damage":0,"enemies":"2 Louse","floor":2,"turns":3},{"damage":1,"enemies":"Jaw Worm","floor":7,"turns":8},{"damage":1,"enemies":"3 Louse","floor":8,"turns":7},{"damage":16,"enemies":"Large Slime","floor":10,"turns":6},{"damage":14,"enemies":"Gremlin Nob","floor":11,"turns":5},{"damage":6,"enemies":"Exordium Thugs","floor":14,"turns":3},{"damage":28,"enemies":"Hexaghost","floor":16,"turns":10},{"damage":9,"enemies":"Spheric Guardian","floor":18,"turns":5},{"damage":2,"enemies":"Chosen","floor":19,"turns":5},{"damage":26,"enemies":"Snake Plant","floor":20,"turns":7},{"damage":1,"enemies":"3 Cultists","floor":21,"turns":6},{"damage":10,"enemies":"Centurion and Healer","floor":22,"turns":7},{"damage":12,"enemies":"Book of Stabbing","floor":24,"turns":6},{"damage":31,"enemies":"Snake Plant","floor":27,"turns":2}],"seed_played":"-4300406570782948359","potions_obtained":[{"floor":1,"key":"Fire Potion"},{"floor":7,"key":"Fire Potion"},{"floor":8,"key":"Strength Potion"},{"floor":10,"key":"Ancient Potion"},{"floor":11,"key":"SteroidPotion"},{"floor":18,"key":"Swift Potion"},{"floor":19,"key":"Block Potion"},{"floor":22,"key":"AttackPotion"}],"is_trial":false,"path_per_floor":["M","M","?","?","T","R","M","M","T","M","?","$","R","M","R","B",null,"M","M","M","M","M","R","E","R","T"],"character_chosen":"THE_SILENT","items_purchased":["Discovery","Well Laid Plans+1"],"campfire_rested":3,"item_purchase_floors":[12,12],"current_hp_per_floor":[70,70,63,56,56,56,55,54,54,38,24,24,45,39,60,32,70,61,59,33,32,22,43,31,31,31,0],"gold":242,"neow_bonus":"","is_prod":false,"is_daily":false,"chose_seed":false,"campfire_upgraded":2,"win_rate":0,"timestamp":1535341363,"path_taken":["M","M","?","?","?","R","?","M","T","M","?","$","R","M","R","BOSS","M","M","M","?","M","R","E","R","T","M"],"build_version":"2018-08-23v2","purchased_purges":1,"victory":false,"max_hp_per_floor":[70,70,70,70,70,70,70,70,70,70,70,70,70,70,70,70,70,70,70,70,70,70,70,70,70,70,70],"card_choices":[{"not_picked":["Dash","Sucker Punch"],"picked":"Outmaneuver","floor":1},{"not_picked":["PiercingWail","Bullet Time"],"picked":"Accuracy","floor":2},{"not_picked":["Poisoned Stab","PiercingWail"],"picked":"Dodge and Roll","floor":7},{"not_picked":["Heel Hook","Prepared"],"picked":"Infinite Blades+1","floor":8},{"not_picked":["Dagger Throw","Slice"],"picked":"Footwork+1","floor":10},{"not_picked":["Deflect","Flying Knee"],"picked":"Blade Dance","floor":11},{"not_picked":["Slice","Bane"],"picked":"Dagger Spray","floor":14},{"not_picked":["Bullet Time","Phantasmal Killer"],"picked":"Die Die Die","floor":16},{"not_picked":["Deflect","Bane"],"picked":"Flying Knee","floor":18},{"not_picked":["Escape Plan+1","Dash+1"],"picked":"Outmaneuver+1","floor":19},{"not_picked":["Footwork+1","Blur"],"picked":"Cloak And Dagger","floor":20},{"not_picked":["Flechettes+1","Expertise"],"picked":"Die Die Die","floor":21},{"not_picked":["Blade Dance","Cloak And Dagger"],"picked":"Infinite Blades+1","floor":22},{"not_picked":["Unload","Bane"],"picked":"Sucker Punch","floor":24}],"player_experience":128329,"relics_obtained":[{"floor":5,"key":"War Paint"},{"floor":9,"key":"Snake Skull"},{"floor":11,"key":"Orichalcum"},{"floor":24,"key":"Bronze Scales"},{"floor":26,"key":"Regal Pillow"}],"event_choices":[{"event_name":"Scrap Ooze","player_choice":"success","floor":3,"damage_taken":7},{"event_name":"Golden Wing","player_choice":"Card Removal","floor":4,"damage_taken":0},{"event_name":"Dead Adventurer","player_choice":"Searched \u00271\u0027 times","floor":11,"damage_taken":0}],"is_beta":false,"boss_relics":[{"not_picked":["WristBlade","HoveringKite"],"picked":"Ring of the Serpent"}],"items_purged_floors":[12],"is_endless":false,"potions_floor_spawned":[1,7,8,10,11,18,19,22],"killed_by":"Snake Plant","ascension_level":0}