{"gold_per_floor":[117,131,131,131,56,85,85,120,147,178,193,193,207,219,219,296,296,316,316,327,344,356,356,367,381,407,419,436,148,148,148,148,148],"floor_reached":33,"playtime":2178,"items_purged":["Regret","Strike_R"],"score":518,"play_id":"11d0b782-b427-4be8-bbf9-9e5f375c0e9a","local_time":"20190113194208","is_ascension_mode":true,"campfire_choices":[{"floor":7,"key":"REST"},{"floor":15,"key":"REST"},{"data":"Body Slam","floor":23,"key":"SMITH"},{"floor":30,"key":"REST"},{"floor":32,"key":"REST"}],"neow_cost":"CURSE","seed_source_timestamp":376728899398950,"circlet_count":0,"master_deck":["AscendersBane","Defend_R","Defend_R+1","Defend_R+1","Defend_R","Bash","Bludgeon","Havoc","Pommel Strike","Body Slam+1","Twin Strike","Corruption","Feel No Pain","True Grit","Offering","Cleave","Dark Embrace","Feel No Pain","Thunderclap+1","Power Through","Feel No Pain","Burning Pact+1","Double Tap","Shrug It Off"],"relics":["Burning Blood","Pen Nib","War Paint","Bag of Marbles","Omamori","Gremlin Horn","Snecko Eye","Lantern"],"potions_floor_usage":[10,16,16,27,27,28],"damage_taken":[{"damage":14,"enemies":"Jaw Worm","floor":1,"turns":3},{"damage":6,"enemies":"Small Slimes","floor":2,"turns":2},{"damage":23,"enemies":"Gremlin Nob","floor":6,"turns":4},{"damage":32,"enemies":"3 Sentries","floor":8,"turns":7},{"damage":10,"enemies":"Lagavulin","floor":10,"turns":3},{"damage":0,"enemies":"2 Louse","floor":11,"turns":3},{"damage":0,"enemies":"Exordium Thugs","floor":13,"turns":3},{"damage":0,"enemies":"Red Slaver","floor":14,"turns":1},{"damage":57,"enemies":"Hexaghost","floor":16,"turns":13},{"damage":6,"enemies":"Spheric Guardian","floor":18,"turns":2},{"damage":6,"enemies":"2 Thieves","floor":20,"turns":2},{"damage":9,"enemies":"Shelled Parasite and Fungi","floor":21,"turns":2},{"damage":1,"enemies":"Centurion and Healer","floor":22,"turns":3},{"damage":6,"enemies":"Cultist and Chosen","floor":24,"turns":4},{"damage":10,"enemies":"Shelled Parasite and Fungi","floor":25,"turns":3},{"damage":24,"enemies":"Snake Plant","floor":27,"turns":5},{"damage":13,"enemies":"Snecko","floor":28,"turns":5},{"damage":85,"enemies":"Collector","floor":33,"turns":7}],"seed_played":"-1482684620639343884","potions_obtained":[{"floor":6,"key":"SpeedPotion"},{"floor":10,"key":"Ancient Potion"},{"floor":13,"key":"Block Potion"},{"floor":14,"key":"Weak Potion"},{"floor":18,"key":"Block Potion"},{"floor":24,"key":"Weak Potion"},{"floor":27,"key":"Explosive Potion"}],"is_trial":false,"path_per_floor":["M","M","?","?","$","E","R","E","T","E","M","?","M","M","R","B",null,"M","?","M","M","M","R","M","M","T","M","M","$","R","?","R","B"],"character_chosen":"IRONCLAD","items_purchased":["Double Tap","Shrug It Off"],"campfire_rested":4,"item_purchase_floors":[29,29],"current_hp_per_floor":[60,60,49,49,49,32,54,28,28,24,30,30,36,42,64,13,60,60,60,60,57,62,62,62,58,58,40,33,33,55,55,75,0],"gold":148,"neow_bonus":"TRANSFORM_TWO_CARDS","is_prod":false,"is_daily":false,"chose_seed":false,"campfire_upgraded":1,"win_rate":0,"timestamp":1547408528,"path_taken":["M","M","?","?","$","E","R","E","T","E","M","?","M","?","R","BOSS","M","?","?","M","M","R","M","M","T","M","M","$","R","?","R","BOSS"],"build_version":"2019-01-10","purchased_purges":2,"victory":false,"max_hp_per_floor":[75,75,75,75,75,75,75,75,75,75,75,75,75,75,75,75,75,75,75,75,75,75,75,75,75,75,75,75,75,75,75,75,75],"card_choices":[{"not_picked":["Havoc","Twin Strike"],"picked":"Pommel Strike","floor":1},{"not_picked":["Flex","Headbutt"],"picked":"Body Slam","floor":2},{"not_picked":["Searing Blow","Body Slam"],"picked":"Corruption","floor":6},{"not_picked":["Flex","Wild Strike"],"picked":"Feel No Pain","floor":8},{"not_picked":["Clothesline","Shockwave","Havoc"],"picked":"SKIP","floor":10},{"not_picked":["Feel No Pain","Clothesline"],"picked":"True Grit","floor":11},{"not_picked":["Anger","Combust"],"picked":"Offering","floor":13},{"not_picked":["Heavy Blade","Perfected Strike"],"picked":"Cleave","floor":14},{"not_picked":["Fiend Fire","Demon Form"],"picked":"Dark Embrace","floor":16},{"not_picked":["Twin Strike","Dual Wield+1","Rampage+1"],"picked":"SKIP","floor":18},{"not_picked":["Perfected Strike","True Grit"],"picked":"Thunderclap+1","floor":20},{"not_picked":["Headbutt","Wild Strike"],"picked":"Power Through","floor":21},{"not_picked":["Wild Strike","Body Slam","Intimidate"],"picked":"SKIP","floor":22},{"not_picked":["Thunderclap","Cleave","Second Wind"],"picked":"SKIP","floor":24},{"not_picked":["Body Slam","True Grit"],"picked":"Feel No Pain","floor":25},{"not_picked":["Body Slam","Shockwave"],"picked":"Burning Pact+1","floor":27},{"not_picked":["Feel No Pain","Carnage","Perfected Strike"],"picked":"SKIP","floor":28}],"player_experience":1169677,"relics_obtained":[{"floor":6,"key":"War Paint"},{"floor":8,"key":"Bag of Marbles"},{"floor":9,"key":"Omamori"},{"floor":10,"key":"Gremlin Horn"},{"floor":26,"key":"Lantern"}],"event_choices":[{"damage_healed":0,"gold_gain":0,"player_choice":"Success","damage_taken":11,"relics_obtained":["Pen Nib"],"max_hp_gain":0,"max_hp_loss":0,"event_name":"Scrap Ooze","floor":3,"gold_loss":0},{"damage_healed":0,"gold_gain":0,"cards_transformed":["Strike_R"],"player_choice":"Change","damage_taken":0,"max_hp_gain":0,"max_hp_loss":0,"event_name":"Living Wall","floor":4,"gold_loss":0,"cards_obtained":["Twin Strike"]},{"cards_removed":["Strike_R"],"damage_healed":0,"gold_gain":0,"player_choice":"Purged","damage_taken":0,"max_hp_gain":0,"max_hp_loss":0,"event_name":"Purifier","floor":12,"gold_loss":0},{"damage_healed":0,"gold_gain":0,"player_choice":"Copied","damage_taken":0,"max_hp_gain":0,"max_hp_loss":0,"event_name":"Duplicator","floor":19,"gold_loss":0,"cards_obtained":["Feel No Pain"]},{"damage_healed":0,"gold_gain":0,"player_choice":"Ignored","damage_taken":0,"max_hp_gain":0,"max_hp_loss":0,"event_name":"Vampires","floor":31,"gold_loss":0}],"is_beta":false,"boss_relics":[{"not_picked":["Busted Crown","Runic Dome"],"picked":"Snecko Eye"}],"items_purged_floors":[5,29],"is_endless":false,"potions_floor_spawned":[6,10,13,14,18,24,27],"killed_by":"Collector","ascension_level":15}