{"gold_per_floor":[110,110,12,32,42,42,23,23,50,50,13,26,43,69,69,174,174,187,202,202,46,57,57,90,90],"floor_reached":25,"playtime":2344,"items_purged":[],"score":223,"play_id":"7fbe5d43-ec25-49db-84ac-d69cb69e1e29","local_time":"20180625001921","is_ascension_mode":false,"campfire_choices":[{"data":"Caltrops","floor":6,"key":"SMITH"},{"data":"Blade Dance","floor":8,"key":"SMITH"},{"data":"Prepared","floor":10,"key":"SMITH"},{"floor":15,"key":"REST"},{"floor":23,"key":"REST"}],"neow_cost":"NONE","seed_source_timestamp":581226046059476,"circlet_count":0,"master_deck":["Defend_G","Defend_G","Defend_G","Defend_G","Defend_G","Strike_G","Strike_G","Strike_G","Strike_G","Strike_G","Survivor","Neutralize","Prepared+1","Outmaneuver","Caltrops+1","Reflex","Blade Dance+1","Blur","Choke","Footwork","Dash","Quick Slash","A Thousand Cuts","Flying Knee","Sucker Punch+1","Infinite Blades","Endless Agony","Underhanded Strike","Flying Knee+1"],"relics":["Busted Crown","Strawberry","Oddly Smooth Stone","Cursed Key","Toxic Egg 2"],"potions_floor_usage":[16,22,25,25],"damage_taken":[{"damage":0,"enemies":"Jaw Worm","floor":1,"turns":4},{"damage":0,"enemies":"Small Slimes","floor":4,"turns":4},{"damage":0,"enemies":"2 Louse","floor":5,"turns":4},{"damage":12,"enemies":"Exordium Thugs","floor":7,"turns":5},{"damage":0,"enemies":"Looter","floor":12,"turns":3},{"damage":6,"enemies":"3 Louse","floor":13,"turns":4},{"damage":19,"enemies":"Gremlin Nob","floor":14,"turns":6},{"damage":56,"enemies":"Slime Boss","floor":16,"turns":17},{"damage":22,"enemies":"Chosen","floor":18,"turns":6},{"damage":12,"enemies":"Shell Parasite","floor":19,"turns":5},{"damage":15,"enemies":"Snake Plant","floor":22,"turns":3},{"damage":5,"enemies":"Gremlin Leader","floor":24,"turns":8},{"damage":41,"enemies":"Cultist and Chosen","floor":25,"turns":4}],"seed_played":"7378714900092182489","potions_obtained":[{"floor":4,"key":"Energy Potion"},{"floor":13,"key":"PowerPotion"},{"floor":14,"key":"SneckoOil"},{"floor":19,"key":"SkillPotion"}],"is_trial":false,"path_per_floor":["M","?","$","M","M","R","M","R","T","R","$","M","M","E","R","B",null,"M","M","?","$","M","R","E"],"character_chosen":"THE_SILENT","items_purchased":["Outmaneuver","Caltrops","Choke","Infinite Blades","Endless Agony"],"campfire_rested":2,"item_purchase_floors":[3,3,11,21,21],"current_hp_per_floor":[70,70,70,70,70,70,58,58,65,65,65,65,59,40,63,7,77,55,43,29,29,14,38,33,0],"gold":90,"neow_bonus":"BOSS_RELIC","is_prod":false,"is_daily":false,"chose_seed":false,"campfire_upgraded":3,"win_rate":0.0,"timestamp":1529900361,"path_taken":["M","?","?","M","M","R","M","R","T","R","$","M","M","E","R","BOSS","M","M","?","$","M","R","E","M"],"build_version":"2018-06-21v2","purchased_purges":0,"victory":false,"max_hp_per_floor":[70,70,70,70,70,70,70,70,77,77,77,77,77,77,77,77,77,77,77,82,82,82,82,82,82],"card_choices":[{"not_picked":[],"picked":"Prepared","floor":1},{"not_picked":[],"picked":"Reflex","floor":4},{"not_picked":[],"picked":"Blade Dance","floor":5},{"not_picked":[],"picked":"Blur","floor":7},{"not_picked":[],"picked":"Footwork","floor":12},{"not_picked":[],"picked":"Dash","floor":13},{"not_picked":[],"picked":"Quick Slash","floor":14},{"not_picked":[],"picked":"A Thousand Cuts","floor":16},{"not_picked":[],"picked":"Flying Knee","floor":18},{"not_picked":[],"picked":"Sucker Punch+1","floor":19},{"not_picked":[],"picked":"Underhanded Strike","floor":22},{"not_picked":[],"picked":"Flying Knee+1","floor":24}],"player_experience":6121,"relics_obtained":[{"floor":9,"key":"Strawberry"},{"floor":14,"key":"Oddly Smooth Stone"},{"floor":24,"key":"Toxic Egg 2"}],"event_choices":[{"event_name":"Liars Game","player_choice":"disagreed","floor":2,"damage_taken":0},{"event_name":"Forgotten Altar","player_choice":"Shed Blood","floor":20,"damage_taken":0}],"boss_relics":[{"not_picked":["Sozu","Eternal Feather"],"picked":"Cursed Key"}],"items_purged_floors":[],"is_endless":false,"potions_floor_spawned":[4,13,14,19],"killed_by":"Cultist and Chosen","ascension_level":0}