{"gold_per_floor":[115,135,135,147,147,147,166,150,174,174,188,188,188,5,5,102,102,114,114,214,229,229],"floor_reached":22,"playtime":2058,"items_purged":[],"score":186,"play_id":"4a791fbe-21eb-402e-9059-7849805a5d7d","local_time":"20190201151306","is_ascension_mode":false,"campfire_choices":[{"data":"Hologram","floor":6,"key":"SMITH"},{"floor":12,"key":"REST"},{"floor":15,"key":"REST"}],"neow_cost":"NONE","seed_source_timestamp":1198681568227316,"circlet_count":0,"master_deck":["Strike_B","Strike_B","Strike_B","Defend_B","Defend_B","Defend_B","Defend_B","Zap","Dualcast","Coolheaded","Hologram+1","Rebound","Skim","Heatsinks","Regret","Rebound","Defragment","Apotheosis","Redo","Echo Form","White Noise+1","Writhe","Double Energy+1"],"relics":["Cracked Core","Dream Catcher","Oddly Smooth Stone","Art of War","Runic Pyramid","Potion Belt"],"potions_floor_usage":[13,21],"damage_taken":[{"damage":0,"enemies":"Cultist","floor":1,"turns":4},{"damage":0,"enemies":"Small Slimes","floor":2,"turns":4},{"damage":1,"enemies":"Jaw Worm","floor":4,"turns":5},{"damage":0,"enemies":"Looter","floor":7,"turns":4},{"damage":6,"enemies":"Exordium Thugs","floor":8,"turns":5},{"damage":7,"enemies":"2 Fungi Beasts","floor":11,"turns":5},{"damage":16,"enemies":"Gremlin Nob","floor":13,"turns":4},{"damage":20,"enemies":"The Guardian","floor":16,"turns":12},{"damage":22,"enemies":"Chosen","floor":18,"turns":4},{"damage":16,"enemies":"Shell Parasite","floor":21,"turns":6},{"damage":46,"enemies":"Cultist and Chosen","floor":22,"turns":7}],"seed_played":"2617831662646548824","potions_obtained":[{"floor":7,"key":"SmokeBomb"},{"floor":8,"key":"Swift Potion"},{"floor":11,"key":"EntropicBrew"},{"floor":18,"key":"SteroidPotion"},{"floor":21,"key":"SteroidPotion"}],"is_trial":false,"path_per_floor":["M","M","?","M","?","R","M","M","T","?","M","R","E","$","R","B",null,"M","?","?","M","M"],"character_chosen":"DEFECT","items_purchased":["Apotheosis"],"campfire_rested":2,"item_purchase_floors":[14],"current_hp_per_floor":[82,82,79,78,71,71,71,65,65,65,58,82,66,66,82,62,82,60,60,60,44,0],"gold":229,"neow_bonus":"TEN_PERCENT_HP_BONUS","is_prod":false,"is_daily":false,"chose_seed":false,"campfire_upgraded":1,"win_rate":0.0,"timestamp":1549030386,"path_taken":["M","?","?","M","?","R","M","M","T","?","?","R","E","$","R","BOSS","M","?","?","M","M"],"build_version":"2019-01-23","purchased_purges":0,"victory":false,"max_hp_per_floor":[82,82,82,82,82,82,82,82,82,82,82,82,82,82,82,82,82,82,82,82,82,82],"card_choices":[{"not_picked":["Redo","Hologram"],"picked":"Coolheaded","floor":1},{"not_picked":["Streamline","Sweeping Beam"],"picked":"Hologram","floor":2},{"not_picked":["Conserve Battery","Reinforced Body"],"picked":"Rebound","floor":4},{"not_picked":["Leap","Steam"],"picked":"Skim","floor":7},{"not_picked":["Melter","Compile Driver"],"picked":"Heatsinks","floor":8},{"not_picked":["Genetic Algorithm","Sweeping Beam"],"picked":"Rebound","floor":11},{"not_picked":["Rebound","Beam Cell"],"picked":"Defragment","floor":12},{"not_picked":["Chaos","Barrage"],"picked":"Redo","floor":15},{"not_picked":["Biased Cognition","Machine Learning"],"picked":"Echo Form","floor":16},{"not_picked":["Ball Lightning","Force Field"],"picked":"White Noise+1","floor":18},{"not_picked":["Rebound","Blizzard"],"picked":"Double Energy+1","floor":21}],"player_experience":55649,"relics_obtained":[{"floor":9,"key":"Oddly Smooth Stone"}],"event_choices":[{"damage_healed":0,"gold_gain":0,"player_choice":"Success","damage_taken":3,"relics_obtained":["Dream Catcher"],"max_hp_gain":0,"max_hp_loss":0,"event_name":"Scrap Ooze","floor":3,"gold_loss":0},{"cards_removed":["Strike_B"],"damage_healed":0,"gold_gain":0,"player_choice":"Card Removal","damage_taken":7,"max_hp_gain":0,"max_hp_loss":0,"event_name":"Golden Wing","floor":5,"gold_loss":0},{"damage_healed":0,"gold_gain":0,"player_choice":"Box","damage_taken":0,"relics_obtained":["Art of War"],"max_hp_gain":0,"max_hp_loss":0,"event_name":"Big Fish","floor":10,"gold_loss":0,"cards_obtained":["Regret"]},{"damage_healed":0,"gold_gain":0,"player_choice":"Opened","damage_taken":0,"relics_obtained":["Potion Belt"],"max_hp_gain":0,"max_hp_loss":0,"event_name":"The Mausoleum","floor":19,"gold_loss":0,"cards_obtained":["Writhe"]},{"damage_healed":0,"gold_gain":100,"player_choice":"Pray","damage_taken":0,"max_hp_gain":0,"max_hp_loss":0,"event_name":"Golden Shrine","floor":20,"gold_loss":0}],"is_beta":false,"boss_relics":[{"not_picked":["Eternal Feather","Ectoplasm"],"picked":"Runic Pyramid"}],"items_purged_floors":[],"is_endless":false,"potions_floor_spawned":[7,8,11,13,18,21],"killed_by":"Cultist and Chosen","ascension_level":0}