{"gold_per_floor":[118,118,138,149,164,189,204,204,230,247,247,2,16,16],"floor_reached":14,"playtime":826,"items_purged":[],"score":96,"play_id":"cd19503a-2631-444e-8f61-f56adf7241d9","local_time":"20190105165923","is_ascension_mode":false,"campfire_choices":[{"floor":11,"key":"REST"}],"neow_cost":"NONE","seed_source_timestamp":15642153840199,"circlet_count":0,"master_deck":["Defend_G","Defend_G","Defend_G","Defend_G","Defend_G","Strike_G","Strike_G","Strike_G","Strike_G","Strike_G","Survivor","Neutralize","Cloak And Dagger","Distraction","Well Laid Plans","Bouncing Flask","Blade Dance","Terror","Tools of the Trade","Leg Sweep","Footwork","Endless Agony"],"relics":["Ring of the Snake","NeowsBlessing","Art of War"],"potions_floor_usage":[5,6,8,12,14],"damage_taken":[{"damage":0,"enemies":"Jaw Worm","floor":1,"turns":1},{"damage":0,"enemies":"Cultist","floor":3,"turns":1},{"damage":0,"enemies":"2 Louse","floor":4,"turns":1},{"damage":2,"enemies":"Looter","floor":5,"turns":4},{"damage":48,"enemies":"Gremlin Nob","floor":6,"turns":6},{"damage":8,"enemies":"Lots of Slimes","floor":7,"turns":5},{"damage":0,"enemies":"Red Slaver","floor":8,"turns":1},{"damage":0,"enemies":"Large Slime","floor":10,"turns":5},{"damage":16,"enemies":"Exordium Thugs","floor":13,"turns":5},{"damage":15,"enemies":"3 Sentries","floor":14,"turns":6}],"seed_played":"5752890608526780161","potions_obtained":[{"floor":3,"key":"SmokeBomb"},{"floor":4,"key":"Poison Potion"},{"floor":5,"key":"FearPotion"},{"floor":7,"key":"SpeedPotion"}],"is_trial":false,"path_per_floor":["M","?","M","M","M","E","M","M","T","M","R","$","M","E"],"character_chosen":"THE_SILENT","items_purchased":["Leg Sweep","Footwork","Fruit Juice"],"campfire_rested":1,"item_purchase_floors":[12,12,12],"current_hp_per_floor":[70,63,63,63,61,13,5,5,5,5,26,31,15,0],"gold":16,"neow_bonus":"THREE_ENEMY_KILL","is_prod":false,"is_daily":false,"chose_seed":false,"campfire_upgraded":0,"win_rate":0,"timestamp":1546707563,"path_taken":["M","?","M","M","M","E","M","M","T","M","R","?","M","E"],"build_version":"2019-01-03v4","purchased_purges":0,"victory":false,"max_hp_per_floor":[70,70,70,70,70,70,70,70,70,70,70,75,75,75],"card_choices":[{"not_picked":["Acrobatics","Terror"],"picked":"Cloak And Dagger","floor":1},{"not_picked":["Poisoned Stab","Backstab"],"picked":"Distraction","floor":3},{"not_picked":["Underhanded Strike","Outmaneuver"],"picked":"Well Laid Plans","floor":4},{"not_picked":["Prepared","Underhanded Strike"],"picked":"Bouncing Flask","floor":5},{"not_picked":["Bane","Poisoned Stab"],"picked":"Blade Dance","floor":6},{"not_picked":["Flying Knee","Footwork"],"picked":"Terror","floor":7},{"not_picked":["Sucker Punch","Reflex"],"picked":"Tools of the Trade","floor":10},{"not_picked":["Calculated Gamble","Concentrate"],"picked":"Endless Agony","floor":13}],"player_experience":289923,"relics_obtained":[{"floor":6,"key":"Art of War"}],"event_choices":[{"damage_healed":0,"gold_gain":0,"player_choice":"Damaged","damage_taken":7,"max_hp_gain":0,"max_hp_loss":0,"event_name":"Wheel of Change","floor":2,"gold_loss":0}],"is_beta":false,"boss_relics":[],"items_purged_floors":[],"is_endless":false,"potions_floor_spawned":[3,4,5,7,8],"killed_by":"3 Sentries","ascension_level":0}