{"gold_per_floor":[112,37,57,232,245,245,273,297,374,374],"floor_reached":10,"playtime":464,"items_purged":["Strike_G"],"score":99,"play_id":"184365d9-69fe-42ce-8a05-e8f29737d53a","local_time":"20181208125545","is_ascension_mode":true,"campfire_choices":[{"data":"Neutralize","floor":6,"key":"SMITH"}],"neow_cost":"NONE","seed_source_timestamp":654969414581835,"circlet_count":0,"master_deck":["AscendersBane","Defend_G","Defend_G","Defend_G","Defend_G","Defend_G","Strike_G","Strike_G","Strike_G","Strike_G","Survivor","Neutralize+1","Sucker Punch","Dagger Spray","Doubt","Predator","Sucker Punch","Cloak And Dagger"],"relics":["Ring of the Snake","NeowsBlessing","Juzu Bracelet","Odd Mushroom","Pantograph"],"potions_floor_usage":[7,8,10],"damage_taken":[{"damage":0,"enemies":"Jaw Worm","floor":1,"turns":1},{"damage":0,"enemies":"2 Louse","floor":3,"turns":1},{"damage":0,"enemies":"Small Slimes","floor":5,"turns":1},{"damage":41,"enemies":"Lagavulin","floor":7,"turns":7},{"damage":13,"enemies":"The Mushroom Lair","floor":8,"turns":4},{"damage":10,"enemies":"3 Sentries","floor":10,"turns":2}],"seed_played":"103042312435806109","potions_obtained":[{"floor":1,"key":"SteroidPotion"},{"floor":7,"key":"Dexterity Potion"},{"floor":8,"key":"AttackPotion"}],"is_trial":false,"path_per_floor":["M","$","M","?","M","R","E","?","T","E"],"character_chosen":"THE_SILENT","items_purchased":[],"campfire_rested":0,"item_purchase_floors":[],"current_hp_per_floor":[63,63,63,63,63,63,22,9,9,0],"gold":374,"neow_bonus":"THREE_ENEMY_KILL","is_prod":false,"is_daily":false,"chose_seed":false,"campfire_upgraded":1,"win_rate":0,"timestamp":1544273745,"path_taken":["M","$","M","?","M","R","E","?","T","E"],"build_version":"2018-12-06","purchased_purges":1,"victory":false,"max_hp_per_floor":[70,70,70,70,70,70,70,70,70,70],"card_choices":[{"not_picked":["Predator","Prepared"],"picked":"Sucker Punch","floor":1},{"not_picked":["Crippling Poison","Sucker Punch"],"picked":"Dagger Spray","floor":3},{"not_picked":["Escape Plan","Prepared"],"picked":"Predator","floor":5},{"not_picked":["Bane","Doppelganger"],"picked":"Sucker Punch","floor":7},{"not_picked":["Escape Plan","Prepared"],"picked":"Cloak And Dagger","floor":8}],"player_experience":999006,"relics_obtained":[{"floor":7,"key":"Juzu Bracelet"},{"floor":8,"key":"Odd Mushroom"},{"floor":9,"key":"Pantograph"}],"event_choices":[{"damage_healed":0,"gold_gain":175,"player_choice":"AGREE","damage_taken":0,"max_hp_gain":0,"max_hp_loss":0,"event_name":"Liars Game","floor":4,"gold_loss":0,"cards_obtained":["Doubt"]},{"damage_healed":0,"gold_gain":0,"player_choice":"Fought Mushrooms","damage_taken":0,"max_hp_gain":0,"max_hp_loss":0,"event_name":"Mushrooms","floor":8,"gold_loss":0}],"is_beta":false,"boss_relics":[],"items_purged_floors":[2],"is_endless":false,"potions_floor_spawned":[1,7,8],"killed_by":"3 Sentries","ascension_level":10}