{"gold_per_floor":[114,35,35,50,50,50,60,60,60,92,267,267,267,287,287,389,389,402,418,7,7,7,36,36,56,83,83,83,101,101,117,117,117],"floor_reached":33,"playtime":2219,"items_purged":["Strike_B"],"score":354,"play_id":"8493a7a8-2e06-4b79-af1e-243672060366","local_time":"20190210042941","is_ascension_mode":true,"campfire_choices":[{"data":"Stack","floor":6.0,"key":"SMITH"},{"data":"Static Discharge","floor":8.0,"key":"SMITH"},{"data":"Conserve Battery","floor":12.0,"key":"SMITH"},{"floor":15.0,"key":"REST"},{"floor":24,"key":"RECALL"},{"floor":27,"key":"REST"},{"floor":30,"key":"REST"},{"floor":32,"key":"REST"}],"neow_cost":"NONE","seed_source_timestamp":0,"circlet_count":0,"master_deck":["Defend_B","Defend_B","Defend_B","Zap","Dualcast","Conserve Battery+1","FTL","Stack+1","Static Discharge+1","Coolheaded","Doubt","Leap","Electrodynamics","Melter+1","Gash+1","Self Repair","Bite","Bite","Bite","Bite","Bite","Chaos","FTL+1"],"special_seed":0,"relics":["Cracked Core","Bottled Lightning","Ornamental Fan","Lizard Tail","Bottled Tornado","Mummified Hand","Art of War"],"potions_floor_usage":[25,33],"damage_taken":[{"damage":0.0,"enemies":"Cultist","floor":1.0,"turns":4.0},{"damage":0.0,"enemies":"Small Slimes","floor":4.0,"turns":3.0},{"damage":0.0,"enemies":"2 Louse","floor":7.0,"turns":3.0},{"damage":22.0,"enemies":"3 Sentries","floor":10.0,"turns":8.0},{"damage":1.0,"enemies":"Looter","floor":14.0,"turns":3.0},{"damage":33.0,"enemies":"Slime Boss","floor":16.0,"turns":14.0},{"damage":15.0,"enemies":"Spheric Guardian","floor":18.0,"turns":4.0},{"damage":17.0,"enemies":"Shell Parasite","floor":19.0,"turns":5.0},{"damage":43.0,"enemies":"Slavers","floor":23.0,"turns":4.0},{"damage":22,"enemies":"Shelled Parasite and Fungi","floor":25,"turns":3},{"damage":37,"enemies":"Snecko","floor":29,"turns":6},{"damage":28,"enemies":"Centurion and Healer","floor":31,"turns":3},{"damage":71,"enemies":"Automaton","floor":33,"turns":6}],"seed_played":"1096026397171087620","potions_obtained":[{"floor":1.0,"key":"Weak Potion"},{"floor":10.0,"key":"SteroidPotion"},{"floor":14.0,"key":"Weak Potion"},{"floor":23.0,"key":"Energy Potion"},{"floor":29,"key":"FocusPotion"}],"is_trial":false,"path_per_floor":["M","$","$","M","?","R","M","R","T","E","?","R","T","M","R","B",null,"M","M","$","?","?","E","R","M","T","R","$","M","R","M","R","B"],"character_chosen":"DEFECT","items_purchased":["FTL","Bottled Tornado","Self Repair"],"campfire_rested":4,"item_purchase_floors":[2,20,20],"current_hp_per_floor":[82,82,82,82,66,66,66,66,66,44,44,44,44,43,67,34,70,55,38,38,38,38,37,37,26,26,43,43,17,34,13,30,0],"gold":117,"neow_bonus":"TEN_PERCENT_HP_BONUS","is_prod":false,"is_daily":false,"chose_seed":false,"campfire_upgraded":3,"win_rate":0,"timestamp":1549769381,"path_taken":["M","?","$","M","?","R","M","R","T","E","?","R","?","M","R","BOSS","M","M","$","?","?","E","R","M","T","R","$","M","R","?","R","BOSS"],"build_version":"2019-01-23","purchased_purges":1,"victory":false,"max_hp_per_floor":[82,82,82,82,82,82,82,82,82,82,82,82,82,82,82,82,82,82,82,82,57,57,57,57,57,57,57,57,57,57,57,57,57],"card_choices":[{"not_picked":["Lockon","Aggregate"],"picked":"Conserve Battery","floor":1.0},{"not_picked":["Reprogram","Barrage"],"picked":"Stack","floor":4.0},{"not_picked":["Heatsinks","Stack"],"picked":"Static Discharge","floor":7.0},{"not_picked":["Rip and Tear","Barrage"],"picked":"Coolheaded","floor":10.0},{"not_picked":["Undo","Hello World"],"picked":"Leap","floor":14.0},{"not_picked":["Core Surge","Multi-Cast"],"picked":"Electrodynamics","floor":16.0},{"not_picked":["Beam Cell+1","Barrage"],"picked":"Melter+1","floor":18.0},{"not_picked":["Hologram+1","Turbo"],"picked":"Gash+1","floor":19.0},{"not_picked":["Beam Cell","Turbo","Electrodynamics"],"picked":"SKIP","floor":23.0},{"not_picked":["Stack","Conserve Battery","Darkness"],"picked":"SKIP","floor":25},{"not_picked":["Beam Cell","Heatsinks","Compile Driver"],"picked":"SKIP","floor":29},{"not_picked":["Go for the Eyes","Streamline+1"],"picked":"FTL+1","floor":31}],"player_experience":343520,"relics_obtained":[{"floor":10.0,"key":"Bottled Lightning"},{"floor":13.0,"key":"Ornamental Fan"},{"floor":23.0,"key":"Mummified Hand"},{"floor":26,"key":"Art of War"}],"event_choices":[{"damage_healed":0.0,"max_hp_gain":0.0,"max_hp_loss":0.0,"gold_gain":0.0,"event_name":"Shining Light","player_choice":"Entered Light","floor":5.0,"gold_loss":0.0,"damage_taken":16.0,"cards_upgraded":["Strike_B","Strike_B"]},{"damage_healed":0.0,"max_hp_gain":0.0,"max_hp_loss":0.0,"gold_gain":175.0,"event_name":"Liars Game","player_choice":"AGREE","floor":11.0,"gold_loss":0.0,"damage_taken":0.0,"cards_obtained":["Doubt"]},{"damage_healed":0.0,"max_hp_gain":0.0,"max_hp_loss":25.0,"gold_gain":0.0,"event_name":"Vampires","player_choice":"Became a vampire","floor":21.0,"gold_loss":0.0,"damage_taken":0.0,"cards_obtained":["Bite","Bite","Bite","Bite","Bite"]},{"damage_healed":0.0,"max_hp_gain":0.0,"max_hp_loss":0.0,"gold_gain":0.0,"cards_transformed":["Defend_B"],"event_name":"Transmorgrifier","player_choice":"Transformed","floor":22.0,"gold_loss":0.0,"damage_taken":0.0,"cards_obtained":["Chaos"]}],"is_beta":false,"boss_relics":[{"not_picked":["Eternal Feather","White Beast Statue"],"picked":"Lizard Tail"}],"items_purged_floors":[20],"is_endless":false,"potions_floor_spawned":[1,10,14,23,29],"killed_by":"Automaton","ascension_level":5}