{"gold_per_floor":[111,36,36,36,59,91,113,145,213,225,237,249,271,297,309,392,404,404,404,404,404,404,404,404,404],"floor_reached":25,"playtime":759,"items_purged":["Strike_R"],"score":384,"play_id":"7ff40385-9431-41aa-a46f-1c82a578c8cf","local_time":"20190210202912","is_ascension_mode":true,"campfire_choices":[{"data":"Bash","floor":11,"key":"SMITH"},{"data":"Shrug It Off","floor":15,"key":"SMITH"},{"floor":23,"key":"REST"}],"neow_cost":"NONE","seed_source_timestamp":49596608080852,"circlet_count":0,"master_deck":["AscendersBane","Strike_R","Strike_R","Strike_R","Strike_R","Defend_R","Defend_R","Defend_R","Bash+1","Spot Weakness","Shrug It Off+1","Disarm","Demon Form","Battle Trance+1"],"relics":["Burning Blood","NeowsBlessing","Vajra","MawBank","Tiny Chest","Dodecahedron","Ectoplasm","Red Mask"],"potions_floor_usage":[16,19,19,24],"damage_taken":[{"damage":0,"enemies":"2 Louse","floor":1,"turns":1},{"damage":0,"enemies":"3 Sentries","floor":6,"turns":1},{"damage":0,"enemies":"Jaw Worm","floor":7,"turns":1},{"damage":1,"enemies":"Cultist","floor":8,"turns":3},{"damage":0,"enemies":"2 Fungi Beasts","floor":13,"turns":3},{"damage":6,"enemies":"Blue Slaver","floor":14,"turns":3},{"damage":32,"enemies":"The Guardian","floor":16,"turns":11},{"damage":14,"enemies":"Chosen","floor":18,"turns":5},{"damage":47,"enemies":"Masked Bandits","floor":19,"turns":5},{"damage":12,"enemies":"Shell Parasite","floor":21,"turns":6},{"damage":12,"enemies":"Chosen and Byrds","floor":24,"turns":7},{"damage":30,"enemies":"Slavers","floor":25,"turns":4}],"seed_played":"8949578462058491262","potions_obtained":[{"floor":13,"key":"PowerPotion"},{"floor":16,"key":"Dexterity Potion"},{"floor":18,"key":"Explosive Potion"},{"floor":21,"key":"Fire Potion"}],"is_trial":false,"path_per_floor":["M","$","?","?","T","E","M","M","T","?","R","T","M","M","R","B",null,"M","?","?","M","?","R","M","E"],"character_chosen":"IRONCLAD","items_purchased":[],"campfire_rested":1,"item_purchase_floors":[],"current_hp_per_floor":[74,74,79,72,72,78,80,80,80,80,80,80,80,80,80,54,74,66,25,25,19,19,43,37,7],"gold":404,"neow_bonus":"THREE_ENEMY_KILL","is_prod":false,"is_daily":false,"chose_seed":false,"campfire_upgraded":2,"win_rate":0,"timestamp":1549798152,"path_taken":["M","$","?","?","?","E","M","?","T","?","R","?","M","M","R","BOSS","M","?","?","M","?","R","M","E"],"build_version":"2019-01-23","purchased_purges":1,"victory":false,"max_hp_per_floor":[75,75,80,80,80,80,80,80,80,80,80,80,80,80,80,80,80,80,80,80,80,80,80,80,80],"card_choices":[{"not_picked":["Wild Strike","Hemokinesis","Headbutt"],"picked":"SKIP","floor":1},{"not_picked":["Pummel","Brutality"],"picked":"Spot Weakness","floor":6},{"not_picked":["Second Wind","Sever Soul","Warcry"],"picked":"SKIP","floor":7},{"not_picked":["Perfected Strike","Bloodletting"],"picked":"Shrug It Off","floor":8},{"not_picked":["Combust","Cleave"],"picked":"Disarm","floor":13},{"not_picked":["Cleave","Reckless Charge","Wild Strike"],"picked":"SKIP","floor":14},{"not_picked":["Double Tap","Bludgeon"],"picked":"Demon Form","floor":16},{"not_picked":["Infernal Blade","Perfected Strike+1","Spot Weakness"],"picked":"SKIP","floor":18},{"not_picked":["Clash","Anger"],"picked":"Battle Trance+1","floor":21},{"not_picked":["Iron Wave","Rage","Headbutt"],"picked":"SKIP","floor":24}],"player_experience":196850,"relics_obtained":[{"floor":5,"key":"Vajra"},{"floor":6,"key":"MawBank"},{"floor":9,"key":"Tiny Chest"},{"floor":12,"key":"Dodecahedron"},{"floor":19,"key":"Red Mask"}],"event_choices":[{"damage_healed":0,"gold_gain":0,"player_choice":"Donut","damage_taken":0,"max_hp_gain":5,"max_hp_loss":0,"event_name":"Big Fish","floor":3,"gold_loss":0},{"cards_removed":["Defend_R"],"damage_healed":0,"gold_gain":0,"player_choice":"Card Removal","damage_taken":7,"max_hp_gain":0,"max_hp_loss":0,"event_name":"Golden Wing","floor":4,"gold_loss":0},{"damage_healed":0,"gold_gain":0,"player_choice":"Searched \u00270\u0027 times","damage_taken":0,"max_hp_gain":0,"max_hp_loss":0,"event_name":"Dead Adventurer","floor":10,"gold_loss":0},{"damage_healed":0,"gold_gain":0,"player_choice":"Fought Bandits","damage_taken":0,"max_hp_gain":0,"max_hp_loss":0,"event_name":"Masked Bandits","floor":19,"gold_loss":0},{"damage_healed":0,"gold_gain":99,"player_choice":"Stole From Cult","damage_taken":0,"max_hp_gain":0,"max_hp_loss":0,"event_name":"Nest","floor":20,"gold_loss":0},{"damage_healed":0,"gold_gain":0,"player_choice":"Ignored","damage_taken":0,"max_hp_gain":0,"max_hp_loss":0,"event_name":"Ghosts","floor":22,"gold_loss":0}],"is_beta":false,"boss_relics":[{"not_picked":["Mark of Pain","Tiny House"],"picked":"Ectoplasm"}],"items_purged_floors":[2],"is_endless":false,"potions_floor_spawned":[13,16,18,21],"killed_by":"Slavers","ascension_level":14}