{"gold_per_floor":[118,118,118,128,178,178,208,219,242,242,261,289,303,303,303,377,377,395,408,408,408,298,298,7,7],"floor_reached":25,"playtime":715,"items_purged":["Strike_B"],"score":418,"play_id":"57f470d9-e614-48d1-9109-c8a3fa49f640","local_time":"20181124152511","is_ascension_mode":true,"campfire_choices":[{"data":"Chill","floor":6,"key":"SMITH"},{"floor":10,"key":"REST"},{"floor":15,"key":"REST"},{"floor":23,"key":"REST"}],"neow_cost":"NONE","seed_source_timestamp":941695517317401,"circlet_count":0,"master_deck":["AscendersBane","Strike_B+1","Strike_B","Defend_B","Defend_B","Defend_B","Defend_B","Zap","Dualcast","Streamline","Chill+1","Gash","Gash","Conserve Battery","Conserve Battery","Rip and Tear","Fission+1","Steam Power","Go for the Eyes","Metamorphosis","Defragment"],"relics":["Cracked Core","Oddly Smooth Stone","Boot","Juzu Bracelet","Potion Belt","Mercury Hourglass","Sozu","NlothsMask"],"potions_floor_usage":[7,16,16,25],"damage_taken":[{"damage":3,"enemies":"2 Louse","floor":1,"turns":3},{"damage":9,"enemies":"Jaw Worm","floor":4,"turns":5},{"damage":12,"enemies":"Lagavulin","floor":7,"turns":7},{"damage":4,"enemies":"Cultist","floor":8,"turns":3},{"damage":0,"enemies":"Large Slime","floor":11,"turns":5},{"damage":4,"enemies":"3 Sentries","floor":12,"turns":10},{"damage":6,"enemies":"Red Slaver","floor":13,"turns":3},{"damage":20,"enemies":"Slime Boss","floor":16,"turns":8},{"damage":12,"enemies":"Spheric Guardian","floor":18,"turns":4},{"damage":20,"enemies":"Shell Parasite","floor":19,"turns":5},{"damage":52,"enemies":"Book of Stabbing","floor":25,"turns":4}],"seed_played":"2034750725147659594","potions_obtained":[{"floor":4,"key":"AttackPotion"},{"floor":8,"key":"SteroidPotion"},{"floor":11,"key":"SneckoOil"},{"floor":13,"key":"Poison Potion"}],"is_trial":false,"path_per_floor":["M","?","?","M","?","R","E","M","T","R","M","E","M","?","R","B",null,"M","M","?","?","?","R","$","E"],"character_chosen":"DEFECT","items_purchased":["Metamorphosis","Defragment"],"campfire_rested":3,"item_purchase_floors":[24,24],"current_hp_per_floor":[61,43,43,34,34,34,22,18,18,39,39,35,29,29,50,30,61,49,29,29,29,29,50,50,0],"gold":7,"neow_bonus":"RANDOM_COMMON_RELIC","is_prod":false,"is_daily":false,"chose_seed":false,"campfire_upgraded":1,"win_rate":0,"timestamp":1543091111,"path_taken":["M","?","?","?","?","R","E","M","T","R","M","E","M","?","R","BOSS","M","M","?","?","?","R","?","E"],"build_version":"2018-11-15","purchased_purges":1,"victory":false,"max_hp_per_floor":[71,71,71,71,71,71,71,71,71,71,71,71,71,71,71,71,71,71,71,71,71,71,71,71,71],"card_choices":[{"not_picked":["Turbo","Double Energy"],"picked":"Streamline","floor":1},{"not_picked":["Compile Driver","Double Energy"],"picked":"Gash","floor":4},{"not_picked":["Defragment","Fusion"],"picked":"Gash","floor":7},{"not_picked":["Rip and Tear","Skim"],"picked":"Conserve Battery","floor":8},{"not_picked":["Genetic Algorithm","Leap"],"picked":"Conserve Battery","floor":11},{"not_picked":["Streamline","Conserve Battery"],"picked":"Rip and Tear","floor":12},{"not_picked":["Coolheaded","Turbo","Ball Lightning"],"picked":"SKIP","floor":13},{"not_picked":["Reboot","Electrodynamics"],"picked":"Fission","floor":16},{"not_picked":["Steam Power","Redo","Storm"],"picked":"SKIP","floor":18},{"not_picked":["Redo","Storm"],"picked":"Steam Power","floor":18},{"not_picked":["Chaos","Compile Driver"],"picked":"Go for the Eyes","floor":19}],"player_experience":567540,"relics_obtained":[{"floor":7,"key":"Juzu Bracelet"},{"floor":9,"key":"Potion Belt"},{"floor":12,"key":"Mercury Hourglass"}],"event_choices":[{"damage_healed":0,"gold_gain":0,"player_choice":"Success","damage_taken":18,"relics_obtained":["Boot"],"max_hp_gain":0,"max_hp_loss":0,"event_name":"Scrap Ooze","floor":2,"gold_loss":0},{"damage_healed":0,"gold_gain":0,"player_choice":"1 cards matched","damage_taken":0,"max_hp_gain":0,"max_hp_loss":0,"event_name":"Match and Keep!","floor":3,"gold_loss":0,"cards_obtained":["Chill"]},{"damage_healed":0,"gold_gain":50,"player_choice":"Pray","damage_taken":0,"max_hp_gain":0,"max_hp_loss":0,"event_name":"Golden Shrine","floor":5,"gold_loss":0},{"damage_healed":0,"gold_gain":0,"player_choice":"Ignored","damage_taken":0,"max_hp_gain":0,"max_hp_loss":0,"event_name":"Liars Game","floor":14,"gold_loss":0},{"damage_healed":0,"gold_gain":0,"player_choice":"Trade","damage_taken":0,"relics_obtained":["NlothsMask"],"max_hp_gain":0,"max_hp_loss":0,"event_name":"FaceTrader","floor":20,"gold_loss":0},{"damage_healed":0,"gold_gain":0,"player_choice":"Forge","damage_taken":0,"max_hp_gain":0,"max_hp_loss":0,"event_name":"Accursed Blacksmith","floor":21,"gold_loss":0,"cards_upgraded":["Fission"]},{"cards_removed":["Strike_B"],"damage_healed":0,"gold_gain":0,"player_choice":"Upgrade and Remove","damage_taken":0,"max_hp_gain":0,"max_hp_loss":0,"event_name":"Designer","floor":22,"gold_loss":110,"cards_upgraded":["Strike_B"]}],"is_beta":true,"boss_relics":[{"not_picked":["Black Star","Calling Bell"],"picked":"Sozu"}],"items_purged_floors":[24],"is_endless":false,"potions_floor_spawned":[4,8,11,13,19],"killed_by":"Book of Stabbing","ascension_level":20}