{"gold_per_floor":[113,188,188,198,215,215,41,41,41,56,72,72,100,120,120,120],"floor_reached":16,"playtime":712,"items_purged":["Strike_R"],"score":158,"play_id":"0491ac96-e0f4-4068-9a99-0d683a2b76d8","local_time":"20181203133044","is_ascension_mode":true,"campfire_choices":[{"data":"Armaments","floor":6,"key":"SMITH"},{"data":"True Grit","floor":8,"key":"SMITH"},{"floor":15,"key":"REST"}],"neow_cost":"NONE","seed_source_timestamp":865733732975446,"circlet_count":0,"master_deck":["Strike_R","Strike_R","Strike_R","Strike_R+1","Defend_R","Defend_R","Defend_R","Defend_R","Bash","Shrug It Off+1","Armaments+1","Body Slam","True Grit+1","Entrench","Intimidate","Dual Wield","Regret","Searing Blow"],"relics":["Burning Blood","Singing Bowl","Pear","Boot"],"potions_floor_usage":[13,13,16],"damage_taken":[{"damage":11,"enemies":"Small Slimes","floor":1,"turns":3},{"damage":7,"enemies":"Jaw Worm","floor":4,"turns":3},{"damage":0,"enemies":"2 Louse","floor":5,"turns":3},{"damage":0,"enemies":"Blue Slaver","floor":10,"turns":6},{"damage":0,"enemies":"2 Fungi Beasts","floor":11,"turns":4},{"damage":41,"enemies":"Gremlin Nob","floor":13,"turns":5},{"damage":27,"enemies":"Gremlin Gang","floor":14,"turns":8},{"damage":55,"enemies":"Hexaghost","floor":16,"turns":16}],"seed_played":"-8745278679855357606","potions_obtained":[{"floor":1,"key":"FearPotion"},{"floor":5,"key":"Strength Potion"},{"floor":13,"key":"SpeedPotion"},{"floor":14,"key":"Block Potion"}],"is_trial":false,"path_per_floor":["M","?","?","M","M","R","$","R","T","M","M","?","E","M","R","B"],"character_chosen":"IRONCLAD","items_purchased":["True Grit","Entrench"],"campfire_rested":1,"item_purchase_floors":[7,7],"current_hp_per_floor":[75,64,46,45,51,51,51,51,51,57,63,73,38,19,49,0],"gold":120,"neow_bonus":"TEN_PERCENT_HP_BONUS","is_prod":false,"is_daily":false,"chose_seed":false,"campfire_upgraded":2,"win_rate":0,"timestamp":1543861844,"path_taken":["M","?","?","M","M","R","$","R","T","M","M","?","E","M","R","BOSS"],"build_version":"2018-11-15","purchased_purges":1,"victory":false,"max_hp_per_floor":[88,88,88,88,88,88,88,88,88,88,88,98,98,100,100,100],"card_choices":[{"not_picked":["Rage","Havoc"],"picked":"Shrug It Off","floor":1},{"not_picked":["Clothesline","Anger"],"picked":"Armaments","floor":4},{"not_picked":["Spot Weakness","Corruption"],"picked":"Body Slam","floor":5},{"not_picked":["Clash","Havoc"],"picked":"Intimidate","floor":10},{"not_picked":["Evolve","Twin Strike"],"picked":"Dual Wield","floor":11},{"not_picked":["Infernal Blade","Cleave"],"picked":"Searing Blow","floor":13},{"not_picked":["Dropkick","Metallicize","Havoc"],"picked":"Singing Bowl","floor":14}],"player_experience":343953,"relics_obtained":[{"floor":9,"key":"Singing Bowl"},{"floor":13,"key":"Boot"}],"event_choices":[{"damage_healed":0,"gold_gain":75,"player_choice":"Gather Gold","damage_taken":11,"max_hp_gain":0,"max_hp_loss":0,"event_name":"World of Goop","floor":2,"gold_loss":0},{"damage_healed":0,"gold_gain":0,"player_choice":"Entered Light","damage_taken":18,"max_hp_gain":0,"max_hp_loss":0,"event_name":"Shining Light","floor":3,"gold_loss":0,"cards_upgraded":["Strike_R","Shrug It Off"]},{"damage_healed":0,"gold_gain":0,"player_choice":"Box","damage_taken":0,"relics_obtained":["Pear"],"max_hp_gain":0,"max_hp_loss":0,"event_name":"Big Fish","floor":12,"gold_loss":0,"cards_obtained":["Regret"]}],"is_beta":false,"boss_relics":[],"items_purged_floors":[7],"is_endless":false,"potions_floor_spawned":[1,5,13,14],"killed_by":"Hexaghost","ascension_level":6}