{"gold_per_floor":[368,300,318,206,206,239,239,239,239,254,254,271,271,288,288,391,391,410,385,385,67,80,80,112,112,188,188,208,208,238,252,252,348,348,360,360,376,251,302,317,317,317,343,355,14,42,42,52,52,52],"floor_reached":51,"playtime":3509,"items_purged":["Strike_R","Strike_R","Strike_R","Defend_R"],"score":1110,"play_id":"70e9ca36-106a-44c3-82f3-01a24c86cba4","local_time":"20190130163655","is_ascension_mode":true,"campfire_choices":[{"floor":8,"key":"REST"},{"data":"Whirlwind","floor":11,"key":"SMITH"},{"data":"Body Slam","floor":13,"key":"SMITH"},{"data":"Flex","floor":15,"key":"SMITH"},{"data":"Flame Barrier","floor":23,"key":"SMITH"},{"data":"Shrug It Off","floor":27,"key":"SMITH"},{"data":"Seeing Red","floor":32,"key":"SMITH"},{"data":"Offering","floor":41,"key":"SMITH"},{"data":"Battle Trance","floor":49,"key":"SMITH"}],"neow_cost":"PERCENT_DAMAGE","seed_source_timestamp":5798719185547,"circlet_count":0,"master_deck":["Strike_R","Defend_R+1","Defend_R","Flex+1","Flame Barrier+1","Body Slam+1","Whirlwind+1","Shrug It Off+1","Impervious","Entrench+1","Battle Trance+1","Seeing Red+1","Offering+1","Ghostly Armor+1","Violence"],"relics":["Burning Blood","Thread and Needle","Pear","Black Star","War Paint","Red Mask","Red Skull","Gremlin Horn","Mercury Hourglass","Meat on the Bone","Philosopher\u0027s Stone","Unceasing Top","MawBank","Strange Spoon","Prayer Wheel","Sundial","Dodecahedron"],"potions_floor_usage":[16,16,22,33,33,33],"damage_taken":[{"damage":0,"enemies":"2 Louse","floor":1,"turns":2},{"damage":16,"enemies":"Small Slimes","floor":3,"turns":3},{"damage":35,"enemies":"3 Sentries","floor":6,"turns":6},{"damage":1,"enemies":"Cultist","floor":10,"turns":4},{"damage":0,"enemies":"Large Slime","floor":12,"turns":6},{"damage":0,"enemies":"Looter","floor":14,"turns":4},{"damage":0,"enemies":"The Guardian","floor":16,"turns":10},{"damage":0,"enemies":"3 Byrds","floor":18,"turns":4},{"damage":17,"enemies":"2 Thieves","floor":19,"turns":5},{"damage":25,"enemies":"Colosseum Slavers","floor":20,"turns":7},{"damage":12,"enemies":"Shelled Parasite and Fungi","floor":22,"turns":8},{"damage":18,"enemies":"Masked Bandits","floor":24,"turns":3},{"damage":1,"enemies":"Snecko","floor":28,"turns":7},{"damage":0,"enemies":"Slavers","floor":30,"turns":6},{"damage":0,"enemies":"Snake Plant","floor":31,"turns":2},{"damage":27,"enemies":"Collector","floor":33,"turns":11},{"damage":6,"enemies":"Orb Walker","floor":35,"turns":2},{"damage":6,"enemies":"3 Darklings","floor":37,"turns":3},{"damage":6,"enemies":"2 Orb Walkers","floor":39,"turns":3},{"damage":6,"enemies":"Jaw Worm Horde","floor":40,"turns":1},{"damage":6,"enemies":"Reptomancer","floor":46,"turns":4},{"damage":12,"enemies":"Spire Growth","floor":48,"turns":4},{"damage":35,"enemies":"Awakened One","floor":50,"turns":8}],"seed_played":"-1450276807071662832","potions_obtained":[{"floor":1,"key":"PowerPotion"},{"floor":10,"key":"Ancient Potion"},{"floor":14,"key":"LiquidBronze"},{"floor":16,"key":"BloodPotion"},{"floor":18,"key":"BloodPotion"},{"floor":24,"key":"LiquidBronze"},{"floor":28,"key":"Energy Potion"},{"floor":48,"key":"Regen Potion"}],"is_trial":false,"path_per_floor":["M","$","M","$","?","E","?","R","T","M","R","M","R","M","R","B",null,"M","M","?","$","M","R","?","?","T","R","M","?","E","M","R","B",null,"M","?","M","$","?","M","R","?","T","?","$","E","T","M","R","B",null],"character_chosen":"IRONCLAD","items_purchased":["Flame Barrier","Whirlwind","War Paint","Battle Trance","Strange Spoon"],"campfire_rested":1,"item_purchase_floors":[2,4,21,21,45],"current_hp_per_floor":[62,62,52,52,52,23,23,47,57,62,62,68,68,74,74,80,88,90,79,60,60,63,63,51,51,51,51,56,56,62,68,68,59,82,82,82,82,82,82,82,82,82,82,82,82,82,82,76,76,59],"gold":52,"neow_bonus":"TWO_FIFTY_GOLD","is_prod":false,"is_daily":false,"chose_seed":false,"campfire_upgraded":8,"win_rate":0,"timestamp":1548833815,"path_taken":["M","$","M","$","?","E","?","R","T","M","R","?","R","M","R","BOSS","M","M","?","$","M","R","?","?","T","R","?","?","E","M","R","BOSS","M","?","M","$","?","M","R","?","T","?","$","E","?","M","R","BOSS"],"build_version":"2019-01-23","purchased_purges":4,"victory":true,"max_hp_per_floor":[80,80,80,80,80,80,80,80,90,90,90,90,90,90,90,90,90,90,90,90,90,90,90,90,90,90,90,90,90,90,90,90,90,90,90,90,90,90,90,90,90,90,90,85,85,85,85,85,85,85],"card_choices":[{"not_picked":["Dropkick","Armaments"],"picked":"Flex","floor":1},{"not_picked":["Anger","Twin Strike"],"picked":"Body Slam","floor":3},{"not_picked":["Havoc","Barricade"],"picked":"Shrug It Off","floor":6},{"not_picked":["Sentinel","Wild Strike","Seeing Red"],"picked":"SKIP","floor":10},{"not_picked":["Disarm","Headbutt","Body Slam"],"picked":"SKIP","floor":12},{"not_picked":["Clothesline","Warcry","Disarm"],"picked":"SKIP","floor":14},{"not_picked":["Brutality","Demon Form"],"picked":"Impervious","floor":16},{"not_picked":["Wild Strike","Pommel Strike+1"],"picked":"Entrench","floor":18},{"not_picked":["Rampage","Warcry","Shockwave"],"picked":"SKIP","floor":19},{"not_picked":["Thunderclap+1","Wild Strike","Pommel Strike"],"picked":"SKIP","floor":22},{"not_picked":["Pommel Strike","Carnage","Wild Strike"],"picked":"SKIP","floor":28},{"not_picked":["Burning Pact+1","Spot Weakness","Clothesline"],"picked":"SKIP","floor":30},{"not_picked":["Metallicize","Reckless Charge"],"picked":"Seeing Red","floor":31},{"not_picked":["Fiend Fire","Bludgeon"],"picked":"Offering","floor":33},{"not_picked":["Perfected Strike+1","Rupture"],"picked":"Ghostly Armor+1","floor":35},{"not_picked":["Sadistic Nature","Deep Breath"],"picked":"Violence","floor":36},{"not_picked":["Anger","Thunderclap","Twin Strike+1"],"picked":"SKIP","floor":37},{"not_picked":["Warcry+1","Shrug It Off+1","Burning Pact"],"picked":"SKIP","floor":40},{"not_picked":["Intimidate+1","Headbutt+1","Inflame"],"picked":"SKIP","floor":46},{"not_picked":["Clothesline","Carnage","Searing Blow+1"],"picked":"SKIP","floor":48},{"not_picked":["Whirlwind","Havoc","Armaments"],"picked":"SKIP","floor":48}],"player_experience":120284,"relics_obtained":[{"floor":6,"key":"Thread and Needle"},{"floor":9,"key":"Pear"},{"floor":24,"key":"Red Mask"},{"floor":26,"key":"Gremlin Horn"},{"floor":30,"key":"Mercury Hourglass"},{"floor":30,"key":"Meat on the Bone"},{"floor":39,"key":"Unceasing Top"},{"floor":43,"key":"MawBank"},{"floor":46,"key":"Prayer Wheel"},{"floor":46,"key":"Sundial"},{"floor":47,"key":"Dodecahedron"}],"event_choices":[{"damage_healed":0,"gold_gain":0,"player_choice":"Ignored","damage_taken":0,"max_hp_gain":0,"max_hp_loss":0,"event_name":"Liars Game","floor":5,"gold_loss":0},{"cards_removed":["Strike_R"],"damage_healed":0,"gold_gain":0,"player_choice":"Purged","damage_taken":0,"max_hp_gain":0,"max_hp_loss":0,"event_name":"Purifier","floor":7,"gold_loss":0},{"damage_healed":0,"gold_gain":0,"player_choice":"Fight","damage_taken":0,"max_hp_gain":0,"max_hp_loss":0,"event_name":"Colosseum","floor":20,"gold_loss":0},{"damage_healed":0,"gold_gain":0,"player_choice":"Fled From Nobs","damage_taken":0,"max_hp_gain":0,"max_hp_loss":0,"event_name":"Colosseum","floor":20,"gold_loss":0},{"damage_healed":0,"gold_gain":0,"player_choice":"Fought Bandits","damage_taken":0,"max_hp_gain":0,"max_hp_loss":0,"event_name":"Masked Bandits","floor":24,"gold_loss":0},{"damage_healed":0,"gold_gain":0,"player_choice":"Gave Potion","damage_taken":0,"relics_obtained":["Red Skull"],"max_hp_gain":0,"max_hp_loss":0,"event_name":"WeMeetAgain","floor":25,"gold_loss":0},{"cards_removed":["Defend_R"],"damage_healed":0,"gold_gain":0,"player_choice":"Purged","damage_taken":0,"max_hp_gain":0,"max_hp_loss":0,"event_name":"Purifier","floor":29,"gold_loss":0},{"damage_healed":0,"gold_gain":0,"player_choice":"Memory 1","damage_taken":0,"max_hp_gain":0,"max_hp_loss":0,"event_name":"SensoryStone","floor":36,"gold_loss":0},{"damage_healed":0,"gold_gain":0,"player_choice":"Fight","damage_taken":0,"max_hp_gain":0,"max_hp_loss":0,"event_name":"Mysterious Sphere","floor":39,"gold_loss":0},{"cards_removed":["Bash"],"damage_healed":0,"gold_gain":0,"player_choice":"Removed Attack","damage_taken":0,"max_hp_gain":0,"max_hp_loss":0,"event_name":"Falling","floor":42,"gold_loss":0},{"damage_healed":0,"gold_gain":0,"player_choice":"Max HP","damage_taken":0,"max_hp_gain":0,"max_hp_loss":5,"event_name":"Winding Halls","floor":44,"gold_loss":0}],"is_beta":false,"boss_relics":[{"not_picked":["Runic Cube","Mark of Pain"],"picked":"Black Star"},{"not_picked":["Snecko Eye","Empty Cage"],"picked":"Philosopher\u0027s Stone"}],"items_purged_floors":[4,21,38,45],"is_endless":false,"potions_floor_spawned":[1,10,14,16,18,24,28,31,48],"ascension_level":5}