{"gold_per_floor":[109,73,86,103,203,232,232,242,266,288,306,325,325,345,345,447,447,461,560,560,560,433,433,466,89,143,171,171,188,188,206,206,307,307,317,317],"floor_reached":36,"playtime":3186,"items_purged":[],"score":427,"play_id":"cfa31341-d07d-43fd-9126-851cc4e24ab9","local_time":"20181215131142","is_ascension_mode":false,"campfire_choices":[{"floor":7,"key":"REST"},{"floor":13,"key":"REST"},{"floor":15,"key":"REST"},{"floor":23,"key":"REST"},{"data":"After Image","floor":28,"key":"SMITH"},{"floor":30,"key":"REST"},{"data":"Infinite Blades","floor":32,"key":"SMITH"}],"neow_cost":"NONE","seed_source_timestamp":286039138070973,"circlet_count":0,"master_deck":["Survivor","Neutralize","Distraction","Well Laid Plans","Caltrops","Poisoned Stab","Accuracy","Tactician","Infinite Blades","Backflip","Predator","Flying Knee+1","A Thousand Cuts","Dodge and Roll","Night Terror","Tactician","Adrenaline","Infinite Blades+1","Well Laid Plans","Dagger Spray","Night Terror","After Image+1","Prepared+1","Malaise","Prepared","Eviscerate","Slice+1","Accuracy","Finisher","Cloak And Dagger","Backstab+1","Cloak And Dagger","Accuracy+1","A Thousand Cuts","Shame","Clumsy","Writhe","Dagger Throw+1"],"relics":["Ring of the Snake","Bronze Scales","Vajra","Odd Mushroom","Pandora\u0027s Box","Whetstone","Lee\u0027s Waffle","Snake Skull","Oddly Smooth Stone","Mercury Hourglass","Calling Bell","Pen Nib","Frozen Egg 2","Tingsha"],"potions_floor_usage":[6,11,16,33,33,33],"damage_taken":[{"damage":6,"enemies":"Cultist","floor":1,"turns":4},{"damage":4,"enemies":"Jaw Worm","floor":3,"turns":4},{"damage":0,"enemies":"Small Slimes","floor":4,"turns":3},{"damage":46,"enemies":"3 Sentries","floor":6,"turns":10},{"damage":5,"enemies":"3 Louse","floor":8,"turns":3},{"damage":19,"enemies":"The Mushroom Lair","floor":10,"turns":4},{"damage":8,"enemies":"Exordium Thugs","floor":11,"turns":3},{"damage":0,"enemies":"2 Fungi Beasts","floor":12,"turns":4},{"damage":10,"enemies":"Large Slime","floor":14,"turns":6},{"damage":20,"enemies":"The Guardian","floor":16,"turns":12},{"damage":20,"enemies":"Chosen","floor":18,"turns":5},{"damage":26,"enemies":"Book of Stabbing","floor":24,"turns":5},{"damage":16,"enemies":"Gremlin Leader","floor":27,"turns":5},{"damage":29,"enemies":"2 Thieves","floor":29,"turns":3},{"damage":1,"enemies":"Cultist and Chosen","floor":31,"turns":5},{"damage":13,"enemies":"Collector","floor":33,"turns":6},{"damage":13,"enemies":"3 Shapes","floor":35,"turns":3},{"damage":83,"enemies":"2 Orb Walkers","floor":36,"turns":3}],"seed_played":"-9096213435081114327","potions_obtained":[{"floor":1,"key":"Block Potion"},{"floor":6,"key":"GhostInAJar"},{"floor":8,"key":"FearPotion"},{"floor":10,"key":"AttackPotion"},{"floor":24,"key":"Strength Potion"}],"is_trial":false,"path_per_floor":["M","$","M","M","?","E","R","M","T","?","M","M","R","M","R","B",null,"M","?","?","?","$","R","E","$","T","E","R","M","R","M","R","B",null,"M","?"],"character_chosen":"THE_SILENT","items_purchased":["Caltrops","Accuracy","Explosive Potion","Lee\u0027s Waffle","Snake Skull","Cloak And Dagger"],"campfire_rested":5,"item_purchase_floors":[2,22,22,25,25,25],"current_hp_per_floor":[64,64,60,60,60,14,35,30,30,11,3,3,24,14,35,15,70,50,50,50,50,50,70,44,77,77,61,61,32,55,54,54,41,77,64,0],"gold":317,"neow_bonus":"THREE_CARDS","is_prod":false,"is_daily":false,"chose_seed":false,"campfire_upgraded":2,"win_rate":0,"timestamp":1544879502,"path_taken":["M","?","M","M","?","E","R","?","T","?","M","M","R","M","R","BOSS","M","?","?","?","$","R","E","$","T","E","R","M","R","?","R","BOSS","M","?"],"build_version":"2018-12-13","purchased_purges":0,"victory":false,"max_hp_per_floor":[70,70,70,70,70,70,70,70,70,70,70,70,70,70,70,70,70,70,70,70,70,70,70,70,77,77,77,77,77,77,77,77,77,77,77,77],"card_choices":[{"not_picked":["Bane","Outmaneuver"],"picked":"Distraction","floor":0},{"not_picked":["Concentrate","Bane"],"picked":"Well Laid Plans","floor":1},{"not_picked":["Flying Knee","Deflect"],"picked":"Poisoned Stab","floor":3},{"not_picked":["Bane","Slice"],"picked":"Accuracy","floor":4},{"not_picked":["Backflip","Flechettes"],"picked":"Tactician","floor":6},{"not_picked":["Noxious Fumes","Envenom"],"picked":"Infinite Blades","floor":8},{"not_picked":["Poisoned Stab","Underhanded Strike"],"picked":"Deflect","floor":10},{"not_picked":["Deflect","Blade Dance"],"picked":"Backflip","floor":11},{"not_picked":["Sucker Punch","Underhanded Strike"],"picked":"Predator","floor":12},{"not_picked":["Concentrate","Poisoned Stab"],"picked":"Flying Knee","floor":14},{"not_picked":["Bullet Time","After Image"],"picked":"A Thousand Cuts","floor":16},{"not_picked":["Bane","Sucker Punch+1"],"picked":"Prepared+1","floor":18},{"not_picked":["Choke+1","Bane"],"picked":"Finisher","floor":24},{"not_picked":["Leg Sweep+1","Prepared"],"picked":"Backstab+1","floor":27},{"not_picked":["Flying Knee","Terror"],"picked":"Cloak And Dagger","floor":29},{"not_picked":["Slice","Deadly Poison"],"picked":"Accuracy+1","floor":31},{"not_picked":["Wraith Form v2","Burst"],"picked":"A Thousand Cuts","floor":33},{"not_picked":["Prepared","Backflip"],"picked":"Dagger Throw+1","floor":35}],"player_experience":217955,"relics_obtained":[{"floor":6,"key":"Bronze Scales"},{"floor":9,"key":"Vajra"},{"floor":10,"key":"Odd Mushroom"},{"floor":24,"key":"Whetstone"},{"floor":26,"key":"Oddly Smooth Stone"},{"floor":27,"key":"Mercury Hourglass"},{"floor":34,"key":"Pen Nib"},{"floor":34,"key":"Frozen Egg 2"},{"floor":34,"key":"Tingsha"}],"event_choices":[{"damage_healed":0,"gold_gain":100,"player_choice":"Gold","damage_taken":0,"max_hp_gain":0,"max_hp_loss":0,"event_name":"Wheel of Change","floor":5,"gold_loss":0},{"damage_healed":0,"gold_gain":0,"player_choice":"Fought Mushrooms","damage_taken":0,"max_hp_gain":0,"max_hp_loss":0,"event_name":"Mushrooms","floor":10,"gold_loss":0},{"damage_healed":0,"gold_gain":99,"player_choice":"Stole From Cult","damage_taken":0,"max_hp_gain":0,"max_hp_loss":0,"event_name":"Nest","floor":19,"gold_loss":0},{"damage_healed":0,"gold_gain":0,"cards_transformed":["PiercingWail","Deflect"],"player_choice":"Became Test Subject","damage_taken":0,"max_hp_gain":0,"max_hp_loss":0,"event_name":"Drug Dealer","floor":20,"gold_loss":0,"cards_obtained":["Malaise","Prepared"]},{"damage_healed":0,"gold_gain":0,"player_choice":"2 cards matched","damage_taken":0,"max_hp_gain":0,"max_hp_loss":0,"event_name":"Match and Keep!","floor":21,"gold_loss":0,"cards_obtained":["Eviscerate","Slice"]},{"damage_healed":0,"gold_gain":0,"player_choice":"Fight","damage_taken":0,"max_hp_gain":0,"max_hp_loss":0,"event_name":"Mysterious Sphere","floor":36,"gold_loss":0}],"is_beta":false,"boss_relics":[{"not_picked":["HoveringKite","Astrolabe"],"picked":"Pandora\u0027s Box"},{"not_picked":["White Beast Statue","Coffee Dripper"],"picked":"Calling Bell"}],"items_purged_floors":[],"is_endless":false,"potions_floor_spawned":[1,6,8,10,24,29],"killed_by":"2 Orb Walkers","ascension_level":0}