{"gold_per_floor":[367,386,71,90,108,137,137,153,153,153,185,35,35],"floor_reached":13,"playtime":464,"items_purged":[],"score":119,"play_id":"859c3d81-dcd1-4cb4-84e7-d8f04bbe5cb8","local_time":"20180917205511","is_ascension_mode":true,"campfire_choices":[{"floor":7,"key":"REST"}],"neow_cost":"TEN_PERCENT_HP_LOSS","seed_source_timestamp":115433347166887,"circlet_count":0,"master_deck":["Defend_G","Defend_G","Defend_G","Defend_G","Defend_G","Strike_G","Strike_G","Strike_G","Strike_G","Strike_G","Survivor","Neutralize","Skewer","Escape Plan","Flying Knee","Backstab","Leg Sweep","Footwork"],"relics":["Ring of the Snake","Shuriken","Regal Pillow","Singing Bowl","Incense Burner","Pear"],"potions_floor_usage":[6,11,11],"damage_taken":[{"damage":0,"enemies":"Small Slimes","floor":1,"turns":3},{"damage":9,"enemies":"2 Louse","floor":2,"turns":3},{"damage":1,"enemies":"Jaw Worm","floor":4,"turns":3},{"damage":12,"enemies":"Exordium Thugs","floor":5,"turns":6},{"damage":33,"enemies":"Lagavulin","floor":6,"turns":6},{"damage":0,"enemies":"2 Fungi Beasts","floor":8,"turns":4},{"damage":15,"enemies":"3 Sentries","floor":11,"turns":6},{"damage":15,"enemies":"Lagavulin","floor":13,"turns":5}],"seed_played":"2868564371441756419","potions_obtained":[{"floor":5,"key":"Explosive Potion"},{"floor":6,"key":"LiquidBronze"},{"floor":8,"key":"Strength Potion"}],"is_trial":false,"path_per_floor":["M","M","$","M","M","E","R","M","T","?","E","$"],"character_chosen":"THE_SILENT","items_purchased":["Shuriken","Escape Plan","Leg Sweep","Footwork"],"campfire_rested":1,"item_purchase_floors":[3,3,12,12],"current_hp_per_floor":[63,54,54,53,41,8,41,41,41,16,13,13,0],"gold":35,"neow_bonus":"TWO_FIFTY_GOLD","is_prod":false,"is_daily":false,"chose_seed":false,"campfire_upgraded":0,"win_rate":0,"timestamp":1537232111,"path_taken":["M","M","$","M","M","E","R","M","T","?","E","?","E"],"build_version":"2018-09-12","purchased_purges":0,"victory":false,"max_hp_per_floor":[63,63,63,63,63,63,63,63,63,63,75,75,75],"card_choices":[{"not_picked":["Acrobatics","Setup","Heel Hook"],"picked":"SKIP","floor":1},{"not_picked":["Riddle With Holes","Leg Sweep"],"picked":"Skewer","floor":2},{"not_picked":["Sucker Punch","PiercingWail","Deadly Poison"],"picked":"SKIP","floor":4},{"not_picked":["Underhanded Strike","Flechettes","Bane"],"picked":"SKIP","floor":5},{"not_picked":["Finisher","Wraith Form v2"],"picked":"Flying Knee","floor":6},{"not_picked":["Poisoned Stab","Dash"],"picked":"Backstab","floor":8},{"not_picked":["Dagger Spray","PiercingWail","Bane"],"picked":"Singing Bowl","floor":11}],"player_experience":391788,"relics_obtained":[{"floor":6,"key":"Regal Pillow"},{"floor":9,"key":"Singing Bowl"},{"floor":11,"key":"Pear"}],"event_choices":[{"event_name":"Scrap Ooze","player_choice":"success","floor":10,"damage_taken":25}],"is_beta":true,"boss_relics":[],"items_purged_floors":[],"is_endless":false,"potions_floor_spawned":[5,6,8],"killed_by":"Lagavulin","ascension_level":5}