{"gold_per_floor":[117,136,156,171,187,215,215,248,275,250,268,27,38,50,50,50],"floor_reached":16,"playtime":1204,"items_purged":[],"score":174,"play_id":"3049ca50-9f39-4fd9-bddf-acf3ccb34ecd","local_time":"20190104200706","is_ascension_mode":true,"campfire_choices":[{"floor":7,"key":"REST"},{"floor":15,"key":"REST"}],"neow_cost":"NONE","seed_source_timestamp":1373683887180631,"circlet_count":0,"master_deck":["AscendersBane","Strike_B","Strike_B","Strike_B","Strike_B","Defend_B","Defend_B","Defend_B","Defend_B","Zap","Dualcast","Cold Snap","Ball Lightning","Streamline","Cold Snap","Sweeping Beam","Melter","Go for the Eyes","Buffer+1","Streamline+1","Leap"],"relics":["Eternal Feather","Anchor","Frozen Egg 2","Molten Egg 2"],"potions_floor_usage":[4,6,14],"damage_taken":[{"damage":6,"enemies":"Cultist","floor":1,"turns":4},{"damage":9,"enemies":"Small Slimes","floor":2,"turns":5},{"damage":4,"enemies":"2 Louse","floor":3,"turns":3},{"damage":8,"enemies":"Gremlin Gang","floor":4,"turns":6},{"damage":3,"enemies":"Exordium Thugs","floor":5,"turns":5},{"damage":25,"enemies":"Lagavulin","floor":6,"turns":8},{"damage":19,"enemies":"3 Sentries","floor":8,"turns":6},{"damage":16,"enemies":"Exordium Wildlife","floor":11,"turns":5},{"damage":0,"enemies":"Blue Slaver","floor":13,"turns":3},{"damage":0,"enemies":"2 Fungi Beasts","floor":14,"turns":2},{"damage":50,"enemies":"Slime Boss","floor":16,"turns":9}],"seed_played":"176661247790915858","potions_obtained":[{"floor":1,"key":"SkillPotion"},{"floor":4,"key":"SpeedPotion"},{"floor":11,"key":"Explosive Potion"},{"floor":13,"key":"Ancient Potion"}],"is_trial":false,"path_per_floor":["M","M","M","M","M","E","R","E","T","?","M","$","M","M","R","B"],"character_chosen":"DEFECT","items_purchased":["Molten Egg 2"],"campfire_rested":2,"item_purchase_floors":[12],"current_hp_per_floor":[62,53,49,41,38,13,44,25,25,25,9,9,9,9,43,0],"gold":50,"neow_bonus":"BOSS_RELIC","is_prod":false,"is_daily":false,"chose_seed":false,"campfire_upgraded":0,"win_rate":0,"timestamp":1546632426,"path_taken":["M","?","M","M","M","E","R","E","T","?","M","$","M","M","R","BOSS"],"build_version":"2019-01-03v3","purchased_purges":0,"victory":false,"max_hp_per_floor":[75,75,75,75,75,75,75,75,75,75,75,75,75,75,75,75],"card_choices":[{"not_picked":["Hologram","Coolheaded"],"picked":"Cold Snap","floor":1},{"not_picked":["Rebound","Chill"],"picked":"Ball Lightning","floor":2},{"not_picked":["Redo","Barrage"],"picked":"Streamline","floor":3},{"not_picked":["Stack","Ball Lightning"],"picked":"Cold Snap","floor":4},{"not_picked":["Compile Driver","Turbo"],"picked":"Sweeping Beam","floor":5},{"not_picked":["Recycle","Lockon"],"picked":"Melter","floor":6},{"not_picked":["Leap","Chaos"],"picked":"Go for the Eyes","floor":8},{"not_picked":["Sweeping Beam","Compile Driver"],"picked":"Buffer+1","floor":11},{"not_picked":["Doom and Gloom+1","Beam Cell+1"],"picked":"Streamline+1","floor":13},{"not_picked":["Barrage+1","Compile Driver+1"],"picked":"Leap","floor":14}],"player_experience":1126134,"relics_obtained":[{"floor":6,"key":"Anchor"},{"floor":8,"key":"Frozen Egg 2"}],"event_choices":[{"damage_healed":0,"gold_gain":0,"player_choice":"Left Gold","damage_taken":0,"max_hp_gain":0,"max_hp_loss":0,"event_name":"World of Goop","floor":10,"gold_loss":25}],"is_beta":false,"boss_relics":[],"items_purged_floors":[],"is_endless":false,"potions_floor_spawned":[1,4,11,13],"killed_by":"Slime Boss","ascension_level":10}