{"gold_per_floor":[119,119,133,133,54,81,156,190,215,215],"floor_reached":10,"playtime":158,"items_purged":[],"score":119,"play_id":"a0490d78-cd7f-4281-9cd9-8f6c1fda4ebb","local_time":"20181225200444","is_ascension_mode":true,"campfire_choices":[],"neow_cost":"NONE","seed_source_timestamp":693793732007900,"circlet_count":0,"master_deck":["Defend_G","Defend_G","Defend_G","Defend_G","Defend_G","Strike_G","Strike_G","Strike_G","Strike_G","Strike_G","Survivor","Neutralize","Noxious Fumes","Corpse Explosion"],"relics":["Ring of the Snake","NeowsBlessing","Blood Vial","Dream Catcher","Bag of Preparation"],"potions_floor_usage":[8],"damage_taken":[{"damage":0,"enemies":"Small Slimes","floor":1,"turns":1},{"damage":0,"enemies":"Cultist","floor":3,"turns":1},{"damage":0,"enemies":"3 Sentries","floor":6,"turns":1},{"damage":50,"enemies":"Gremlin Nob","floor":8,"turns":6},{"damage":16,"enemies":"2 Louse","floor":10,"turns":1}],"seed_played":"5255416619066318782","potions_obtained":[{"floor":3,"key":"EssenceOfSteel"}],"is_trial":false,"path_per_floor":["M","?","M","$","$","E","?","E","T","M"],"character_chosen":"THE_SILENT","items_purchased":["Noxious Fumes"],"campfire_rested":0,"item_purchase_floors":[5],"current_hp_per_floor":[70,70,70,70,70,70,59,11,11,0],"gold":215,"neow_bonus":"THREE_ENEMY_KILL","is_prod":false,"is_daily":false,"chose_seed":false,"campfire_upgraded":0,"win_rate":0,"timestamp":1545764684,"path_taken":["M","?","?","?","$","E","?","E","T","M"],"build_version":"2018-12-20","purchased_purges":0,"victory":false,"max_hp_per_floor":[70,70,70,70,70,70,70,70,70,70],"card_choices":[{"not_picked":["Backflip","Acrobatics","Choke"],"picked":"SKIP","floor":1},{"not_picked":["Flying Knee","All Out Attack","Outmaneuver"],"picked":"SKIP","floor":3},{"not_picked":["Dodge and Roll","Outmaneuver","Infinite Blades"],"picked":"SKIP","floor":6},{"not_picked":["Flying Knee","Dagger Throw"],"picked":"Corpse Explosion","floor":8}],"player_experience":814688,"relics_obtained":[{"floor":6,"key":"Blood Vial"},{"floor":8,"key":"Dream Catcher"},{"floor":9,"key":"Bag of Preparation"}],"event_choices":[{"damage_healed":0,"gold_gain":0,"player_choice":"Leave","damage_taken":0,"max_hp_gain":0,"max_hp_loss":0,"event_name":"FaceTrader","floor":2,"gold_loss":0},{"damage_healed":0,"gold_gain":75,"player_choice":"Gather Gold","damage_taken":11,"max_hp_gain":0,"max_hp_loss":0,"event_name":"World of Goop","floor":7,"gold_loss":0}],"is_beta":false,"boss_relics":[],"items_purged_floors":[],"is_endless":false,"potions_floor_spawned":[3],"killed_by":"2 Louse","ascension_level":4}