{"gold_per_floor":[368,94,112,112,125,150,166,166,166,36,36,36],"floor_reached":12,"playtime":1674,"items_purged":["infinitespire:Pacifist"],"score":82,"play_id":"541b306f-4947-4dab-bde3-d5eda1786c1c","local_time":"20190202194758","is_ascension_mode":true,"campfire_choices":[{"floor":11,"key":"REST"}],"neow_cost":"CURSE","seed_source_timestamp":1301952504934335,"circlet_count":0,"master_deck":["Defend_G","Defend_G","Defend_G","Defend_G","Defend_G","Strike_G","Strike_G","Strike_G","Strike_G","Strike_G","Survivor","Neutralize","ReplayTheSpireMod:Scrap Shanks","Acrobatics","Burst","Dagger Throw","Pain","Underhanded Strike","Poison Darts","Eviscerate","Dagger Throw","Choke"],"relics":["Ring of the Snake","WarpedTongs","Bag of Preparation"],"potions_floor_usage":[],"damage_taken":[{"damage":0,"enemies":"2 Louse","floor":1,"turns":5},{"damage":6,"enemies":"Cultist","floor":3,"turns":5},{"damage":2,"enemies":"Jaw Worm","floor":5,"turns":3},{"damage":20,"enemies":"3 Sentries","floor":6,"turns":9},{"damage":13,"enemies":"3 Louse","floor":7,"turns":4},{"damage":66,"enemies":"Exordium Thugs","floor":12,"turns":8}],"seed_played":"-1155104743034642690","potions_obtained":[{"floor":1,"key":"Weak Potion"},{"floor":3,"key":"Fire Potion"},{"floor":7,"key":"Weak Potion"}],"is_trial":false,"path_per_floor":["M","$","M","?","M","E","M","?","T","$","R","M"],"character_chosen":"THE_SILENT","items_purchased":["Acrobatics","Burst","Dagger Throw","Choke"],"campfire_rested":1,"item_purchase_floors":[2,2,10,10],"current_hp_per_floor":[70,70,64,64,62,42,29,29,29,29,50,0],"gold":36,"neow_bonus":"TWO_FIFTY_GOLD","is_prod":false,"is_daily":false,"chose_seed":false,"campfire_upgraded":0,"win_rate":0,"timestamp":1549133278,"path_taken":["M","$","M","?","?","E","M","?","T","$","R","M"],"build_version":"2019-01-23","purchased_purges":1,"victory":false,"max_hp_per_floor":[70,70,70,70,70,70,70,70,70,70,70,70],"card_choices":[{"not_picked":["Bouncing Flask","Blade Dance"],"picked":"ReplayTheSpireMod:Scrap Shanks","floor":1},{"not_picked":["Prepared","Poisoned Stab"],"picked":"Dagger Throw","floor":3},{"not_picked":["Replay:Poison Smokescreen","Slice"],"picked":"Underhanded Strike","floor":5},{"not_picked":["Leg Sweep","Dagger Spray"],"picked":"Poison Darts","floor":6},{"not_picked":["PiercingWail","Underhanded Strike"],"picked":"Eviscerate","floor":7}],"player_experience":93180,"relics_obtained":[{"floor":6,"key":"Bag of Preparation"}],"event_choices":[{"damage_healed":0,"gold_gain":0,"player_choice":"Rummage","damage_taken":0,"relics_obtained":["WarpedTongs"],"max_hp_gain":0,"max_hp_loss":0,"event_name":"Accursed Blacksmith","floor":4,"gold_loss":0,"cards_obtained":["Pain"]},{"damage_healed":0,"gold_gain":0,"player_choice":"Fled","damage_taken":0,"max_hp_gain":0,"max_hp_loss":0,"event_name":"Scrap Ooze","floor":8,"gold_loss":0}],"is_beta":false,"boss_relics":[],"items_purged_floors":[2],"is_endless":false,"potions_floor_spawned":[1,3,7],"killed_by":"Exordium Thugs","ascension_level":1}