{"gold_per_floor":[117,117,267,267,59,59,78,78,78,78,88,100,119,135,135,211,211,225,185,197,78,98,98,123,143,143,143],"floor_reached":27,"playtime":3496,"items_purged":["Doubt"],"score":500,"play_id":"704ae606-01b3-496b-ae1d-c8054069b25c","local_time":"20180912133923","is_ascension_mode":true,"campfire_choices":[{"data":"Feed","floor":6,"key":"SMITH"},{"data":"Shockwave","floor":8,"key":"SMITH"},{"data":"Disarm","floor":15,"key":"SMITH"},{"data":"Demon Form","floor":23,"key":"SMITH"}],"neow_cost":"NONE","seed_source_timestamp":85094202456896,"circlet_count":0,"master_deck":["Strike_R","Strike_R","Strike_R","Strike_R","Strike_R","Defend_R","Defend_R","Defend_R","Bash","AscendersBane","Feed+1","Iron Wave","Disarm+1","Shockwave+1","Ghostly Armor","Infernal Blade","Whirlwind","Clash","Flame Barrier","Demon Form+1","Spot Weakness+1","Flame Barrier","Shrug It Off","Shrug It Off","Clothesline+1"],"relics":["Burning Blood","Lantern","Coffee Dripper","Dodecahedron","Blue Candle"],"potions_floor_usage":[12,16,16,22,24,25],"damage_taken":[{"damage":4,"enemies":"Small Slimes","floor":1,"turns":3},{"damage":4,"enemies":"2 Louse","floor":7,"turns":5},{"damage":7,"enemies":"Jaw Worm","floor":11,"turns":5},{"damage":15,"enemies":"Large Slime","floor":12,"turns":7},{"damage":27,"enemies":"Gremlin Gang","floor":13,"turns":6},{"damage":29,"enemies":"Exordium Thugs","floor":14,"turns":3},{"damage":20,"enemies":"The Guardian","floor":16,"turns":15},{"damage":45,"enemies":"Spheric Guardian","floor":18,"turns":6},{"damage":25,"enemies":"Shell Parasite","floor":20,"turns":5},{"damage":15,"enemies":"Snake Plant","floor":22,"turns":5},{"damage":41,"enemies":"Gremlin Leader","floor":24,"turns":6},{"damage":6,"enemies":"Shelled Parasite and Fungi","floor":25,"turns":7},{"damage":31,"enemies":"Colosseum Slavers","floor":27,"turns":3}],"seed_played":"-86913354042514198","potions_obtained":[{"floor":11,"key":"Weak Potion"},{"floor":12,"key":"SpeedPotion"},{"floor":13,"key":"EssenceOfSteel"},{"floor":20,"key":"SteroidPotion"},{"floor":24,"key":"Regen Potion"}],"is_trial":false,"path_per_floor":["M","?","?","?","$","R","M","R","T","?","M","M","M","M","R","B",null,"M","$","M","$","M","R","E","M","T"],"character_chosen":"IRONCLAD","items_purchased":["Disarm","Shockwave","Flame Barrier","Shrug It Off","Regen Potion"],"campfire_rested":0,"item_purchase_floors":[5,5,19,21,21],"current_hp_per_floor":[73,73,73,78,78,78,84,84,84,84,87,88,71,52,52,42,91,52,52,33,33,42,42,7,26,26,0],"gold":143,"neow_bonus":"ONE_RANDOM_RARE_CARD","is_prod":false,"is_daily":false,"chose_seed":false,"campfire_upgraded":4,"win_rate":0,"timestamp":1536773963,"path_taken":["M","?","?","?","$","R","M","R","T","?","M","?","M","M","R","BOSS","M","$","M","$","M","R","E","M","T","?"],"build_version":"2018-09-06","purchased_purges":1,"victory":false,"max_hp_per_floor":[78,78,78,83,83,83,87,87,87,87,91,95,99,103,103,107,107,107,107,107,107,111,111,111,115,115,119],"card_choices":[{"not_picked":["Body Slam","Havoc"],"picked":"Iron Wave","floor":1},{"not_picked":["Sentinel","Headbutt"],"picked":"Ghostly Armor","floor":7},{"not_picked":["Dropkick","Evolve"],"picked":"Infernal Blade","floor":11},{"not_picked":["Cleave","Perfected Strike"],"picked":"Whirlwind","floor":12},{"not_picked":["Evolve","Heavy Blade"],"picked":"Clash","floor":13},{"not_picked":["Sword Boomerang","Twin Strike"],"picked":"Flame Barrier","floor":14},{"not_picked":["Dark Embrace","Offering"],"picked":"Demon Form","floor":16},{"not_picked":["Evolve","Bloodletting"],"picked":"Spot Weakness+1","floor":18},{"not_picked":["Iron Wave","Combust","Heavy Blade"],"picked":"SKIP","floor":20},{"not_picked":["Body Slam","Power Through"],"picked":"Shrug It Off","floor":22},{"not_picked":["Bludgeon","Corruption","Carnage"],"picked":"SKIP","floor":24},{"not_picked":["Twin Strike","Body Slam"],"picked":"Clothesline+1","floor":25}],"player_experience":2709721,"relics_obtained":[{"floor":9,"key":"Lantern"},{"floor":24,"key":"Dodecahedron"},{"floor":26,"key":"Blue Candle"}],"event_choices":[{"event_name":"The Cleric","player_choice":"Leave","floor":2,"damage_taken":0},{"event_name":"Liars Game","player_choice":"agreed","floor":3,"damage_taken":0},{"event_name":"Big Fish","player_choice":"Donut","floor":4,"damage_taken":0},{"event_name":"Purifier","player_choice":"One Purge","floor":10,"damage_taken":0},{"event_name":"Colosseum","player_choice":"Fight","floor":27,"damage_taken":0}],"is_beta":false,"boss_relics":[{"not_picked":["Lizard Tail","Tiny House"],"picked":"Coffee Dripper"}],"items_purged_floors":[5],"is_endless":false,"potions_floor_spawned":[11,12,13,20,24],"killed_by":"Colosseum Slavers","ascension_level":20}