{"gold_per_floor":[112,262,262,33,51,51,85,100,100,110,123,123,46,66,66,66],"floor_reached":16,"playtime":1345,"items_purged":["Doubt"],"score":179,"play_id":"cfdb9fdc-0c50-4ff1-9073-413fb023b33a","local_time":"20190123224337","is_ascension_mode":true,"campfire_choices":[{"data":"Searing Blow","floor":6,"key":"SMITH"},{"data":"Searing Blow+1","floor":12,"key":"SMITH"},{"data":"Searing Blow+2","floor":15,"key":"SMITH"}],"neow_cost":"NONE","seed_source_timestamp":385539104437289,"circlet_count":0,"master_deck":["AscendersBane","Strike_R","Strike_R","Strike_R","Defend_R","Defend_R","Defend_R","Defend_R","Bash","True Grit","Searing Blow+3","Impervious","Corruption","Flame Barrier","Seeing Red","Metallicize","Armaments","Headbutt"],"relics":["Burning Blood","WingedGreaves"],"potions_floor_usage":[7,11,14,16],"damage_taken":[{"damage":7,"enemies":"Jaw Worm","floor":1,"turns":4},{"damage":14,"enemies":"Cultist","floor":5,"turns":5},{"damage":37,"enemies":"Lagavulin","floor":7,"turns":8},{"damage":0,"enemies":"2 Louse","floor":8,"turns":4},{"damage":24,"enemies":"Large Slime","floor":10,"turns":16},{"damage":5,"enemies":"Gremlin Gang","floor":11,"turns":9},{"damage":11,"enemies":"2 Fungi Beasts","floor":14,"turns":7},{"damage":23,"enemies":"Hexaghost","floor":16,"turns":9}],"seed_played":"-3534928357884458348","potions_obtained":[{"floor":1,"key":"Energy Potion"},{"floor":7,"key":"GamblersBrew"},{"floor":8,"key":"Weak Potion"}],"is_trial":false,"path_per_floor":["M","?","?","$","M","R","E","M","T","M","M","R","$","M","R","B"],"character_chosen":"IRONCLAD","items_purchased":["Corruption","Flame Barrier","BloodPotion"],"campfire_rested":0,"item_purchase_floors":[4,4,13],"current_hp_per_floor":[67,67,67,67,59,59,28,34,34,16,17,17,17,19,19,0],"gold":66,"neow_bonus":"TRANSFORM_CARD","is_prod":false,"is_daily":false,"chose_seed":false,"campfire_upgraded":3,"win_rate":0,"timestamp":1548283417,"path_taken":["M","?","?","$","M","R","E","M","T","M","M","R","$","?","R","BOSS"],"build_version":"2019-01-23","purchased_purges":1,"victory":false,"max_hp_per_floor":[75,75,75,75,75,75,75,75,75,75,75,75,75,75,75,75],"card_choices":[{"not_picked":["Perfected Strike","Hemokinesis"],"picked":"Searing Blow","floor":1},{"not_picked":["Combust","Twin Strike","Hemokinesis"],"picked":"SKIP","floor":5},{"not_picked":["Clothesline","Perfected Strike"],"picked":"Seeing Red","floor":7},{"not_picked":["Headbutt","Clothesline"],"picked":"Metallicize","floor":8},{"not_picked":["Warcry","Flex","Iron Wave"],"picked":"SKIP","floor":10},{"not_picked":["Battle Trance","Shockwave"],"picked":"Armaments","floor":11},{"not_picked":["Blood for Blood","Second Wind"],"picked":"Headbutt","floor":14}],"player_experience":1229571,"relics_obtained":[{"floor":7,"key":"WingedGreaves"}],"event_choices":[{"damage_healed":0,"gold_gain":150,"player_choice":"AGREE","damage_taken":0,"max_hp_gain":0,"max_hp_loss":0,"event_name":"Liars Game","floor":2,"gold_loss":0,"cards_obtained":["Doubt"]},{"damage_healed":0,"gold_gain":0,"cards_transformed":["Strike_R"],"player_choice":"Transformed","damage_taken":0,"max_hp_gain":0,"max_hp_loss":0,"event_name":"Transmorgrifier","floor":3,"gold_loss":0,"cards_obtained":["Impervious"]}],"is_beta":false,"boss_relics":[],"items_purged_floors":[4],"is_endless":false,"potions_floor_spawned":[1,7,8],"killed_by":"Hexaghost","ascension_level":15}