{"gold_per_floor":[113,32,107,107,125,151,151,151,151,164,164,191,191,207,207,207],"floor_reached":16,"playtime":402,"items_purged":[],"score":108,"play_id":"e6320708-545e-4930-a832-548d3ff87610","local_time":"20180629200850","is_ascension_mode":false,"campfire_choices":[{"data":"Whirlwind","floor":7,"key":"SMITH"},{"data":"Rage","floor":13,"key":"SMITH"},{"floor":15,"key":"REST"}],"neow_cost":"TEN_PERCENT_HP_LOSS","seed_source_timestamp":165828184029469,"circlet_count":0,"master_deck":["Strike_R","Strike_R","Strike_R","Strike_R","Strike_R","Defend_R","Defend_R","Bash","Dual Wield","Seeing Red","Perfected Strike","Whirlwind+1","Flex","Rage+1","Pommel Strike"],"relics":["Burning Blood","Incense Burner","Toolbox","Dodecahedron","Dream Catcher","Shuriken"],"potions_floor_usage":[6,12],"damage_taken":[{"damage":11,"enemies":"Jaw Worm","floor":1,"turns":2},{"damage":1,"enemies":"Cultist","floor":5,"turns":3},{"damage":21,"enemies":"3 Sentries","floor":6,"turns":7},{"damage":5,"enemies":"Small Slimes","floor":10,"turns":2},{"damage":5,"enemies":"Gremlin Nob","floor":12,"turns":4},{"damage":10,"enemies":"3 Louse","floor":14,"turns":2},{"damage":0,"enemies":"Hexaghost","floor":16,"turns":1}],"seed_played":"7017419458868283648","potions_obtained":[{"floor":5,"key":"SkillPotion"},{"floor":6,"key":"Weak Potion"},{"floor":12,"key":"SkillPotion"},{"floor":14,"key":"FairyPotion"}],"is_trial":false,"path_per_floor":["M","$","?","T","M","E","R","?","T","M","?","E","R","M","R"],"character_chosen":"IRONCLAD","items_purchased":["Whirlwind","Flex"],"campfire_rested":1,"item_purchase_floors":[2,2],"current_hp_per_floor":[67,67,56,56,61,46,46,51,51,52,19,20,20,16,39,39],"gold":207,"neow_bonus":"TRANSFORM_TWO_CARDS","is_prod":false,"is_daily":false,"chose_seed":false,"campfire_upgraded":2,"win_rate":0,"timestamp":1530328130,"path_taken":["M","$","?","?","?","E","R","?","T","M","?","E","R","M","R","BOSS"],"build_version":"2018-06-28","purchased_purges":0,"victory":false,"max_hp_per_floor":[72,72,72,72,72,72,72,77,77,77,77,77,77,77,77,77],"card_choices":[{"not_picked":["Warcry","Thunderclap"],"picked":"Perfected Strike","floor":1},{"not_picked":["Flame Barrier","Headbutt","Armaments"],"picked":"SKIP","floor":5},{"not_picked":["Headbutt","Twin Strike"],"picked":"Rage","floor":6},{"not_picked":["Sword Boomerang","Armaments","Havoc"],"picked":"SKIP","floor":10},{"not_picked":["Pummel","Uppercut","True Grit"],"picked":"SKIP","floor":12},{"not_picked":["Clash","Iron Wave"],"picked":"Pommel Strike","floor":14}],"player_experience":269331,"relics_obtained":[{"floor":4,"key":"Incense Burner"},{"floor":6,"key":"Toolbox"},{"floor":9,"key":"Dodecahedron"},{"floor":12,"key":"Shuriken"}],"event_choices":[{"event_name":"World of Goop","player_choice":"Gather Gold","floor":3,"damage_taken":0},{"event_name":"Big Fish","player_choice":"Donut","floor":8,"damage_taken":0},{"event_name":"Scrap Ooze","player_choice":"success","floor":11,"damage_taken":33}],"boss_relics":[],"items_purged_floors":[],"is_endless":false,"potions_floor_spawned":[5,6,12,14],"killed_by":"Hexaghost","ascension_level":0}