{"gold_per_floor":[119,131,11,11,11,11,42,59,59,78,78,110,128,143,143,245,295,311,297,100,100,100,100,116,116,116,116,116,128,157,117,117,117],"floor_reached":33,"playtime":4045,"items_purged":[],"score":488,"play_id":"eb40d2a1-a389-4d85-bae9-d2cd4385d1d0","local_time":"20181215145831","is_ascension_mode":true,"campfire_choices":[{"data":"Catalyst","floor":6,"key":"SMITH"},{"floor":11,"key":"REST"},{"floor":15,"key":"REST"},{"data":"Apotheosis","floor":23,"key":"SMITH"},{"floor":25,"key":"REST"},{"floor":27,"key":"RECALL"},{"floor":32,"key":"REST"}],"neow_cost":"NONE","seed_source_timestamp":268616732396473,"circlet_count":0,"master_deck":["AscendersBane","Survivor","Neutralize","Tools of the Trade","Heel Hook","Malaise","Backflip","Catalyst+1","Blur","Calculated Gamble","Underhanded Strike","Dodge and Roll","Dodge and Roll","Noxious Fumes","Deadly Poison","Underhanded Strike+1","Blur","Catalyst","Dash+1","PiercingWail+1","Burst","Deadly Poison","Dash+1","Apotheosis+1","PiercingWail"],"relics":["Pandora\u0027s Box","Molten Egg 2","Gremlin Horn","Tiny House","Tingsha","Mercury Hourglass"],"potions_floor_usage":[7,12,21,24,29,33],"damage_taken":[{"damage":0,"enemies":"Cultist","floor":1,"turns":4},{"damage":4,"enemies":"Small Slimes","floor":2,"turns":5},{"damage":54,"enemies":"Gremlin Nob","floor":7,"turns":6},{"damage":0,"enemies":"2 Louse","floor":8,"turns":3},{"damage":0,"enemies":"Exordium Thugs","floor":10,"turns":6},{"damage":0,"enemies":"Lagavulin","floor":12,"turns":4},{"damage":5,"enemies":"Blue Slaver","floor":13,"turns":4},{"damage":9,"enemies":"Looter","floor":14,"turns":3},{"damage":2,"enemies":"Hexaghost","floor":16,"turns":9},{"damage":0,"enemies":"Chosen","floor":18,"turns":4},{"damage":26,"enemies":"2 Thieves","floor":19,"turns":4},{"damage":9,"enemies":"Colosseum Slavers","floor":21,"turns":7},{"damage":30,"enemies":"Snake Plant","floor":24,"turns":3},{"damage":32,"enemies":"Shelled Parasite and Fungi","floor":29,"turns":5},{"damage":29,"enemies":"Gremlin Leader","floor":30,"turns":7},{"damage":33,"enemies":"Collector","floor":33,"turns":5}],"seed_played":"8238811414330588135","potions_obtained":[{"floor":2,"key":"Regen Potion"},{"floor":10,"key":"EssenceOfSteel"},{"floor":16,"key":"GhostInAJar"},{"floor":17,"key":"GamblersBrew"},{"floor":19,"key":"Poison Potion"},{"floor":24,"key":"SteroidPotion"},{"floor":31,"key":"LiquidBronze"},{"floor":31,"key":"FearPotion"}],"is_trial":false,"path_per_floor":["M","M","$","?","$","R","E","M","T","M","R","E","M","M","R","B",null,"M","M","$","?","?","R","M","R","T","R","$","M","E","?","R","B"],"character_chosen":"THE_SILENT","items_purchased":["Noxious Fumes","Deadly Poison","Apotheosis"],"campfire_rested":4,"item_purchase_floors":[3,3,20],"current_hp_per_floor":[63,59,59,52,52,52,13,13,13,13,34,34,29,20,41,39,67,67,41,41,32,75,75,45,67,67,67,67,35,6,6,28,0],"gold":117,"neow_bonus":"BOSS_RELIC","is_prod":false,"is_daily":false,"chose_seed":false,"campfire_upgraded":2,"win_rate":0,"timestamp":1544885911,"path_taken":["M","M","$","?","$","R","E","M","T","M","R","E","M","M","R","BOSS","M","M","$","?","?","R","?","R","T","R","$","M","E","?","R","BOSS"],"build_version":"2018-12-13","purchased_purges":0,"victory":false,"max_hp_per_floor":[70,70,70,70,70,70,70,70,70,70,70,70,70,70,70,70,75,75,75,75,75,75,75,75,75,75,75,75,75,75,75,75,75],"card_choices":[{"not_picked":["Outmaneuver","Sucker Punch"],"picked":"Dodge and Roll","floor":1},{"not_picked":["Acrobatics","Flying Knee"],"picked":"Dodge and Roll","floor":2},{"not_picked":["Setup","Distraction"],"picked":"Underhanded Strike","floor":7},{"not_picked":["All Out Attack+1","PiercingWail"],"picked":"Blur","floor":8},{"not_picked":["Deadly Poison","Underhanded Strike+1"],"picked":"Catalyst","floor":10},{"not_picked":["Grand Finale+1","Choke+1"],"picked":"Dash+1","floor":12},{"not_picked":["Dagger Spray+1","Cloak And Dagger"],"picked":"PiercingWail","floor":13},{"not_picked":["Escape Plan","Concentrate","Acrobatics"],"picked":"SKIP","floor":14},{"not_picked":["Phantasmal Killer","Doppelganger"],"picked":"Burst","floor":16},{"not_picked":["Deflect","Flechettes+1"],"picked":"Deadly Poison","floor":17},{"not_picked":["Acrobatics","Riddle With Holes+1"],"picked":"Dash+1","floor":18},{"not_picked":["Outmaneuver","Cloak And Dagger","Dagger Spray+1"],"picked":"SKIP","floor":19},{"not_picked":["Flying Knee+1","Blade Dance"],"picked":"PiercingWail","floor":24},{"not_picked":["A Thousand Cuts","Endless Agony+1","Bane+1"],"picked":"SKIP","floor":29},{"not_picked":["Acrobatics","Deadly Poison","Underhanded Strike+1"],"picked":"SKIP","floor":30}],"player_experience":1051995,"relics_obtained":[{"floor":7,"key":"Molten Egg 2"},{"floor":12,"key":"Gremlin Horn"},{"floor":26,"key":"Tingsha"},{"floor":30,"key":"Mercury Hourglass"}],"event_choices":[{"cards_removed":["Concentrate"],"damage_healed":0,"gold_gain":0,"player_choice":"Card Removal","damage_taken":7,"max_hp_gain":0,"max_hp_loss":0,"event_name":"Golden Wing","floor":4,"gold_loss":0},{"damage_healed":0,"gold_gain":0,"player_choice":"Fight","damage_taken":0,"max_hp_gain":0,"max_hp_loss":0,"event_name":"Colosseum","floor":21,"gold_loss":0},{"damage_healed":0,"gold_gain":0,"player_choice":"Fled From Nobs","damage_taken":0,"max_hp_gain":0,"max_hp_loss":0,"event_name":"Colosseum","floor":21,"gold_loss":0},{"cards_removed":["Setup"],"damage_healed":43,"gold_gain":0,"player_choice":"Offered Uncommon","damage_taken":0,"max_hp_gain":0,"max_hp_loss":0,"event_name":"Bonfire Elementals","floor":22,"gold_loss":0},{"damage_healed":0,"gold_gain":0,"player_choice":"Bought 3 Potions","damage_taken":0,"max_hp_gain":0,"max_hp_loss":0,"event_name":"The Woman in Blue","floor":31,"gold_loss":0}],"is_beta":false,"boss_relics":[{"not_picked":["Black Star","WristBlade"],"picked":"Tiny House"}],"items_purged_floors":[],"is_endless":false,"potions_floor_spawned":[2,10,16,19,24],"killed_by":"Collector","ascension_level":10}