{"gold_per_floor":[111,130,130,130,143,175,175,202,274,274,307,307,322,357,357,461,461,471,86,46,62,81,81,144,163,163,78,78,111,121,153,165,279,291,321,1332,1364,1376,1405,43,68,80,80,108,8,8,8,39,39,39],"floor_reached":51,"playtime":3101,"items_purged":["Defend_G","Normality","Normality"],"score":1252,"play_id":"200f8e40-79b3-4b82-8c50-e9c0328a7fbf","local_time":"20181122164440","is_ascension_mode":true,"campfire_choices":[{"data":"Blur","floor":7,"key":"SMITH"},{"floor":10,"key":"REST"},{"data":"Sucker Punch","floor":12,"key":"SMITH"},{"floor":15,"key":"REST"},{"data":"Blur","floor":23,"key":"SMITH"},{"data":"Quick Slash","floor":28,"key":"SMITH"},{"data":"Blade Dance","floor":32,"key":"SMITH"},{"floor":46,"key":"REST"},{"floor":49,"key":"REST"}],"neow_cost":"NONE","seed_source_timestamp":166400864484125,"circlet_count":0,"master_deck":["Defend_G","Defend_G","Defend_G","Defend_G","Strike_G","Strike_G+1","Strike_G","Strike_G","Strike_G","Survivor","Neutralize+1","Blur+1","Dodge and Roll+1","Sucker Punch+1","Dagger Throw","Infinite Blades","Reflex","Masterful Stab+1","All Out Attack","Adrenaline","Caltrops+1","Blur+1","Dagger Throw","Quick Slash+1","Deflect+1","Flying Knee","Blade Dance+1","Parasite","Endless Agony+1","Adrenaline","Blur","Malaise","Regret","Regret","Footwork","Normality","Escape Plan+1","Violence","Panache","Panache","Prepared+1","Dodge and Roll","Infinite Blades","Metamorphosis","Deflect","Cloak And Dagger","Reflex+1","Normality","Riddle With Holes","Quick Slash+1"],"relics":["Ring of the Snake","NeowsBlessing","FossilizedHelix","Bag of Preparation","Blue Candle","Boot","Oddly Smooth Stone","Cursed Key","ClockworkSouvenir","Tiny Chest","Shuriken","Torii","Bag of Marbles","MawBank","Calling Bell","Pen Nib","The Courier","Turnip","Lantern","Tingsha","Sling","Art of War","Incense Burner","Whetstone","Ginger","Omamori","Orichalcum","Ninja Scroll"],"potions_floor_usage":[14,31,33,44,50,50,50,50,50,50],"damage_taken":[{"damage":0,"enemies":"Jaw Worm","floor":1,"turns":1},{"damage":0,"enemies":"2 Louse","floor":2,"turns":1},{"damage":0,"enemies":"Cultist","floor":5,"turns":1},{"damage":39,"enemies":"Lagavulin","floor":6,"turns":10},{"damage":7,"enemies":"3 Sentries","floor":8,"turns":11},{"damage":18,"enemies":"Lagavulin","floor":11,"turns":7},{"damage":7,"enemies":"Gremlin Gang","floor":13,"turns":7},{"damage":5,"enemies":"3 Sentries","floor":14,"turns":9},{"damage":21,"enemies":"Slime Boss","floor":16,"turns":12},{"damage":0,"enemies":"Chosen","floor":18,"turns":5},{"damage":0,"enemies":"2 Thieves","floor":21,"turns":5},{"damage":0,"enemies":"Centurion and Healer","floor":22,"turns":6},{"damage":0,"enemies":"Slavers","floor":24,"turns":7},{"damage":0,"enemies":"Snecko","floor":25,"turns":5},{"damage":1,"enemies":"Gremlin Leader","floor":29,"turns":6},{"damage":2,"enemies":"Shelled Parasite and Fungi","floor":30,"turns":3},{"damage":0,"enemies":"Slavers","floor":31,"turns":4},{"damage":1,"enemies":"Collector","floor":33,"turns":10},{"damage":0,"enemies":"Orb Walker","floor":35,"turns":3},{"damage":0,"enemies":"3 Shapes","floor":37,"turns":2},{"damage":16,"enemies":"Spire Growth","floor":39,"turns":5},{"damage":23,"enemies":"Nemesis","floor":41,"turns":7},{"damage":3,"enemies":"Maw","floor":42,"turns":8},{"damage":0,"enemies":"Reptomancer","floor":44,"turns":2},{"damage":1,"enemies":"Nemesis","floor":48,"turns":3},{"damage":17,"enemies":"Donu and Deca","floor":50,"turns":6}],"seed_played":"7677556921382456830","potions_obtained":[{"floor":2,"key":"Swift Potion"},{"floor":6,"key":"SpeedPotion"},{"floor":13,"key":"Weak Potion"},{"floor":18,"key":"SpeedPotion"},{"floor":25,"key":"EntropicBrew"},{"floor":31,"key":"SpeedPotion"},{"floor":33,"key":"Strength Potion"},{"floor":35,"key":"EssenceOfSteel"},{"floor":37,"key":"SteroidPotion"},{"floor":48,"key":"GamblersBrew"}],"is_trial":false,"path_per_floor":["M","M","?","?","M","E","R","E","T","R","E","R","M","E","R","B",null,"M","$","?","M","M","R","E","M","T","?","R","E","M","E","R","B",null,"M","?","M","?","M","$","E","M","T","E","$","R","?","E","R","B",null],"character_chosen":"THE_SILENT","items_purchased":["Blur","ClockworkSouvenir","Dagger Throw","Lantern","Tingsha","Dodge and Roll","Infinite Blades","Metamorphosis","Deflect","Cloak And Dagger","Sling","Art of War","Incense Burner","Whetstone"],"campfire_rested":4,"item_purchase_floors":[19,19,19,40,40,40,40,40,40,40,40,40,40,40],"current_hp_per_floor":[70,70,70,70,70,31,31,24,24,45,27,27,20,15,36,15,70,70,70,70,70,70,70,70,70,70,70,70,69,67,67,67,66,70,70,70,70,60,44,44,21,18,18,18,18,39,57,56,70,53],"gold":39,"neow_bonus":"THREE_ENEMY_KILL","is_prod":false,"is_daily":false,"chose_seed":false,"campfire_upgraded":5,"win_rate":0,"timestamp":1542923080,"path_taken":["M","M","?","?","?","E","R","E","T","R","E","R","?","E","R","BOSS","M","$","?","?","M","R","E","M","T","?","R","E","M","E","R","BOSS","M","?","M","?","M","$","E","M","T","E","?","R","?","E","R","BOSS"],"build_version":"2018-11-15","purchased_purges":3,"victory":true,"max_hp_per_floor":[70,70,70,70,70,70,70,70,70,70,70,70,70,70,70,70,70,70,70,70,70,70,70,70,70,70,70,70,70,70,70,70,70,70,70,70,70,70,70,70,70,70,70,70,70,70,70,70,70,70],"card_choices":[{"not_picked":["Deflect","Cloak And Dagger"],"picked":"Blur","floor":1},{"not_picked":["Bane","Heel Hook"],"picked":"Dodge and Roll","floor":2},{"not_picked":["Underhanded Strike","Deflect"],"picked":"Sucker Punch","floor":5},{"not_picked":["Prepared","Dagger Spray"],"picked":"Dagger Throw","floor":6},{"not_picked":["Accuracy","Bouncing Flask"],"picked":"Infinite Blades","floor":8},{"not_picked":["Choke","Noxious Fumes"],"picked":"Reflex","floor":11},{"not_picked":["Dagger Spray","Outmaneuver"],"picked":"Masterful Stab","floor":13},{"not_picked":["Setup","Bane"],"picked":"All Out Attack","floor":14},{"not_picked":["Venomology","Grand Finale"],"picked":"Adrenaline","floor":16},{"not_picked":["Poisoned Stab+1","Sucker Punch"],"picked":"Caltrops","floor":18},{"not_picked":["Bane+1","Dagger Spray"],"picked":"Quick Slash","floor":21},{"not_picked":["Poisoned Stab","Heel Hook"],"picked":"Deflect+1","floor":22},{"not_picked":["Choke+1","Deadly Poison"],"picked":"Flying Knee","floor":24},{"not_picked":["Underhanded Strike","Bouncing Flask"],"picked":"Blade Dance","floor":25},{"not_picked":["Dagger Throw","Underhanded Strike"],"picked":"Endless Agony+1","floor":29},{"not_picked":["Flying Knee","Sucker Punch"],"picked":"Adrenaline","floor":30},{"not_picked":["Dodge and Roll","Infinite Blades"],"picked":"Blur","floor":31},{"not_picked":["A Thousand Cuts","Envenom"],"picked":"Malaise","floor":33},{"not_picked":["Tactician+1","Accuracy+1"],"picked":"Footwork","floor":35},{"not_picked":["Prepared","Slice"],"picked":"Escape Plan+1","floor":37},{"not_picked":["Good Instincts","Mind Blast"],"picked":"Violence","floor":38},{"not_picked":["Swift Strike","Magnetism"],"picked":"Panache","floor":38},{"not_picked":["Deep Breath","Enlightenment"],"picked":"Panache","floor":38},{"not_picked":["Quick Slash+1","Dagger Spray+1"],"picked":"Prepared+1","floor":39},{"not_picked":["Noxious Fumes+1","Dagger Spray","Bouncing Flask+1"],"picked":"SKIP","floor":41},{"not_picked":["Prepared","Dodge and Roll"],"picked":"Reflex+1","floor":42},{"not_picked":["Corpse Explosion","Deadly Poison+1"],"picked":"Riddle With Holes","floor":44},{"not_picked":["Night Terror","Prepared"],"picked":"Quick Slash+1","floor":48}],"player_experience":305740,"relics_obtained":[{"floor":6,"key":"FossilizedHelix"},{"floor":8,"key":"Bag of Preparation"},{"floor":9,"key":"Blue Candle"},{"floor":11,"key":"Boot"},{"floor":14,"key":"Oddly Smooth Stone"},{"floor":24,"key":"Tiny Chest"},{"floor":26,"key":"Shuriken"},{"floor":29,"key":"Bag of Marbles"},{"floor":31,"key":"MawBank"},{"floor":34,"key":"Pen Nib"},{"floor":34,"key":"The Courier"},{"floor":34,"key":"Turnip"},{"floor":41,"key":"Ginger"},{"floor":43,"key":"Omamori"},{"floor":44,"key":"Orichalcum"},{"floor":48,"key":"Ninja Scroll"}],"event_choices":[{"damage_healed":0,"gold_gain":0,"player_choice":"Grow","damage_taken":0,"max_hp_gain":0,"max_hp_loss":0,"event_name":"Living Wall","floor":3,"gold_loss":0,"cards_upgraded":["Neutralize"]},{"damage_healed":0,"gold_gain":0,"player_choice":"Upgraded","damage_taken":0,"max_hp_gain":0,"max_hp_loss":0,"event_name":"Upgrade Shrine","floor":4,"gold_loss":0,"cards_upgraded":["Dodge and Roll"]},{"damage_healed":0,"gold_gain":0,"player_choice":"Upgrade","damage_taken":0,"max_hp_gain":0,"max_hp_loss":0,"event_name":"Designer","floor":20,"gold_loss":40,"cards_upgraded":["Caltrops"]},{"damage_healed":0,"gold_gain":0,"player_choice":"Obtained Relic","damage_taken":0,"relics_obtained":["Torii"],"max_hp_gain":0,"max_hp_loss":0,"event_name":"Addict","floor":27,"gold_loss":85},{"damage_healed":0,"gold_gain":999,"player_choice":"Gold","damage_taken":0,"max_hp_gain":0,"max_hp_loss":0,"event_name":"MindBloom","floor":36,"gold_loss":0,"cards_obtained":["Normality","Normality"]},{"damage_healed":0,"gold_gain":0,"player_choice":"Memory 3","damage_taken":10,"max_hp_gain":0,"max_hp_loss":0,"event_name":"SensoryStone","floor":38,"gold_loss":0},{"damage_healed":18,"gold_gain":0,"player_choice":"Writhe","damage_taken":0,"max_hp_gain":0,"max_hp_loss":0,"event_name":"Winding Halls","floor":47,"gold_loss":0,"cards_obtained":["Writhe"]}],"is_beta":false,"boss_relics":[{"not_picked":["Fusion Hammer","Sozu"],"picked":"Cursed Key"},{"not_picked":["Coffee Dripper","Velvet Choker"],"picked":"Calling Bell"}],"items_purged_floors":[19,40,45],"is_endless":false,"potions_floor_spawned":[2,6,13,18,25,31,33,35,37,48],"ascension_level":3}