{"gold_per_floor":[116,129,129,148,208,240,240,265,292,324,39,39,52,27,27,131,131,150,161,211,360,410,410,435,435,461,486,605,655,675,690,690,790,790,800,405,416,466,39,64,64,97,143,173,184,198,228,378,378,378],"floor_reached":51,"playtime":2026,"items_purged":["Strike_R","Strike_R","Strike_R"],"score":1166,"play_id":"c73fa3f5-98dc-476b-ac39-06f5a512167b","local_time":"20181212014849","is_ascension_mode":true,"campfire_choices":[{"data":"Perfected Strike","floor":7,"key":"SMITH"},{"floor":12,"key":"REST"},{"data":"Armaments","floor":15,"key":"SMITH"},{"floor":23,"key":"REST"},{"data":"Flame Barrier","floor":25,"key":"SMITH"},{"data":"Fiend Fire","floor":32,"key":"SMITH"},{"data":"Apotheosis","floor":41,"key":"SMITH"},{"data":"Heavy Blade","floor":49,"key":"SMITH"}],"neow_cost":"NONE","seed_source_timestamp":245045861336430,"circlet_count":0,"master_deck":["Strike_R","Strike_R+1","Defend_R","Defend_R","Defend_R+1","Defend_R","Bash","Perfected Strike+1","Twin Strike","Hemokinesis+1","Twin Strike","Reckless Charge","Armaments+1","Seeing Red","Battle Trance","Flame Barrier+1","Reaper","Shrug It Off","Dual Wield+1","Writhe","Wild Strike+1","Fiend Fire+1","Shrug It Off","Pommel Strike+1","Thunderclap","Bludgeon","True Grit+1","Headbutt","Apotheosis+1","Bandage Up+1","Panacea","Flame Barrier","Warcry+1","Heavy Blade+1","Shrug It Off+1","Exhume+1","Warcry+1","Shrug It Off+1"],"relics":["Burning Blood","SsserpentHead","Self Forming Clay","PreservedInsect","Whetstone","Orichalcum","Brimstone","Eternal Feather","Nilry\u0027s Codex","Pocketwatch","Art of War","Vajra","Lantern","Meat on the Bone","Philosopher\u0027s Stone","Omamori","Happy Flower","Torii","Potion Belt","Toxic Egg 2","War Paint","Ice Cream","Juzu Bracelet","Du-Vu Doll"],"potions_floor_usage":[6,24,31,33,42,50,50,50,50,50],"damage_taken":[{"damage":1,"enemies":"Cultist","floor":1,"turns":3},{"damage":0,"enemies":"2 Louse","floor":2,"turns":3},{"damage":0,"enemies":"Small Slimes","floor":4,"turns":3},{"damage":17,"enemies":"3 Louse","floor":5,"turns":4},{"damage":23,"enemies":"Lagavulin","floor":6,"turns":3},{"damage":27,"enemies":"3 Sentries","floor":8,"turns":6},{"damage":22,"enemies":"Lagavulin","floor":10,"turns":3},{"damage":2,"enemies":"2 Fungi Beasts","floor":13,"turns":2},{"damage":50,"enemies":"Hexaghost","floor":16,"turns":6},{"damage":19,"enemies":"Shell Parasite","floor":18,"turns":4},{"damage":12,"enemies":"Chosen","floor":19,"turns":4},{"damage":47,"enemies":"Gremlin Leader","floor":24,"turns":5},{"damage":33,"enemies":"Slavers","floor":27,"turns":4},{"damage":25,"enemies":"Snake Plant","floor":30,"turns":3},{"damage":17,"enemies":"Shelled Parasite and Fungi","floor":31,"turns":5},{"damage":19,"enemies":"Automaton","floor":33,"turns":4},{"damage":8,"enemies":"3 Shapes","floor":35,"turns":5},{"damage":12,"enemies":"Orb Walker","floor":37,"turns":2},{"damage":30,"enemies":"Nemesis","floor":40,"turns":3},{"damage":31,"enemies":"Reptomancer","floor":42,"turns":4},{"damage":10,"enemies":"Giant Head","floor":44,"turns":5},{"damage":3,"enemies":"4 Shapes","floor":45,"turns":5},{"damage":26,"enemies":"3 Darklings","floor":46,"turns":4},{"damage":30,"enemies":"Reptomancer","floor":47,"turns":4},{"damage":0,"enemies":"Mind Bloom Boss Battle","floor":48,"turns":2},{"damage":75,"enemies":"Awakened One","floor":50,"turns":7}],"seed_played":"2288585709518207328","potions_obtained":[{"floor":1,"key":"FearPotion"},{"floor":6,"key":"Energy Potion"},{"floor":8,"key":"EssenceOfSteel"},{"floor":13,"key":"Ancient Potion"},{"floor":27,"key":"Regen Potion"},{"floor":30,"key":"Block Potion"},{"floor":33,"key":"SpeedPotion"},{"floor":35,"key":"Energy Potion"},{"floor":44,"key":"Fire Potion"},{"floor":46,"key":"Ancient Potion"},{"floor":47,"key":"Poison Potion"}],"is_trial":false,"path_per_floor":["M","M","?","M","M","E","R","E","T","E","$","R","M","$","R","B",null,"M","M","?","?","?","R","E","R","T","E","T","?","M","M","R","B",null,"M","$","M","?","$","E","R","E","T","E","M","M","E","?","R","B",null],"character_chosen":"IRONCLAD","items_purchased":["Brimstone","Battle Trance","Omamori","Happy Flower","Torii"],"campfire_rested":2,"item_purchase_floors":[11,11,36,36,39],"current_hp_per_floor":[85,88,88,88,77,60,60,39,39,23,23,49,53,53,53,9,68,55,57,41,41,41,79,48,60,60,54,54,54,47,61,76,63,82,88,88,82,72,72,52,70,69,69,71,88,74,87,88,88,34],"gold":378,"neow_bonus":"TEN_PERCENT_HP_BONUS","is_prod":false,"is_daily":false,"chose_seed":false,"campfire_upgraded":6,"win_rate":0,"timestamp":1544597329,"path_taken":["M","M","?","M","?","E","R","E","T","E","$","R","M","?","R","BOSS","M","M","?","?","?","R","E","R","T","E","?","?","M","M","R","BOSS","M","$","M","?","$","E","R","E","T","E","M","M","E","?","R","BOSS"],"build_version":"2018-12-06","purchased_purges":3,"victory":true,"max_hp_per_floor":[88,88,88,88,88,88,88,88,88,88,88,88,88,88,88,88,88,88,88,88,88,88,88,88,88,88,88,88,88,88,88,88,88,88,88,88,88,88,88,88,88,88,88,88,88,88,88,88,88,88],"card_choices":[{"not_picked":["Intimidate","Sword Boomerang"],"picked":"Perfected Strike","floor":1},{"not_picked":["Heavy Blade","Cleave"],"picked":"Twin Strike","floor":2},{"not_picked":["Cleave","Sword Boomerang"],"picked":"Hemokinesis","floor":4},{"not_picked":["Clothesline","Cleave"],"picked":"Twin Strike","floor":5},{"not_picked":["Clash","Reaper"],"picked":"Reckless Charge","floor":6},{"not_picked":["Clothesline","Heavy Blade"],"picked":"Armaments","floor":8},{"not_picked":["Inflame","Clash"],"picked":"Seeing Red","floor":10},{"not_picked":["Warcry","Rampage"],"picked":"Flame Barrier","floor":13},{"not_picked":["Feed","Fiend Fire"],"picked":"Reaper","floor":16},{"not_picked":["Flex","Hemokinesis"],"picked":"Shrug It Off","floor":18},{"not_picked":["Sever Soul","Perfected Strike"],"picked":"Dual Wield+1","floor":19},{"not_picked":["Iron Wave","Flex"],"picked":"Wild Strike+1","floor":24},{"not_picked":["Double Tap","Rupture"],"picked":"Fiend Fire","floor":27},{"not_picked":["Cleave","Perfected Strike"],"picked":"Pommel Strike+1","floor":30},{"not_picked":["Carnage","Body Slam"],"picked":"Thunderclap","floor":31},{"not_picked":["Barricade","Juggernaut"],"picked":"Bludgeon","floor":33},{"not_picked":["Pommel Strike+1","Body Slam+1"],"picked":"True Grit+1","floor":35},{"not_picked":["True Grit+1","Dropkick"],"picked":"Headbutt","floor":37},{"not_picked":["Dramatic Entrance","Finesse"],"picked":"Apotheosis","floor":38},{"not_picked":["HandOfGreed","Metamorphosis"],"picked":"Bandage Up","floor":38},{"not_picked":["PanicButton","Dark Shackles"],"picked":"Panacea","floor":38},{"not_picked":["Pommel Strike","Fire Breathing+1"],"picked":"Flame Barrier","floor":40},{"not_picked":["Flex+1","Barricade"],"picked":"Warcry+1","floor":42},{"not_picked":["Spot Weakness+1","Headbutt"],"picked":"Heavy Blade","floor":44},{"not_picked":["Wild Strike","Havoc+1"],"picked":"Shrug It Off+1","floor":45},{"not_picked":["Body Slam+1","Reckless Charge"],"picked":"Exhume+1","floor":46},{"not_picked":["Infernal Blade+1","Havoc+1"],"picked":"Warcry+1","floor":47},{"not_picked":["Bloodletting+1","Pommel Strike"],"picked":"Shrug It Off+1","floor":48}],"player_experience":382067,"relics_obtained":[{"floor":6,"key":"Self Forming Clay"},{"floor":8,"key":"PreservedInsect"},{"floor":9,"key":"Whetstone"},{"floor":10,"key":"Orichalcum"},{"floor":20,"key":"Nilry\u0027s Codex"},{"floor":24,"key":"Art of War"},{"floor":26,"key":"Vajra"},{"floor":27,"key":"Lantern"},{"floor":28,"key":"Meat on the Bone"},{"floor":40,"key":"Potion Belt"},{"floor":42,"key":"Toxic Egg 2"},{"floor":43,"key":"War Paint"},{"floor":44,"key":"Ice Cream"},{"floor":47,"key":"Juzu Bracelet"},{"floor":48,"key":"Du-Vu Doll"}],"event_choices":[{"damage_healed":0,"gold_gain":0,"player_choice":"Trade","damage_taken":0,"relics_obtained":["SsserpentHead"],"max_hp_gain":0,"max_hp_loss":0,"event_name":"FaceTrader","floor":3,"gold_loss":0},{"damage_healed":0,"gold_gain":0,"player_choice":"Obtained Book","damage_taken":16,"max_hp_gain":0,"max_hp_loss":0,"event_name":"Cursed Tome","floor":20,"gold_loss":0},{"damage_healed":0,"gold_gain":99,"player_choice":"Stole From Cult","damage_taken":0,"max_hp_gain":0,"max_hp_loss":0,"event_name":"Nest","floor":21,"gold_loss":0},{"damage_healed":0,"gold_gain":0,"player_choice":"Opened","damage_taken":0,"relics_obtained":["Pocketwatch"],"max_hp_gain":0,"max_hp_loss":0,"event_name":"The Mausoleum","floor":22,"gold_loss":0,"cards_obtained":["Writhe"]},{"damage_healed":0,"gold_gain":0,"player_choice":"Read","damage_taken":0,"max_hp_gain":0,"max_hp_loss":0,"event_name":"The Library","floor":29,"gold_loss":0,"cards_obtained":["Shrug It Off"]},{"damage_healed":0,"gold_gain":0,"player_choice":"Memory 3","damage_taken":10,"max_hp_gain":0,"max_hp_loss":0,"event_name":"SensoryStone","floor":38,"gold_loss":0},{"damage_healed":0,"gold_gain":0,"player_choice":"Fight","damage_taken":0,"max_hp_gain":0,"max_hp_loss":0,"event_name":"MindBloom","floor":48,"gold_loss":0}],"is_beta":false,"boss_relics":[{"not_picked":["Ectoplasm","Orrery"],"picked":"Eternal Feather"},{"not_picked":["Velvet Choker","Fusion Hammer"],"picked":"Philosopher\u0027s Stone"}],"items_purged_floors":[14,36,39],"is_endless":false,"potions_floor_spawned":[1,6,8,13,18,27,30,33,35,44,46,47],"ascension_level":7}