{"gold_per_floor":[359,64,64,64,78,78,78,78,78,107,120,138,148,148,148,148],"floor_reached":16,"playtime":474,"items_purged":[],"score":150,"play_id":"4de43b63-4c8c-45bd-9465-ee0dd5672455","local_time":"20181223020146","is_ascension_mode":true,"campfire_choices":[{"data":"Feed","floor":6,"key":"SMITH"},{"data":"Bash","floor":8,"key":"SMITH"},{"data":"Carnage","floor":15,"key":"SMITH"}],"neow_cost":"PERCENT_DAMAGE","seed_source_timestamp":807020036058116,"circlet_count":0,"master_deck":["AscendersBane","Strike_R","Strike_R","Strike_R","Strike_R","Defend_R","Defend_R","Defend_R","Defend_R","Bash+1","Entrench+1","Feel No Pain","Feed+1","Flame Barrier+1","Clothesline","Disarm","Carnage+1"],"relics":["Burning Blood","Mummified Hand","Calipers","Lantern"],"potions_floor_usage":[16,16],"damage_taken":[{"damage":15,"enemies":"Small Slimes","floor":1,"turns":4},{"damage":23,"enemies":"Jaw Worm","floor":5,"turns":7},{"damage":29,"enemies":"Gremlin Nob","floor":10,"turns":5},{"damage":0,"enemies":"2 Louse","floor":11,"turns":2},{"damage":8,"enemies":"Red Slaver","floor":12,"turns":4},{"damage":6,"enemies":"2 Fungi Beasts","floor":13,"turns":2},{"damage":99,"enemies":"Slime Boss","floor":16,"turns":11}],"seed_played":"8382234712719437588","potions_obtained":[{"floor":5,"key":"Regen Potion"},{"floor":11,"key":"Energy Potion"},{"floor":12,"key":"Regen Potion"}],"is_trial":false,"path_per_floor":["M","$","?","?","M","R","?","R","T","E","M","M","M","?","R","B"],"character_chosen":"IRONCLAD","items_purchased":["Mummified Hand","Feel No Pain"],"campfire_rested":0,"item_purchase_floors":[2,2],"current_hp_per_floor":[42,42,35,61,44,44,44,44,44,21,31,33,37,37,37,0],"gold":148,"neow_bonus":"TWO_FIFTY_GOLD","is_prod":false,"is_daily":false,"chose_seed":false,"campfire_upgraded":3,"win_rate":0,"timestamp":1545548506,"path_taken":["M","$","?","?","M","R","?","R","T","E","M","?","M","?","R","BOSS"],"build_version":"2018-12-20","purchased_purges":0,"victory":false,"max_hp_per_floor":[80,80,80,80,80,80,80,80,80,80,84,88,92,92,92,92],"card_choices":[{"not_picked":["Thunderclap","Iron Wave"],"picked":"Entrench","floor":1},{"not_picked":["Wild Strike","Clash"],"picked":"Feed","floor":5},{"not_picked":["Headbutt","Sentinel"],"picked":"Flame Barrier","floor":10},{"not_picked":["Bloodletting","Burning Pact"],"picked":"Clothesline","floor":11},{"not_picked":["Spot Weakness","Perfected Strike"],"picked":"Disarm","floor":12},{"not_picked":["Intimidate","Wild Strike"],"picked":"Carnage","floor":13}],"player_experience":425814,"relics_obtained":[{"floor":9,"key":"Calipers"},{"floor":10,"key":"Lantern"}],"event_choices":[{"cards_removed":["Strike_R"],"damage_healed":0,"gold_gain":0,"player_choice":"Card Removal","damage_taken":7,"max_hp_gain":0,"max_hp_loss":0,"event_name":"Golden Wing","floor":3,"gold_loss":0},{"damage_healed":26,"gold_gain":0,"player_choice":"Banana","damage_taken":0,"max_hp_gain":0,"max_hp_loss":0,"event_name":"Big Fish","floor":4,"gold_loss":0},{"damage_healed":0,"gold_gain":0,"player_choice":"Upgraded","damage_taken":0,"max_hp_gain":0,"max_hp_loss":0,"event_name":"Upgrade Shrine","floor":7,"gold_loss":0,"cards_upgraded":["Entrench"]},{"damage_healed":0,"gold_gain":0,"player_choice":"Grow","damage_taken":0,"max_hp_gain":0,"max_hp_loss":0,"event_name":"Living Wall","floor":14,"gold_loss":0,"cards_upgraded":["Flame Barrier"]}],"is_beta":false,"boss_relics":[],"items_purged_floors":[],"is_endless":false,"potions_floor_spawned":[5,11,12],"killed_by":"Slime Boss","ascension_level":10}