{"gold_per_floor":[116,116,132,207,382,382,396,26,26,59,77,109,19,29,29,29],"floor_reached":16,"playtime":630,"items_purged":["Doubt"],"score":157,"play_id":"c7f087ff-4fd1-4b69-9b38-51e005d8fecf","local_time":"20181125044726","is_ascension_mode":true,"campfire_choices":[{"floor":6,"key":"RECALL"},{"floor":15,"key":"REST"}],"neow_cost":"PERCENT_DAMAGE","seed_source_timestamp":143200198038681,"circlet_count":0,"master_deck":["Strike_R","Strike_R","Strike_R","Strike_R","Strike_R","Defend_R","Defend_R","Defend_R","Defend_R","Bash","Body Slam+1","Metallicize","Body Slam","Dual Wield","Shrug It Off","Disarm","Shrug It Off","Whirlwind","Feel No Pain"],"relics":["Burning Blood","Red Skull","Strawberry","Bronze Scales","Ancient Tea Set"],"potions_floor_usage":[12,14],"damage_taken":[{"damage":15,"enemies":"Jaw Worm","floor":1,"turns":5},{"damage":0,"enemies":"Small Slimes","floor":3,"turns":3},{"damage":2,"enemies":"Cultist","floor":7,"turns":5},{"damage":46,"enemies":"3 Sentries","floor":10,"turns":11},{"damage":0,"enemies":"Large Slime","floor":11,"turns":5},{"damage":23,"enemies":"Gremlin Nob","floor":12,"turns":4},{"damage":10,"enemies":"Lots of Slimes","floor":14,"turns":3},{"damage":60,"enemies":"Slime Boss","floor":16,"turns":9}],"seed_played":"6150352610131405124","potions_obtained":[{"floor":1,"key":"Regen Potion"},{"floor":10,"key":"Dexterity Potion"},{"floor":12,"key":"SkillPotion"}],"is_trial":false,"path_per_floor":["M","?","M","?","?","R","M","$","T","E","M","E","$","M","R","B"],"character_chosen":"IRONCLAD","items_purchased":["Red Skull","Strawberry","Shrug It Off","Whirlwind"],"campfire_rested":1,"item_purchase_floors":[8,8,13,13],"current_hp_per_floor":[63,63,69,58,58,58,62,69,69,29,35,27,27,23,53,0],"gold":29,"neow_bonus":"TWENTY_PERCENT_HP_BONUS","is_prod":false,"is_daily":false,"chose_seed":false,"campfire_upgraded":0,"win_rate":0,"timestamp":1543139246,"path_taken":["M","?","M","?","?","R","M","$","T","E","M","E","$","?","R","BOSS"],"build_version":"2018-11-15","purchased_purges":1,"victory":false,"max_hp_per_floor":[96,96,96,96,96,96,96,103,103,103,103,103,103,103,103,103],"card_choices":[{"not_picked":["Searing Blow","Iron Wave"],"picked":"Body Slam","floor":1},{"not_picked":["Iron Wave","Clash"],"picked":"Metallicize","floor":3},{"not_picked":["Inflame","Intimidate"],"picked":"Body Slam","floor":7},{"not_picked":["Sentinel","True Grit"],"picked":"Dual Wield","floor":10},{"not_picked":["Headbutt","Iron Wave"],"picked":"Shrug It Off","floor":11},{"not_picked":["Sword Boomerang","Combust"],"picked":"Disarm","floor":12},{"not_picked":["Spot Weakness","Clothesline"],"picked":"Feel No Pain","floor":14}],"player_experience":313372,"relics_obtained":[{"floor":10,"key":"Bronze Scales"},{"floor":12,"key":"Ancient Tea Set"}],"event_choices":[{"damage_healed":0,"gold_gain":0,"player_choice":"Grow","damage_taken":0,"max_hp_gain":0,"max_hp_loss":0,"event_name":"Living Wall","floor":2,"gold_loss":0,"cards_upgraded":["Body Slam"]},{"damage_healed":0,"gold_gain":75,"player_choice":"Gather Gold","damage_taken":11,"max_hp_gain":0,"max_hp_loss":0,"event_name":"World of Goop","floor":4,"gold_loss":0},{"damage_healed":0,"gold_gain":175,"player_choice":"AGREE","damage_taken":0,"max_hp_gain":0,"max_hp_loss":0,"event_name":"Liars Game","floor":5,"gold_loss":0,"cards_obtained":["Doubt"]}],"is_beta":false,"boss_relics":[],"items_purged_floors":[8],"is_endless":false,"potions_floor_spawned":[1,10,12],"killed_by":"Slime Boss","ascension_level":4}