{"gold_per_floor":[117,117,137,137,98,98,124,141,141,151,151,165,2,14,14,111,111,130,55,0],"floor_reached":20,"playtime":1339,"items_purged":["Defend_R"],"score":174,"play_id":"a8b18515-c5f3-4986-9d46-0a26d61d32b2","local_time":"20190207235022","is_ascension_mode":false,"campfire_choices":[{"data":"Whirlwind","floor":6,"key":"SMITH"},{"floor":15,"key":"REST"}],"neow_cost":"NONE","seed_source_timestamp":38342949448666,"circlet_count":0,"master_deck":["Strike_R+1","Strike_R+1","Strike_R+1","Defend_R+1","Defend_R","Defend_R","Bash","Whirlwind+1","Entrench","Combust","Blood for Blood","Armaments","Shockwave","Clothesline","Ghostly Armor","Berserk","Body Slam","Bludgeon","Power Through+1"],"relics":["Burning Blood","CultistMask","Matryoshka","Regal Pillow","Whetstone","Runic Pyramid"],"potions_floor_usage":[],"damage_taken":[{"damage":1,"enemies":"Small Slimes","floor":1,"turns":4},{"damage":6,"enemies":"Cultist","floor":3,"turns":3},{"damage":25,"enemies":"3 Sentries","floor":7,"turns":4},{"damage":7,"enemies":"Jaw Worm","floor":8,"turns":3},{"damage":3,"enemies":"Large Slime","floor":10,"turns":4},{"damage":10,"enemies":"Exordium Wildlife","floor":12,"turns":3},{"damage":0,"enemies":"Looter","floor":14,"turns":3},{"damage":25,"enemies":"Slime Boss","floor":16,"turns":7},{"damage":45,"enemies":"Shell Parasite","floor":18,"turns":5},{"damage":44,"enemies":"2 Thieves","floor":20,"turns":2}],"seed_played":"-4148491197636295826","potions_obtained":[{"floor":3,"key":"EssenceOfSteel"},{"floor":8,"key":"Swift Potion"},{"floor":12,"key":"LiquidBronze"}],"is_trial":false,"path_per_floor":["M","?","M","?","$","R","E","M","T","M","?","M","$","M","R","B",null,"M","$","M"],"character_chosen":"IRONCLAD","items_purchased":["Blood for Blood","Berserk"],"campfire_rested":1,"item_purchase_floors":[5,13],"current_hp_per_floor":[80,80,80,73,73,73,54,53,53,56,40,36,36,42,80,61,80,41,41,0],"gold":0,"neow_bonus":"TRANSFORM_CARD","is_prod":false,"is_daily":false,"chose_seed":false,"campfire_upgraded":1,"win_rate":0.0,"timestamp":1549579822,"path_taken":["M","?","?","?","?","R","E","M","T","M","?","?","$","M","R","BOSS","M","$","M"],"build_version":"2019-01-23","purchased_purges":1,"victory":false,"max_hp_per_floor":[80,80,80,80,80,80,80,80,80,80,80,80,80,80,80,80,80,80,80,80],"card_choices":[{"not_picked":["Anger","Iron Wave"],"picked":"Entrench","floor":1},{"not_picked":["Perfected Strike","Thunderclap"],"picked":"Combust","floor":3},{"not_picked":["Combust","True Grit"],"picked":"Armaments","floor":7},{"not_picked":["Body Slam","Sever Soul"],"picked":"Shockwave","floor":8},{"not_picked":["Twin Strike","Anger"],"picked":"Clothesline","floor":10},{"not_picked":["Perfected Strike","Reckless Charge"],"picked":"Ghostly Armor","floor":12},{"not_picked":["Reckless Charge","Flex"],"picked":"Body Slam","floor":14},{"not_picked":["Offering","Dark Embrace"],"picked":"Bludgeon","floor":16},{"not_picked":["Flex","Sword Boomerang"],"picked":"Power Through+1","floor":18}],"player_experience":32946,"relics_obtained":[{"floor":7,"key":"Matryoshka"},{"floor":9,"key":"Regal Pillow"},{"floor":9,"key":"Whetstone"}],"event_choices":[{"damage_healed":0,"gold_gain":0,"player_choice":"Trade","damage_taken":0,"relics_obtained":["CultistMask"],"max_hp_gain":0,"max_hp_loss":0,"event_name":"FaceTrader","floor":2,"gold_loss":0},{"cards_removed":["Strike_R"],"damage_healed":0,"gold_gain":0,"player_choice":"Card Removal","damage_taken":7,"max_hp_gain":0,"max_hp_loss":0,"event_name":"Golden Wing","floor":4,"gold_loss":0},{"damage_healed":0,"gold_gain":0,"player_choice":"Entered Light","damage_taken":16,"max_hp_gain":0,"max_hp_loss":0,"event_name":"Shining Light","floor":11,"gold_loss":0,"cards_upgraded":["Strike_R","Defend_R"]}],"is_beta":false,"boss_relics":[{"not_picked":["Ectoplasm","White Beast Statue"],"picked":"Runic Pyramid"}],"items_purged_floors":[19],"is_endless":false,"potions_floor_spawned":[3,8,12,14],"killed_by":"2 Thieves","ascension_level":0}