{"gold_per_floor":[109,109,125,50,125,156,156,182,182,198,373,373,648,358,358,454,454,470,493,224,242,257,284,296,396,444,444,460,470,144,160,160,260,260,280,280,241,241,258,258,289,289,289,301,320,2,15,15,15,15],"floor_reached":51,"playtime":6511,"items_purged":["Regret","Regret","Doubt"],"score":730,"play_id":"e2a9f249-d9cc-467c-ae95-8bdaa19e1b23","local_time":"20181209205736","is_ascension_mode":false,"campfire_choices":[{"floor":7.0,"key":"REST"},{"floor":12.0,"key":"REST"},{"data":"Fire Breathing","floor":15.0,"key":"SMITH"},{"floor":27,"key":"REST"},{"floor":32,"key":"REST"},{"floor":40,"key":"REST"},{"data":"Shockwave","floor":42,"key":"SMITH"},{"data":"Barricade","floor":49,"key":"SMITH"}],"neow_cost":"NONE","seed_source_timestamp":0,"circlet_count":0,"master_deck":["Bash","Fiend Fire","Shockwave+1","Rampage+1","Fire Breathing+1","Pommel Strike","Clothesline","Dropkick","Seeing Red","Immolate","Ghostly Armor","Flex","Blood for Blood","Cleave","Headbutt","Uppercut","Battle Trance","Warcry+1","Dual Wield+1","Exhume","Corruption+1","Heavy Blade","Flex","Perfected Strike","Burning Pact+1","Thunderclap","Seeing Red+1","Feel No Pain","Intimidate","Inflame","Rage","Bloodletting+1","Rampage+1","Metallicize","Body Slam+1","Barricade+1"],"special_seed":0,"relics":["Burning Blood","Ornamental Fan","Art of War","Dead Branch","Bag of Preparation","Runic Pyramid","Bag of Marbles","Self Forming Clay","Whetstone","FossilizedHelix","Sundial","Potion Belt","Shuriken","Pandora\u0027s Box","War Paint","Pantograph","Happy Flower"],"potions_floor_usage":[28,31,31,33,33,41,41,47,50,50,50],"damage_taken":[{"damage":11.0,"enemies":"Jaw Worm","floor":1.0,"turns":2.0},{"damage":4.0,"enemies":"Cultist","floor":3.0,"turns":3.0},{"damage":22.0,"enemies":"Lagavulin","floor":6.0,"turns":5.0},{"damage":39.0,"enemies":"3 Sentries","floor":8.0,"turns":8.0},{"damage":3.0,"enemies":"Small Slimes","floor":10.0,"turns":3.0},{"damage":23.0,"enemies":"Hexaghost","floor":16.0,"turns":8.0},{"damage":1,"enemies":"Shell Parasite","floor":18,"turns":4},{"damage":0,"enemies":"Chosen","floor":21,"turns":2},{"damage":0,"enemies":"Snake Plant","floor":22,"turns":1},{"damage":14,"enemies":"Book of Stabbing","floor":23,"turns":4},{"damage":24,"enemies":"3 Cultists","floor":24,"turns":5},{"damage":10,"enemies":"Colosseum Slavers","floor":25,"turns":3},{"damage":20,"enemies":"Colosseum Nobs","floor":25,"turns":4},{"damage":25,"enemies":"Centurion and Healer","floor":28,"turns":6},{"damage":18,"enemies":"Cultist and Chosen","floor":29,"turns":5},{"damage":6,"enemies":"3 Cultists","floor":31,"turns":3},{"damage":59,"enemies":"Collector","floor":33,"turns":9},{"damage":0,"enemies":"3 Shapes","floor":35,"turns":2},{"damage":22,"enemies":"Orb Walker","floor":39,"turns":4},{"damage":6,"enemies":"Giant Head","floor":41,"turns":6},{"damage":9,"enemies":"Maw","floor":44,"turns":6},{"damage":9,"enemies":"Sphere and 2 Shapes","floor":45,"turns":4},{"damage":7,"enemies":"4 Shapes","floor":47,"turns":4},{"damage":60,"enemies":"Awakened One","floor":50,"turns":12}],"seed_played":"-1014271921702531933","potions_obtained":[{"floor":16.0,"key":"SteroidPotion"},{"floor":23,"key":"FearPotion"},{"floor":28,"key":"AttackPotion"},{"floor":29,"key":"BloodPotion"},{"floor":33,"key":"Strength Potion"},{"floor":39,"key":"Strength Potion"},{"floor":45,"key":"Explosive Potion"},{"floor":47,"key":"Fire Potion"}],"is_trial":false,"path_per_floor":["M","?","M","$","?","E","R","E","T","M","?","R","?","$","R","B",null,"M","T","$","M","M","E","M","?","T","R","M","M","$","M","R","B",null,"M","?","$","?","M","R","E","R","T","M","M","$","M","?","R","B",null],"character_chosen":"IRONCLAD","items_purchased":["Dropkick","BloodPotion","Seeing Red","Flex","Self Forming Clay","Shuriken","BloodPotion","Rage","Happy Flower","PowerPotion"],"campfire_rested":5,"item_purchase_floors":[14,14,14,20,20,30,30,37,46,46],"current_hp_per_floor":[75,75,77,77,69,53,77,44,44,47,47,71,71,71,71,54,80,80,80,80,80,80,72,54,36,36,60,49,37,37,53,77,24,80,80,80,80,80,64,80,80,80,80,77,74,74,73,73,73,26],"gold":15,"neow_bonus":"ONE_RANDOM_RARE_CARD","is_prod":false,"is_daily":false,"chose_seed":false,"campfire_upgraded":3,"win_rate":0,"timestamp":1544389056,"path_taken":["M","?","M","$","?","E","R","E","T","?","?","R","?","$","R","BOSS","M","?","$","M","M","E","M","?","T","R","M","M","$","M","R","BOSS","M","?","$","?","M","R","E","R","T","M","M","$","M","?","R","BOSS"],"build_version":"2018-12-06","purchased_purges":3,"victory":true,"max_hp_per_floor":[80,80,80,80,80,80,80,80,80,80,80,80,80,80,80,80,80,80,80,80,80,80,80,80,80,80,80,80,80,80,80,80,80,80,80,80,80,80,80,80,80,80,80,80,80,80,80,80,80,80],"card_choices":[{"not_picked":["Perfected Strike","Corruption"],"picked":"Shockwave","floor":1.0},{"not_picked":["Disarm","Havoc"],"picked":"Rampage","floor":3.0},{"not_picked":["Havoc","Pummel"],"picked":"Fire Breathing","floor":6.0},{"not_picked":["Carnage","Clash"],"picked":"Pommel Strike","floor":8.0},{"not_picked":["Wild Strike","Heavy Blade"],"picked":"Clothesline","floor":10.0},{"not_picked":["Demon Form","Brutality"],"picked":"Immolate","floor":16.0},{"not_picked":["Uppercut","Reckless Charge+1"],"picked":"Ghostly Armor","floor":18},{"not_picked":["Anger","Whirlwind"],"picked":"Blood for Blood","floor":21},{"not_picked":["Twin Strike","Whirlwind"],"picked":"Cleave","floor":22},{"not_picked":["Body Slam","Shrug It Off"],"picked":"Headbutt","floor":23},{"not_picked":["Rampage","Perfected Strike"],"picked":"Uppercut","floor":24},{"not_picked":["Perfected Strike","Body Slam"],"picked":"Battle Trance","floor":25},{"not_picked":["Carnage","Twin Strike"],"picked":"Warcry+1","floor":28},{"not_picked":["Flame Barrier","Perfected Strike+1"],"picked":"Rupture+1","floor":29},{"not_picked":["Corruption+1","Iron Wave"],"picked":"Dual Wield+1","floor":31},{"not_picked":["Dark Embrace","Demon Form"],"picked":"Exhume","floor":33},{"not_picked":["Clothesline+1","True Grit"],"picked":"Inflame","floor":35},{"not_picked":["Ghostly Armor+1","Flex+1"],"picked":"Bloodletting+1","floor":39},{"not_picked":["Armaments","Headbutt"],"picked":"Rampage+1","floor":41},{"not_picked":["Clothesline+1","Dual Wield+1"],"picked":"Metallicize","floor":44},{"not_picked":["Flex","Evolve"],"picked":"Body Slam+1","floor":45},{"not_picked":["Iron Wave+1","Wild Strike"],"picked":"Barricade","floor":47}],"player_experience":196717,"relics_obtained":[{"floor":6.0,"key":"Art of War"},{"floor":8.0,"key":"Dead Branch"},{"floor":9.0,"key":"Bag of Preparation"},{"floor":19,"key":"Bag of Marbles"},{"floor":23,"key":"Whetstone"},{"floor":25,"key":"FossilizedHelix"},{"floor":25,"key":"Sundial"},{"floor":26,"key":"Potion Belt"},{"floor":41,"key":"War Paint"},{"floor":43,"key":"Pantograph"}],"event_choices":[{"damage_healed":0.0,"max_hp_gain":0.0,"max_hp_loss":0.0,"gold_gain":0.0,"event_name":"Big Fish","player_choice":"Box","floor":2.0,"gold_loss":0.0,"damage_taken":0.0,"relics_obtained":["Ornamental Fan"],"cards_obtained":["Regret"]},{"damage_healed":0.0,"max_hp_gain":0.0,"max_hp_loss":0.0,"gold_gain":75.0,"event_name":"FaceTrader","player_choice":"Touch","floor":5.0,"gold_loss":0.0,"damage_taken":8.0},{"damage_healed":0.0,"max_hp_gain":0.0,"max_hp_loss":0.0,"gold_gain":175.0,"event_name":"Liars Game","player_choice":"AGREE","floor":11.0,"gold_loss":0.0,"damage_taken":0.0,"cards_obtained":["Doubt"]},{"damage_healed":0.0,"max_hp_gain":0.0,"max_hp_loss":0.0,"gold_gain":275.0,"event_name":"Golden Shrine","player_choice":"Desecrate","floor":13.0,"gold_loss":0.0,"damage_taken":0.0,"cards_obtained":["Regret"]},{"damage_healed":0,"gold_gain":0,"player_choice":"Fight","damage_taken":0,"max_hp_gain":0,"max_hp_loss":0,"event_name":"Colosseum","floor":25,"gold_loss":0},{"damage_healed":0,"gold_gain":0,"player_choice":"Fought Nobs","damage_taken":0,"max_hp_gain":0,"max_hp_loss":0,"event_name":"Colosseum","floor":25,"gold_loss":0},{"damage_healed":0,"gold_gain":0,"player_choice":"Ignored","damage_taken":0,"max_hp_gain":0,"max_hp_loss":0,"event_name":"Tomb of Lord Red Mask","floor":36,"gold_loss":0},{"cards_removed":["Rupture"],"damage_healed":0,"gold_gain":0,"player_choice":"Removed Power","damage_taken":0,"max_hp_gain":0,"max_hp_loss":0,"event_name":"Falling","floor":38,"gold_loss":0},{"damage_healed":0,"gold_gain":0,"player_choice":"Upgraded","damage_taken":0,"max_hp_gain":0,"max_hp_loss":0,"event_name":"Upgrade Shrine","floor":48,"gold_loss":0,"cards_upgraded":["Corruption"]}],"is_beta":false,"boss_relics":[{"not_picked":["Velvet Choker","Sozu"],"picked":"Runic Pyramid"},{"not_picked":["Philosopher\u0027s Stone","Empty Cage"],"picked":"Pandora\u0027s Box"}],"items_purged_floors":[4,14,46],"is_endless":false,"potions_floor_spawned":[16,23,25,28,29,33,39,45,47],"ascension_level":0}