{"gold_per_floor":[115,115,115,125,50,50,80,80,103,119,129,158,8,20,20,121,121,104,104,104,124,124],"floor_reached":22,"playtime":1655,"items_purged":["Regret","Strike_B"],"score":318,"play_id":"e862f125-e207-48bc-aa57-dc50b8303bf0","local_time":"20181129154642","is_ascension_mode":true,"campfire_choices":[{"floor":6,"key":"RECALL"},{"data":"Zap","floor":8,"key":"SMITH"},{"floor":15,"key":"REST"}],"neow_cost":"NONE","seed_source_timestamp":490800112064902,"circlet_count":0,"master_deck":["Strike_B","Strike_B","Defend_B","Defend_B","Defend_B","Defend_B","Zap+1","Dualcast","Ball Lightning","Ball Lightning","Leap","Redo","Sweeping Beam","Consume","Redo+1","Beam Cell","Buffer","Loop+1","Go for the Eyes"],"relics":["Cracked Core","NeowsBlessing","StoneCalendar","Unceasing Top","Girya","Inserter"],"potions_floor_usage":[11,16,18],"damage_taken":[{"damage":0,"enemies":"Small Slimes","floor":1,"turns":1},{"damage":0,"enemies":"Jaw Worm","floor":4,"turns":1},{"damage":0,"enemies":"Lagavulin","floor":7,"turns":1},{"damage":0,"enemies":"Cultist","floor":10,"turns":2},{"damage":0,"enemies":"Exordium Thugs","floor":11,"turns":3},{"damage":16,"enemies":"3 Sentries","floor":12,"turns":5},{"damage":3,"enemies":"Blue Slaver","floor":14,"turns":3},{"damage":29,"enemies":"Hexaghost","floor":16,"turns":7},{"damage":34,"enemies":"2 Thieves","floor":18,"turns":4},{"damage":30,"enemies":"3 Byrds","floor":21,"turns":3},{"damage":5,"enemies":"Centurion and Healer","floor":22,"turns":1}],"seed_played":"-264433026009224103","potions_obtained":[{"floor":4,"key":"GamblersBrew"},{"floor":7,"key":"AttackPotion"},{"floor":12,"key":"AttackPotion"}],"is_trial":false,"path_per_floor":["M","?","?","M","$","R","E","R","T","M","M","E","$","M","R","B",null,"M","?","$","M","M"],"character_chosen":"DEFECT","items_purchased":["Redo"],"campfire_rested":1,"item_purchase_floors":[13],"current_hp_per_floor":[68,68,68,68,68,68,68,68,68,68,68,52,52,49,71,42,67,33,33,33,3,0],"gold":124,"neow_bonus":"THREE_ENEMY_KILL","is_prod":false,"is_daily":false,"chose_seed":false,"campfire_upgraded":1,"win_rate":0,"timestamp":1543506402,"path_taken":["M","?","?","M","?","R","E","R","T","?","M","E","$","M","R","BOSS","M","?","$","?","M"],"build_version":"2018-11-15","purchased_purges":2,"victory":false,"max_hp_per_floor":[75,75,75,75,75,75,75,75,75,75,75,75,75,75,75,75,75,75,75,75,75,75],"card_choices":[{"not_picked":["Rebound","Rip and Tear"],"picked":"Ball Lightning","floor":1},{"not_picked":["Undo","Turbo"],"picked":"Leap","floor":4},{"not_picked":["Stack","Undo","Rip and Tear"],"picked":"SKIP","floor":7},{"not_picked":["Stack","Fission"],"picked":"Redo","floor":10},{"not_picked":["Stack","Coolheaded"],"picked":"Sweeping Beam","floor":11},{"not_picked":["Streamline","Tempest"],"picked":"Consume","floor":12},{"not_picked":["Aggregate","Steam"],"picked":"Beam Cell","floor":14},{"not_picked":["Seek","Reboot"],"picked":"Buffer","floor":16},{"not_picked":["Turbo","Streamline"],"picked":"Loop+1","floor":18},{"not_picked":["Rip and Tear+1","Coolheaded"],"picked":"Go for the Eyes","floor":21}],"player_experience":915572,"relics_obtained":[{"floor":7,"key":"Unceasing Top"},{"floor":12,"key":"Girya"}],"event_choices":[{"damage_healed":0,"gold_gain":0,"player_choice":"Box","damage_taken":0,"relics_obtained":["StoneCalendar"],"max_hp_gain":0,"max_hp_loss":0,"event_name":"Big Fish","floor":2,"gold_loss":0,"cards_obtained":["Regret"]},{"damage_healed":0,"gold_gain":0,"cards_transformed":["Strike_B"],"player_choice":"Change","damage_taken":0,"max_hp_gain":0,"max_hp_loss":0,"event_name":"Living Wall","floor":3,"gold_loss":0,"cards_obtained":["Ball Lightning"]},{"damage_healed":0,"gold_gain":0,"player_choice":"Forge","damage_taken":0,"max_hp_gain":0,"max_hp_loss":0,"event_name":"Accursed Blacksmith","floor":19,"gold_loss":0,"cards_upgraded":["Redo"]}],"is_beta":false,"boss_relics":[{"not_picked":["Ectoplasm","FrozenCore"],"picked":"Inserter"}],"items_purged_floors":[5,13],"is_endless":false,"potions_floor_spawned":[4,7,12],"killed_by":"Centurion and Healer","ascension_level":9}