{"gold_per_floor":[15,29,47,67,79,97,97,62,62,96,96,109,136,146,146,243,243,255,255,269,8,8,8],"floor_reached":23,"playtime":778,"items_purged":[],"score":276,"play_id":"6cb01f6f-bd7b-4c80-929e-af9cadf4512a","local_time":"20181218125213","is_ascension_mode":true,"campfire_choices":[{"data":"Zap","floor":11,"key":"SMITH"},{"data":"Coolheaded","floor":15,"key":"SMITH"}],"neow_cost":"NO_GOLD","seed_source_timestamp":251865712277058,"circlet_count":0,"master_deck":["Strike_B+1","Defend_B","Defend_B","Defend_B","Defend_B","Zap+1","Dualcast","Electrodynamics","Ball Lightning","Coolheaded+1","Ball Lightning","Defragment+1","Steam","FTL","Leap","Echo Form","Coolheaded","Loop"],"relics":["Cracked Core","Kunai","Omamori","Ornamental Fan","Empty Cage","Nilry\u0027s Codex","Matryoshka"],"potions_floor_usage":[10,20],"damage_taken":[{"damage":0,"enemies":"Cultist","floor":1,"turns":3},{"damage":2,"enemies":"2 Louse","floor":2,"turns":2},{"damage":0,"enemies":"Small Slimes","floor":3,"turns":2},{"damage":0,"enemies":"3 Louse","floor":4,"turns":2},{"damage":16,"enemies":"Large Slime","floor":5,"turns":5},{"damage":1,"enemies":"Looter","floor":6,"turns":2},{"damage":0,"enemies":"Gremlin Nob","floor":10,"turns":2},{"damage":0,"enemies":"2 Fungi Beasts","floor":12,"turns":2},{"damage":5,"enemies":"3 Sentries","floor":13,"turns":2},{"damage":13,"enemies":"Exordium Thugs","floor":14,"turns":3},{"damage":19,"enemies":"Hexaghost","floor":16,"turns":7},{"damage":0,"enemies":"3 Byrds","floor":18,"turns":2},{"damage":13,"enemies":"2 Thieves","floor":20,"turns":3},{"damage":50,"enemies":"Slavers","floor":23,"turns":3}],"seed_played":"-1935020945559116787","potions_obtained":[{"floor":6,"key":"AttackPotion"},{"floor":10,"key":"FearPotion"},{"floor":12,"key":"SkillPotion"},{"floor":14,"key":"FearPotion"},{"floor":16,"key":"Strength Potion"},{"floor":20,"key":"SmokeBomb"}],"is_trial":false,"path_per_floor":["M","M","M","M","M","M","?","?","T","E","R","M","E","M","R","B",null,"M","?","M","$","?","E"],"character_chosen":"DEFECT","items_purchased":["Matryoshka"],"campfire_rested":0,"item_purchase_floors":[21],"current_hp_per_floor":[75,73,73,73,57,56,41,59,59,59,59,59,54,41,41,22,75,75,59,46,46,46,0],"gold":8,"neow_bonus":"THREE_RARE_CARDS","is_prod":false,"is_daily":false,"chose_seed":false,"campfire_upgraded":2,"win_rate":0,"timestamp":1545159133,"path_taken":["M","M","?","M","M","M","?","?","T","E","R","M","E","M","R","BOSS","M","?","M","$","?","E"],"build_version":"2018-12-13","purchased_purges":0,"victory":false,"max_hp_per_floor":[75,75,75,75,75,75,75,75,75,75,75,75,75,75,75,75,75,75,75,75,75,75,75],"card_choices":[{"not_picked":["Machine Learning","Biased Cognition"],"picked":"Electrodynamics","floor":0},{"not_picked":["Compile Driver","Gash","Rebound"],"picked":"SKIP","floor":1},{"not_picked":["Hologram","Consume"],"picked":"Ball Lightning","floor":2},{"not_picked":["Streamline","Rainbow"],"picked":"Coolheaded","floor":3},{"not_picked":["Fusion","Barrage","Blizzard"],"picked":"SKIP","floor":4},{"not_picked":["Ball Lightning","Melter","Compile Driver"],"picked":"SKIP","floor":5},{"not_picked":["Melter","Compile Driver"],"picked":"Ball Lightning","floor":5},{"not_picked":["Reinforced Body","Stack"],"picked":"Defragment","floor":6},{"not_picked":["Double Energy","Stack"],"picked":"Steam","floor":10},{"not_picked":["Coolheaded","Rebound"],"picked":"FTL","floor":12},{"not_picked":["Sweeping Beam","Meteor Strike","Turbo"],"picked":"SKIP","floor":13},{"not_picked":["Compile Driver","Gash"],"picked":"Leap","floor":14},{"not_picked":["Rainbow","Hyperbeam"],"picked":"Echo Form","floor":16},{"not_picked":["Barrage","Rebound"],"picked":"Coolheaded","floor":18},{"not_picked":["Melter","Barrage+1"],"picked":"Loop","floor":20}],"player_experience":67912,"relics_obtained":[{"floor":9,"key":"Kunai"},{"floor":10,"key":"Omamori"},{"floor":13,"key":"Ornamental Fan"},{"floor":19,"key":"Nilry\u0027s Codex"}],"event_choices":[{"damage_healed":0,"gold_gain":0,"player_choice":"Entered Light","damage_taken":15,"max_hp_gain":0,"max_hp_loss":0,"event_name":"Shining Light","floor":7,"gold_loss":0,"cards_upgraded":["Strike_B","Defragment"]},{"damage_healed":18,"gold_gain":0,"player_choice":"Healed","damage_taken":0,"max_hp_gain":0,"max_hp_loss":0,"event_name":"The Cleric","floor":8,"gold_loss":35},{"damage_healed":0,"gold_gain":0,"player_choice":"Obtained Book","damage_taken":16,"max_hp_gain":0,"max_hp_loss":0,"event_name":"Cursed Tome","floor":19,"gold_loss":0},{"cards_removed":["Strike_B"],"damage_healed":0,"gold_gain":0,"player_choice":"Elegance","damage_taken":0,"max_hp_gain":0,"max_hp_loss":0,"event_name":"Back to Basics","floor":22,"gold_loss":0}],"is_beta":false,"boss_relics":[{"not_picked":["Snecko Eye","Ectoplasm"],"picked":"Empty Cage"}],"items_purged_floors":[],"is_endless":false,"potions_floor_spawned":[6,10,12,14,16,20],"killed_by":"Slavers","ascension_level":4}