{"gold_per_floor":[109,129,79,41,60,60,71,71,71,71,71,11,27,37,37,142,142,155,155,41,56,2,34,34,50,74,89,106,121,121,134,134,134],"floor_reached":33,"playtime":2119,"items_purged":["Strike_R"],"score":326,"play_id":"03675ba6-2167-48e3-87f0-2e155b273f6d","local_time":"20190130030911","is_ascension_mode":true,"campfire_choices":[{"data":"Clothesline","floor":6,"key":"SMITH"},{"data":"Pommel Strike","floor":8,"key":"SMITH"},{"floor":15,"key":"REST"},{"floor":24,"key":"REST"},{"floor":30,"key":"REST"},{"floor":32,"key":"REST"}],"neow_cost":"PERCENT_DAMAGE","seed_source_timestamp":44373805758713,"circlet_count":0,"master_deck":["Strike_R","Strike_R","Defend_R","Defend_R","Defend_R","Bash","Clothesline+1","Shrug It Off","Pommel Strike+1","Rampage","Double Tap","Offering"],"relics":["Burning Blood","Letter Opener","The Courier","Mark of Pain","Darkstone Periapt","Mercury Hourglass","PreservedInsect"],"potions_floor_usage":[16,16,18,18,23,27,28],"damage_taken":[{"damage":15,"enemies":"Small Slimes","floor":1,"turns":5},{"damage":5,"enemies":"Jaw Worm","floor":2,"turns":4},{"damage":1,"enemies":"2 Louse","floor":5,"turns":3},{"damage":0,"enemies":"Large Slime","floor":7,"turns":5},{"damage":20,"enemies":"Exordium Thugs","floor":13,"turns":5},{"damage":3,"enemies":"2 Fungi Beasts","floor":14,"turns":4},{"damage":19,"enemies":"The Guardian","floor":16,"turns":12},{"damage":3,"enemies":"Spheric Guardian","floor":18,"turns":3},{"damage":19,"enemies":"3 Byrds","floor":21,"turns":6},{"damage":50,"enemies":"Slavers","floor":23,"turns":5},{"damage":18,"enemies":"3 Cultists","floor":25,"turns":5},{"damage":16,"enemies":"Centurion and Healer","floor":27,"turns":3},{"damage":9,"enemies":"Snecko","floor":28,"turns":3},{"damage":20,"enemies":"Shelled Parasite and Fungi","floor":29,"turns":3},{"damage":16,"enemies":"Snake Plant","floor":31,"turns":3},{"damage":56,"enemies":"Champ","floor":33,"turns":6}],"seed_played":"2260222516999843480","potions_obtained":[{"floor":1,"key":"SpeedPotion"},{"floor":13,"key":"Explosive Potion"},{"floor":14,"key":"SkillPotion"},{"floor":16,"key":"AttackPotion"},{"floor":18,"key":"FearPotion"},{"floor":21,"key":"AttackPotion"},{"floor":25,"key":"AttackPotion"},{"floor":27,"key":"Fruit Juice"},{"floor":31,"key":"Swift Potion"}],"is_trial":false,"path_per_floor":["M","M","?","?","M","R","M","R","T","?","$","$","M","M","R","B",null,"M","?","$","M","?","E","R","M","T","M","M","M","R","M","R","B"],"character_chosen":"IRONCLAD","items_purchased":["Offering"],"campfire_rested":4,"item_purchase_floors":[20],"current_hp_per_floor":[47,48,48,48,53,53,59,59,59,47,47,47,33,36,60,47,72,75,75,75,62,62,18,42,30,30,20,22,8,33,23,48,0],"gold":134,"neow_bonus":"REMOVE_TWO","is_prod":false,"is_daily":false,"chose_seed":false,"campfire_upgraded":2,"win_rate":0,"timestamp":1548785351,"path_taken":["M","M","?","?","M","R","M","R","T","?","?","$","M","M","R","BOSS","M","?","$","M","?","E","R","M","T","M","M","M","R","?","R","BOSS"],"build_version":"2019-01-23","purchased_purges":1,"victory":false,"max_hp_per_floor":[80,80,80,80,80,80,80,80,80,80,80,80,80,80,80,80,80,80,80,80,80,80,80,80,80,80,80,85,85,85,85,85,85],"card_choices":[{"not_picked":["Sword Boomerang","Flex"],"picked":"Clothesline","floor":1},{"not_picked":["Cleave","Rampage"],"picked":"Shrug It Off","floor":2},{"not_picked":["Shrug It Off","Perfected Strike","Pummel"],"picked":"SKIP","floor":5},{"not_picked":["Iron Wave","Pummel"],"picked":"Pommel Strike","floor":7},{"not_picked":["Berserk","Anger","Evolve"],"picked":"SKIP","floor":13},{"not_picked":["Wild Strike","Clothesline"],"picked":"Rampage","floor":14},{"not_picked":["Offering","Fiend Fire"],"picked":"Double Tap","floor":16},{"not_picked":["Anger","Havoc","Disarm"],"picked":"SKIP","floor":18},{"not_picked":["Combust","Iron Wave","Twin Strike"],"picked":"SKIP","floor":21},{"not_picked":["Warcry","Flex","Bloodletting"],"picked":"SKIP","floor":23},{"not_picked":["Havoc","Battle Trance","Twin Strike"],"picked":"SKIP","floor":25},{"not_picked":["Dropkick","Heavy Blade","Rupture"],"picked":"SKIP","floor":27},{"not_picked":["Entrench","Headbutt","Uppercut+1"],"picked":"SKIP","floor":28},{"not_picked":["Body Slam","Flex","Warcry"],"picked":"SKIP","floor":29},{"not_picked":["Thunderclap+1","Disarm","Wild Strike+1"],"picked":"SKIP","floor":31}],"player_experience":114442,"relics_obtained":[{"floor":9,"key":"Letter Opener"},{"floor":23,"key":"Mercury Hourglass"},{"floor":26,"key":"PreservedInsect"}],"event_choices":[{"cards_removed":["Strike_R"],"damage_healed":0,"gold_gain":0,"player_choice":"Card Removal","damage_taken":0,"max_hp_gain":0,"max_hp_loss":0,"event_name":"The Cleric","floor":3,"gold_loss":50},{"damage_healed":0,"gold_gain":0,"player_choice":"Left Gold","damage_taken":0,"max_hp_gain":0,"max_hp_loss":0,"event_name":"World of Goop","floor":4,"gold_loss":38},{"damage_healed":0,"gold_gain":0,"player_choice":"Success","damage_taken":12,"relics_obtained":["The Courier"],"max_hp_gain":0,"max_hp_loss":0,"event_name":"Scrap Ooze","floor":10,"gold_loss":0},{"damage_healed":0,"gold_gain":0,"player_choice":"Ignored","damage_taken":0,"max_hp_gain":0,"max_hp_loss":0,"event_name":"Ghosts","floor":19,"gold_loss":0},{"damage_healed":0,"gold_gain":0,"player_choice":"Paid Gold","damage_taken":0,"relics_obtained":["Darkstone Periapt"],"max_hp_gain":0,"max_hp_loss":0,"event_name":"WeMeetAgain","floor":22,"gold_loss":54}],"is_beta":false,"boss_relics":[{"not_picked":["Runic Dome","Snecko Eye"],"picked":"Mark of Pain"}],"items_purged_floors":[12],"is_endless":false,"potions_floor_spawned":[1,13,14,16,18,21,25,27,31],"killed_by":"Champ","ascension_level":5}