{"gold_per_floor":[114,132,57,57,7,7,7,23,48,48,63,81,156,176,176,275,275,289,289,277,17,116,116,164,179,248,261,261,183,183,213,213,313,313,323,165,165,165,14,14],"floor_reached":40,"playtime":1548,"items_purged":["Strike_B","Strike_B"],"score":613,"play_id":"0a3632a2-60fd-4650-ab5c-8d2aaedd6660","local_time":"20181226022222","is_ascension_mode":true,"campfire_choices":[{"data":"Fission","floor":6,"key":"SMITH"},{"floor":15,"key":"REST"},{"data":"Chaos","floor":23,"key":"SMITH"},{"floor":28,"key":"REST"},{"data":"Reinforced Body","floor":30,"key":"SMITH"},{"floor":32,"key":"REST"}],"neow_cost":"NONE","seed_source_timestamp":202280201804189,"circlet_count":0,"master_deck":["AscendersBane","Defend_B+1","Defend_B","Defend_B","Defend_B","Zap+1","Dualcast","Static Discharge","Glacier","Fission+1","Chaos+1","Darkness","Redo","Cold Snap","Echo Form","Stack","Steam","Static Discharge","Glacier","Compile Driver","Reinforced Body+1","Electrodynamics","Fission","Heatsinks","Buffer","Tempest","Madness","Madness"],"relics":["FrozenCore","War Paint","Mummified Hand","Bag of Preparation","Runic Dome","Bronze Scales","OrangePellets","Strawberry","Blue Candle","Girya"],"potions_floor_usage":[31,33],"damage_taken":[{"damage":0,"enemies":"Cultist","floor":1,"turns":3},{"damage":7,"enemies":"Jaw Worm","floor":2,"turns":3},{"damage":0,"enemies":"Small Slimes","floor":8,"turns":4},{"damage":0,"enemies":"2 Fungi Beasts","floor":11,"turns":4},{"damage":3,"enemies":"Blue Slaver","floor":12,"turns":3},{"damage":0,"enemies":"Looter","floor":14,"turns":3},{"damage":32,"enemies":"The Guardian","floor":16,"turns":12},{"damage":19,"enemies":"Chosen","floor":18,"turns":6},{"damage":7,"enemies":"2 Thieves","floor":20,"turns":4},{"damage":20,"enemies":"Centurion and Healer","floor":25,"turns":7},{"damage":5,"enemies":"Sentry and Sphere","floor":27,"turns":6},{"damage":34,"enemies":"Slavers","floor":31,"turns":8},{"damage":23,"enemies":"Automaton","floor":33,"turns":11},{"damage":0,"enemies":"3 Darklings","floor":35,"turns":8},{"damage":54,"enemies":"Giant Head","floor":40,"turns":9}],"seed_played":"4947350365328813400","potions_obtained":[{"floor":2,"key":"SteroidPotion"},{"floor":8,"key":"Ancient Potion"},{"floor":12,"key":"Ancient Potion"},{"floor":18,"key":"FocusPotion"},{"floor":25,"key":"Dexterity Potion"}],"is_trial":false,"path_per_floor":["M","M","$","?","?","R","?","M","T","?","M","M","?","M","R","B",null,"M","?","M","$","?","R","T","M","T","M","R","$","R","E","R","B",null,"M","$","?","?","$","E"],"character_chosen":"DEFECT","items_purchased":["OrangePellets","Static Discharge","Reinforced Body","Buffer","Tempest","PowerPotion"],"campfire_rested":3,"item_purchase_floors":[21,21,29,36,36,39],"current_hp_per_floor":[68,61,61,61,61,61,19,19,19,44,44,41,30,30,52,20,61,42,42,35,35,35,35,42,22,22,17,41,41,41,7,31,8,64,64,64,54,54,54,0],"gold":14,"neow_bonus":"RANDOM_COMMON_RELIC","is_prod":false,"is_daily":false,"chose_seed":false,"campfire_upgraded":3,"win_rate":0,"timestamp":1545808942,"path_taken":["M","M","?","?","?","R","?","M","T","?","M","?","?","M","R","BOSS","M","?","?","$","?","R","?","M","T","M","R","?","R","E","R","BOSS","M","$","?","?","?","E"],"build_version":"2018-12-20","purchased_purges":2,"victory":false,"max_hp_per_floor":[75,75,75,75,75,75,75,75,75,75,75,75,75,75,75,75,75,75,75,75,75,75,75,82,82,82,82,82,82,82,82,82,82,82,82,82,82,82,82,82],"card_choices":[{"not_picked":["Turbo","Stack"],"picked":"Static Discharge","floor":1},{"not_picked":["Fusion","Gash"],"picked":"Glacier","floor":2},{"not_picked":["Steam Power","Redo"],"picked":"Chaos","floor":8},{"not_picked":["Turbo","Undo"],"picked":"Darkness","floor":11},{"not_picked":["Reprogram","Melter"],"picked":"Redo","floor":12},{"not_picked":["Ball Lightning","Stack"],"picked":"Cold Snap","floor":14},{"not_picked":["Machine Learning","Reboot"],"picked":"Echo Form","floor":16},{"not_picked":["Rip and Tear","Turbo"],"picked":"Stack","floor":18},{"not_picked":["Genetic Algorithm","Streamline"],"picked":"Steam","floor":20},{"not_picked":["Leap","Streamline"],"picked":"Glacier","floor":25},{"not_picked":["BootSequence+1","Gash"],"picked":"Compile Driver","floor":27},{"not_picked":["Redo","Self Repair"],"picked":"Electrodynamics","floor":31},{"not_picked":["Meteor Strike","Core Surge"],"picked":"Fission","floor":33},{"not_picked":["Barrage","Gash"],"picked":"Heatsinks","floor":35}],"player_experience":436979,"relics_obtained":[{"floor":9,"key":"Bag of Preparation"},{"floor":24,"key":"Strawberry"},{"floor":26,"key":"Blue Candle"},{"floor":31,"key":"Girya"}],"event_choices":[{"damage_healed":0,"gold_gain":0,"cards_transformed":["Strike_B"],"player_choice":"Change","damage_taken":0,"max_hp_gain":0,"max_hp_loss":0,"event_name":"Living Wall","floor":4,"gold_loss":0,"cards_obtained":["Fission"]},{"cards_removed":["Strike_B"],"damage_healed":0,"gold_gain":0,"player_choice":"Card Removal","damage_taken":0,"max_hp_gain":0,"max_hp_loss":0,"event_name":"The Cleric","floor":5,"gold_loss":50},{"damage_healed":0,"gold_gain":0,"player_choice":"Success","damage_taken":42,"relics_obtained":["Mummified Hand"],"max_hp_gain":0,"max_hp_loss":0,"event_name":"Scrap Ooze","floor":7,"gold_loss":0},{"damage_healed":25,"gold_gain":0,"player_choice":"Banana","damage_taken":0,"max_hp_gain":0,"max_hp_loss":0,"event_name":"Big Fish","floor":10,"gold_loss":0},{"damage_healed":0,"gold_gain":75,"player_choice":"Gather Gold","damage_taken":11,"max_hp_gain":0,"max_hp_loss":0,"event_name":"World of Goop","floor":13,"gold_loss":0},{"damage_healed":0,"gold_gain":0,"player_choice":"Gave Potion","damage_taken":0,"relics_obtained":["Bronze Scales"],"max_hp_gain":0,"max_hp_loss":0,"event_name":"WeMeetAgain","floor":19,"gold_loss":0},{"damage_healed":0,"gold_gain":99,"player_choice":"Stole From Cult","damage_taken":0,"max_hp_gain":0,"max_hp_loss":0,"event_name":"Nest","floor":22,"gold_loss":0},{"damage_healed":0,"gold_gain":0,"player_choice":"Embrace Madness","damage_taken":10,"max_hp_gain":0,"max_hp_loss":0,"event_name":"Winding Halls","floor":37,"gold_loss":0,"cards_obtained":["Madness","Madness"]},{"cards_removed":["Strike_B"],"damage_healed":0,"gold_gain":0,"player_choice":"Removed Attack","damage_taken":0,"max_hp_gain":0,"max_hp_loss":0,"event_name":"Falling","floor":38,"gold_loss":0}],"is_beta":false,"boss_relics":[{"not_picked":["Runic Pyramid","Orrery"],"picked":"Runic Dome"},{"not_picked":["Fusion Hammer","Nuclear Battery"],"picked":"FrozenCore"}],"items_purged_floors":[3,39],"is_endless":false,"potions_floor_spawned":[2,8,12,14,18,25],"killed_by":"Giant Head","ascension_level":10}