{"gold_per_floor":[20,20,20,20,20,20,46,46,96,116,42,53,385,153,153,250,250,270,370,285,285,302,337,82,82,82,82,82,108,108],"floor_reached":30,"playtime":935,"items_purged":["Strike_B","Strike_B"],"score":284,"play_id":"dec9d850-ffe0-4f49-92b4-b46d0f502eb9","local_time":"20181028042641","is_ascension_mode":true,"campfire_choices":[{"data":"Storm","floor":6,"key":"SMITH"},{"data":"Dualcast","floor":8,"key":"SMITH"},{"data":"Buffer","floor":15,"key":"SMITH"},{"data":"White Noise","floor":25,"key":"SMITH"},{"data":"Defragment","floor":27,"key":"SMITH"}],"neow_cost":"NO_GOLD","seed_source_timestamp":62373822121257,"circlet_count":0,"master_deck":["Defend_B","Defend_B","Zap","Dualcast+1","Echo Form","Storm+1","Loop","Buffer+1","Storm","Thunder Strike+1","Defragment+1","White Noise+1","Ball Lightning+1"],"relics":["Cracked Core","Meat on the Bone","Bag of Marbles","Old Coin","Black Star","Thread and Needle","Bottled Tornado","Lantern","Pantograph","Bottled Lightning","Blue Candle","Juzu Bracelet","Whetstone"],"potions_floor_usage":[19,19,19,23,30],"damage_taken":[{"damage":6,"enemies":"2 Louse","floor":1,"turns":3},{"damage":22,"enemies":"Gremlin Nob","floor":7,"turns":4},{"damage":1,"enemies":"Cultist","floor":10,"turns":3},{"damage":11,"enemies":"Jaw Worm","floor":12,"turns":3},{"damage":39,"enemies":"3 Sentries","floor":13,"turns":7},{"damage":18,"enemies":"Hexaghost","floor":16,"turns":5},{"damage":0,"enemies":"Spheric Guardian","floor":18,"turns":3},{"damage":25,"enemies":"Colosseum Slavers","floor":19,"turns":3},{"damage":34,"enemies":"Colosseum Nobs","floor":19,"turns":4},{"damage":0,"enemies":"Chosen","floor":22,"turns":4},{"damage":26,"enemies":"Gremlin Leader","floor":23,"turns":6},{"damage":28,"enemies":"Book of Stabbing","floor":29,"turns":4},{"damage":16,"enemies":"Centurion and Healer","floor":30,"turns":2}],"seed_played":"-5980587261572108552","potions_obtained":[{"floor":1,"key":"EntropicBrew"},{"floor":29,"key":"SteroidPotion"}],"is_trial":false,"path_per_floor":["M","?","?","?","?","R","E","R","T","M","$","M","E","$","R","B",null,"M","?","?","?","M","E","$","R","T","R","$","E"],"character_chosen":"DEFECT","items_purchased":["Loop","Storm","Thunder Strike","Defragment","White Noise"],"campfire_rested":0,"item_purchase_floors":[11,14,14,24,24],"current_hp_per_floor":[69,75,80,80,73,73,51,51,51,50,50,51,24,24,24,18,80,80,33,33,33,45,31,31,31,31,31,31,15,0],"gold":108,"neow_bonus":"TRANSFORM_TWO_CARDS","is_prod":false,"is_daily":false,"chose_seed":false,"campfire_upgraded":5,"win_rate":0,"timestamp":1540715201,"path_taken":["M","?","?","?","?","R","E","R","T","M","$","?","E","$","R","BOSS","M","?","?","?","?","E","?","R","T","R","$","E","M"],"build_version":"2018-10-25v2","purchased_purges":2,"victory":false,"max_hp_per_floor":[75,75,80,80,80,80,80,80,80,80,80,80,80,80,80,80,80,80,80,80,80,80,80,80,80,80,80,80,80,80],"card_choices":[{"not_picked":["BootSequence","Turbo"],"picked":"Storm","floor":1},{"not_picked":["Coolheaded","Hologram","Go for the Eyes"],"picked":"SKIP","floor":7},{"not_picked":["Stack","Sweeping Beam","Streamline"],"picked":"SKIP","floor":10},{"not_picked":["Hello World","Go for the Eyes","Stack"],"picked":"SKIP","floor":12},{"not_picked":["Chaos","Fusion"],"picked":"Buffer","floor":13},{"not_picked":["Gash","Streamline","Sweeping Beam+1"],"picked":"SKIP","floor":18},{"not_picked":["Sunder","Stack+1","Steam"],"picked":"SKIP","floor":22},{"not_picked":["Beam Cell","Thunder Strike","Barrage+1"],"picked":"SKIP","floor":23},{"not_picked":["Hello World+1","Gash"],"picked":"Ball Lightning","floor":29}],"player_experience":527533,"relics_obtained":[{"floor":7,"key":"Meat on the Bone"},{"floor":9,"key":"Bag of Marbles"},{"floor":13,"key":"Old Coin"},{"floor":19,"key":"Thread and Needle"},{"floor":19,"key":"Bottled Tornado"},{"floor":23,"key":"Pantograph"},{"floor":23,"key":"Bottled Lightning"},{"floor":26,"key":"Blue Candle"},{"floor":29,"key":"Juzu Bracelet"},{"floor":29,"key":"Whetstone"}],"event_choices":[{"cards_removed":["Tempest"],"damage_healed":6,"gold_gain":0,"player_choice":"Offered Uncommon","damage_taken":0,"max_hp_gain":0,"max_hp_loss":0,"event_name":"Bonfire Elementals","floor":2,"gold_loss":0},{"damage_healed":0,"gold_gain":0,"player_choice":"Donut","damage_taken":0,"max_hp_gain":5,"max_hp_loss":0,"event_name":"Big Fish","floor":3,"gold_loss":0},{"cards_removed":["Strike_B"],"damage_healed":0,"gold_gain":0,"player_choice":"Purged","damage_taken":0,"max_hp_gain":0,"max_hp_loss":0,"event_name":"Purifier","floor":4,"gold_loss":0},{"cards_removed":["Defend_B"],"damage_healed":0,"gold_gain":0,"player_choice":"Card Removal","damage_taken":7,"max_hp_gain":0,"max_hp_loss":0,"event_name":"Golden Wing","floor":5,"gold_loss":0},{"damage_healed":0,"gold_gain":0,"player_choice":"Fight","damage_taken":0,"max_hp_gain":0,"max_hp_loss":0,"event_name":"Colosseum","floor":19,"gold_loss":0},{"damage_healed":0,"gold_gain":0,"player_choice":"Fought Nobs","damage_taken":0,"max_hp_gain":0,"max_hp_loss":0,"event_name":"Colosseum","floor":19,"gold_loss":0},{"damage_healed":0,"gold_gain":0,"player_choice":"Obtained Relic","damage_taken":0,"relics_obtained":["Lantern"],"max_hp_gain":0,"max_hp_loss":0,"event_name":"Addict","floor":20,"gold_loss":85},{"damage_healed":0,"gold_gain":0,"player_choice":"Ignored","damage_taken":0,"max_hp_gain":0,"max_hp_loss":0,"event_name":"Ghosts","floor":21,"gold_loss":0}],"is_beta":true,"boss_relics":[{"not_picked":["Astrolabe","Philosopher\u0027s Stone"],"picked":"Black Star"}],"items_purged_floors":[14,24],"is_endless":false,"potions_floor_spawned":[1,19,29],"killed_by":"Centurion and Healer","ascension_level":1}