{"gold_per_floor":[361,361,378,1,19,46,46,73,73,100,100,113,18,81,81,181,181,153,153,153,172,185,185],"floor_reached":23,"playtime":1526,"items_purged":["Shame"],"score":272,"play_id":"903e0a95-0a73-4b55-8e18-2410b0f57b4e","local_time":"20181204153619","is_ascension_mode":true,"campfire_choices":[{"floor":7,"key":"REST"},{"floor":11,"key":"REST"},{"floor":15,"key":"REST"}],"neow_cost":"CURSE","seed_source_timestamp":958858474032854,"circlet_count":0,"master_deck":["Defend_G","Defend_G","Defend_G","Defend_G","Defend_G","Strike_G","Strike_G+1","Strike_G","Strike_G","Survivor","Neutralize+1","Tactician","Well Laid Plans","Terror","Prepared","Masterful Stab","Escape Plan","Flying Knee","Footwork","Backflip","Expertise","Tools of the Trade","Leg Sweep+1","Slice","Escape Plan","Flechettes"],"relics":["Ring of the Snake","PreservedInsect","Whetstone","Nunchaku","Odd Mushroom","Question Card","Art of War","Tiny Chest","Philosopher\u0027s Stone"],"potions_floor_usage":[14,20,22],"damage_taken":[{"damage":2,"enemies":"Cultist","floor":1,"turns":5},{"damage":1,"enemies":"2 Louse","floor":3,"turns":4},{"damage":0,"enemies":"Jaw Worm","floor":5,"turns":4},{"damage":19,"enemies":"3 Sentries","floor":6,"turns":12},{"damage":20,"enemies":"The Mushroom Lair","floor":8,"turns":7},{"damage":25,"enemies":"Gremlin Nob","floor":10,"turns":4},{"damage":0,"enemies":"Looter","floor":12,"turns":3},{"damage":3,"enemies":"3 Sentries","floor":14,"turns":5},{"damage":19,"enemies":"Slime Boss","floor":16,"turns":14},{"damage":19,"enemies":"2 Thieves","floor":18,"turns":5},{"damage":2,"enemies":"Colosseum Slavers","floor":20,"turns":5},{"damage":20,"enemies":"3 Byrds","floor":21,"turns":7},{"damage":4,"enemies":"Snake Plant","floor":22,"turns":6},{"damage":18,"enemies":"Book of Stabbing","floor":23,"turns":6}],"seed_played":"-7625577697753498412","potions_obtained":[{"floor":1,"key":"Strength Potion"},{"floor":3,"key":"Energy Potion"},{"floor":12,"key":"LiquidBronze"},{"floor":18,"key":"Fire Potion"},{"floor":21,"key":"Ancient Potion"}],"is_trial":false,"path_per_floor":["M","?","M","$","M","E","R","?","T","E","R","M","$","E","R","B",null,"M","?","?","M","M","E"],"character_chosen":"THE_SILENT","items_purchased":["PreservedInsect","Whetstone","Footwork","Backflip"],"campfire_rested":3,"item_purchase_floors":[4,4,13,13],"current_hp_per_floor":[61,54,53,53,53,34,55,35,35,10,31,31,31,28,49,30,60,41,41,39,19,15,0],"gold":185,"neow_bonus":"TWO_FIFTY_GOLD","is_prod":false,"is_daily":false,"chose_seed":false,"campfire_upgraded":0,"win_rate":0,"timestamp":1543955779,"path_taken":["M","?","M","$","M","E","R","?","T","E","R","M","$","E","R","BOSS","M","?","?","M","M","E"],"build_version":"2018-11-15","purchased_purges":1,"victory":false,"max_hp_per_floor":[70,70,70,70,70,70,70,70,70,70,70,70,70,70,70,70,70,70,70,70,70,70,70],"card_choices":[{"not_picked":["Distraction","Poisoned Stab"],"picked":"Tactician","floor":1},{"not_picked":["Concentrate","Accuracy"],"picked":"Well Laid Plans","floor":3},{"not_picked":["Outmaneuver","Flying Knee"],"picked":"Terror","floor":5},{"not_picked":["Slice","Bouncing Flask"],"picked":"Prepared","floor":6},{"not_picked":["Catalyst","Poisoned Stab"],"picked":"Masterful Stab","floor":8},{"not_picked":["PiercingWail","Dodge and Roll","Choke"],"picked":"Escape Plan","floor":10},{"not_picked":["Setup","Catalyst","Bouncing Flask"],"picked":"Flying Knee","floor":12},{"not_picked":["Riddle With Holes","Flechettes","Accuracy"],"picked":"Expertise","floor":14},{"not_picked":["Night Terror","Corpse Explosion","Unload"],"picked":"Tools of the Trade","floor":16},{"not_picked":["Crippling Poison+1","Deadly Poison","Noxious Fumes+1"],"picked":"Leg Sweep+1","floor":18},{"not_picked":["Poisoned Stab","Noxious Fumes","Dagger Spray+1"],"picked":"Escape Plan","floor":21},{"not_picked":["Choke+1","Dagger Spray+1","Sucker Punch+1"],"picked":"Flechettes","floor":22}],"player_experience":355120,"relics_obtained":[{"floor":6,"key":"Nunchaku"},{"floor":8,"key":"Odd Mushroom"},{"floor":9,"key":"Question Card"},{"floor":10,"key":"Art of War"},{"floor":14,"key":"Tiny Chest"}],"event_choices":[{"cards_removed":["Strike_G"],"damage_healed":0,"gold_gain":0,"player_choice":"Card Removal","damage_taken":7,"max_hp_gain":0,"max_hp_loss":0,"event_name":"Golden Wing","floor":2,"gold_loss":0},{"damage_healed":0,"gold_gain":0,"player_choice":"Fought Mushrooms","damage_taken":0,"max_hp_gain":0,"max_hp_loss":0,"event_name":"Mushrooms","floor":8,"gold_loss":0},{"damage_healed":0,"gold_gain":0,"player_choice":"Read","damage_taken":0,"max_hp_gain":0,"max_hp_loss":0,"event_name":"The Library","floor":19,"gold_loss":0,"cards_obtained":["Slice"]},{"damage_healed":0,"gold_gain":0,"player_choice":"Fight","damage_taken":0,"max_hp_gain":0,"max_hp_loss":0,"event_name":"Colosseum","floor":20,"gold_loss":0},{"damage_healed":0,"gold_gain":0,"player_choice":"Fled From Nobs","damage_taken":0,"max_hp_gain":0,"max_hp_loss":0,"event_name":"Colosseum","floor":20,"gold_loss":0}],"is_beta":false,"boss_relics":[{"not_picked":["Empty Cage","WristBlade"],"picked":"Philosopher\u0027s Stone"}],"items_purged_floors":[4],"is_endless":false,"potions_floor_spawned":[1,3,12,18,21],"killed_by":"Book of Stabbing","ascension_level":6}