{"gold_per_floor":[17,37,37,37,0,33,53,92,92,92,107,107,120,120,120,249,249,263,388,388],"floor_reached":20,"playtime":651,"items_purged":[],"score":264,"play_id":"a2c6af3a-9fb0-489a-9704-96503e0d5371","local_time":"20190118213036","is_ascension_mode":true,"campfire_choices":[{"data":"Self Repair","floor":10,"key":"SMITH"},{"data":"Capacitor","floor":12,"key":"SMITH"},{"data":"Electrodynamics","floor":15,"key":"SMITH"}],"neow_cost":"NO_GOLD","seed_source_timestamp":2958440364817,"circlet_count":0,"master_deck":["Strike_B","Strike_B","Strike_B","Defend_B","Defend_B","Defend_B","Defend_B","Zap+1","Dualcast+1","Electrodynamics+1","Cold Snap","Ball Lightning","Capacitor+1","Self Repair+1","Leap","Ball Lightning","Biased Cognition"],"special_seed":0,"relics":["Cracked Core","Golden Idol","PreservedInsect","Blue Candle","War Paint","Velvet Choker","Shovel","Question Card"],"potions_floor_usage":[8,19],"damage_taken":[{"damage":1.0,"enemies":"Cultist","floor":1.0,"turns":3.0},{"damage":2.0,"enemies":"Jaw Worm","floor":2.0,"turns":3.0},{"damage":27,"enemies":"Lagavulin","floor":6,"turns":8},{"damage":5,"enemies":"2 Louse","floor":7,"turns":2},{"damage":3,"enemies":"Gremlin Nob","floor":8,"turns":3},{"damage":5,"enemies":"2 Fungi Beasts","floor":11,"turns":3},{"damage":9,"enemies":"3 Louse","floor":13,"turns":3},{"damage":22,"enemies":"Slime Boss","floor":16,"turns":6},{"damage":33,"enemies":"2 Thieves","floor":18,"turns":4},{"damage":21,"enemies":"Colosseum Slavers","floor":19,"turns":2},{"damage":0,"enemies":"Colosseum Nobs","floor":19,"turns":2},{"damage":26,"enemies":"Masked Bandits","floor":20,"turns":2}],"seed_played":"5909639688229692194","potions_obtained":[{"floor":2.0,"key":"AttackPotion"},{"floor":6,"key":"Regen Potion"},{"floor":8,"key":"Poison Potion"}],"is_trial":false,"path_per_floor":["M","M","$","?","?","E","M","E","T","R","M","R","M","?","R","B",null,"M","?","?"],"character_chosen":"DEFECT","items_purchased":[],"campfire_rested":0,"item_purchase_floors":[],"current_hp_per_floor":[67,65,65,65,65,38,33,39,39,39,44,44,45,45,45,33,60,37,26,0],"gold":388,"neow_bonus":"THREE_RARE_CARDS","is_prod":false,"is_daily":false,"chose_seed":false,"campfire_upgraded":3,"win_rate":0,"timestamp":1547868636,"path_taken":["M","M","?","?","?","E","M","E","T","R","M","R","M","?","R","BOSS","M","?","?"],"build_version":"2019-01-17v2","purchased_purges":0,"victory":false,"max_hp_per_floor":[75,75,75,69,69,69,69,69,69,69,69,69,69,69,69,69,69,69,69,69],"card_choices":[{"not_picked":["Buffer","Rainbow"],"picked":"Electrodynamics","floor":0.0},{"not_picked":["Streamline","Beam Cell"],"picked":"Cold Snap","floor":1.0},{"not_picked":["Hologram","Turbo"],"picked":"Ball Lightning","floor":2.0},{"not_picked":["Conserve Battery","Cold Snap"],"picked":"Capacitor","floor":6},{"not_picked":["Recycle","Tempest","Genetic Algorithm"],"picked":"SKIP","floor":7},{"not_picked":["Fusion","Compile Driver"],"picked":"Self Repair","floor":8},{"not_picked":["Gash","Blizzard"],"picked":"Leap","floor":11},{"not_picked":["Sweeping Beam","White Noise"],"picked":"Ball Lightning","floor":13},{"not_picked":["Meteor Strike","Thunder Strike"],"picked":"Biased Cognition","floor":16},{"not_picked":["Beam Cell","Static Discharge","Sweeping Beam"],"picked":"SKIP","floor":18}],"player_experience":180734,"relics_obtained":[{"floor":6,"key":"PreservedInsect"},{"floor":8,"key":"Blue Candle"},{"floor":9,"key":"War Paint"},{"floor":19,"key":"Shovel"},{"floor":19,"key":"Question Card"}],"event_choices":[{"damage_healed":0.0,"max_hp_gain":0.0,"max_hp_loss":6.0,"gold_gain":0.0,"event_name":"Golden Idol","player_choice":"Lose Max HP","floor":4.0,"gold_loss":0.0,"damage_taken":0.0,"relics_obtained":["Golden Idol"]},{"damage_healed":0.0,"max_hp_gain":0.0,"max_hp_loss":0.0,"gold_gain":0.0,"event_name":"World of Goop","player_choice":"Left Gold","floor":5.0,"gold_loss":37.0,"damage_taken":0.0},{"cards_removed":["Strike_B"],"damage_healed":0,"gold_gain":0,"player_choice":"Forget","damage_taken":0,"max_hp_gain":0,"max_hp_loss":0,"event_name":"Living Wall","floor":14,"gold_loss":0},{"damage_healed":0,"gold_gain":0,"player_choice":"Fight","damage_taken":0,"max_hp_gain":0,"max_hp_loss":0,"event_name":"Colosseum","floor":19,"gold_loss":0},{"damage_healed":0,"gold_gain":0,"player_choice":"Fought Nobs","damage_taken":0,"max_hp_gain":0,"max_hp_loss":0,"event_name":"Colosseum","floor":19,"gold_loss":0},{"damage_healed":0,"gold_gain":0,"player_choice":"Fought Bandits","damage_taken":0,"max_hp_gain":0,"max_hp_loss":0,"event_name":"Masked Bandits","floor":20,"gold_loss":0}],"is_beta":false,"boss_relics":[{"not_picked":["Ectoplasm","White Beast Statue"],"picked":"Velvet Choker"}],"items_purged_floors":[],"is_endless":false,"potions_floor_spawned":[2,6,8,19],"killed_by":"Masked Bandits","ascension_level":9}