{"gold_per_floor":[119,294,219,219,219,219,250,250,274,305,305,305,305],"floor_reached":13,"playtime":638,"items_purged":["Doubt"],"score":100,"play_id":"0f155bd5-b8d3-441f-b2e8-37296224061b","local_time":"20190210115859","is_ascension_mode":true,"campfire_choices":[{"data":"1","floor":6,"key":"LIFT"},{"data":"2","floor":8,"key":"LIFT"},{"floor":12,"key":"REST"}],"neow_cost":"CURSE","seed_source_timestamp":587345540400442,"circlet_count":0,"master_deck":["Strike_R","Strike_R","Strike_R","Strike_R","Defend_R","Defend_R","Defend_R","Defend_R","Bash","Bloodletting","Thunderclap","Barricade"],"relics":["Burning Blood","Girya","Golden Idol","Blue Candle","Boot","Incense Burner"],"potions_floor_usage":[7],"damage_taken":[{"damage":3,"enemies":"2 Louse","floor":1,"turns":4},{"damage":38,"enemies":"3 Sentries","floor":7,"turns":12},{"damage":20,"enemies":"Gremlin Nob","floor":10,"turns":4},{"damage":33,"enemies":"3 Sentries","floor":13,"turns":5}],"seed_played":"-5787773476710317272","potions_obtained":[{"floor":1,"key":"Block Potion"}],"is_trial":false,"path_per_floor":["M","?","$","?","?","R","E","R","T","E","?","R","E"],"character_chosen":"IRONCLAD","items_purchased":[],"campfire_rested":1,"item_purchase_floors":[],"current_hp_per_floor":[80,80,80,60,60,60,28,28,28,14,7,30,0],"gold":305,"neow_bonus":"ONE_RARE_RELIC","is_prod":false,"is_daily":false,"chose_seed":false,"campfire_upgraded":0,"win_rate":0,"timestamp":1549821539,"path_taken":["M","?","$","?","?","R","E","R","T","E","?","R","E"],"build_version":"2019-01-23","purchased_purges":1,"victory":false,"max_hp_per_floor":[80,80,80,80,77,77,77,77,77,77,77,77,77],"card_choices":[{"not_picked":["Rampage","Iron Wave"],"picked":"Bloodletting","floor":1},{"not_picked":["Infernal Blade","Sever Soul"],"picked":"Thunderclap","floor":7},{"not_picked":["Anger","Clash"],"picked":"Barricade","floor":10}],"player_experience":339318,"relics_obtained":[{"floor":7,"key":"Blue Candle"},{"floor":9,"key":"Boot"},{"floor":10,"key":"Incense Burner"}],"event_choices":[{"damage_healed":0,"gold_gain":175,"player_choice":"AGREE","damage_taken":0,"max_hp_gain":0,"max_hp_loss":0,"event_name":"Liars Game","floor":2,"gold_loss":0,"cards_obtained":["Doubt"]},{"damage_healed":0,"gold_gain":0,"player_choice":"Take Damage","damage_taken":20,"relics_obtained":["Golden Idol"],"max_hp_gain":0,"max_hp_loss":0,"event_name":"Golden Idol","floor":4,"gold_loss":0},{"cards_removed":["Parasite"],"damage_healed":0,"gold_gain":0,"player_choice":"Forget","damage_taken":0,"max_hp_gain":0,"max_hp_loss":0,"event_name":"Living Wall","floor":5,"gold_loss":0},{"cards_removed":["Strike_R"],"damage_healed":0,"gold_gain":0,"player_choice":"Card Removal","damage_taken":7,"max_hp_gain":0,"max_hp_loss":0,"event_name":"Golden Wing","floor":11,"gold_loss":0}],"is_beta":false,"boss_relics":[],"items_purged_floors":[3],"is_endless":false,"potions_floor_spawned":[1],"killed_by":"3 Sentries","ascension_level":3}