{"gold_per_floor":[20,40,40,58,23,23,123,134,134,154,171,171,195,15,15,118,118,131,156,84,96,96,96,112,123,191,191,210,210,210,227,227,331,331,348,348,348,174,188,188,216,216,216,216,438,438,471,491,491,491],"floor_reached":51,"playtime":10962,"items_purged":["Strike_G","Defend_G"],"score":1192,"play_id":"96bf38ac-e5e4-402c-bef6-43e92acfe175","local_time":"20190210122249","is_ascension_mode":true,"campfire_choices":[{"data":"Footwork","floor":6,"key":"SMITH"},{"data":"Noxious Fumes","floor":12,"key":"SMITH"},{"data":"Bullet Time","floor":15,"key":"SMITH"},{"data":"Discovery","floor":23,"key":"SMITH"},{"data":"Night Terror","floor":27,"key":"SMITH"},{"floor":29,"key":"REST"},{"floor":32,"key":"REST"},{"data":"Apotheosis","floor":40,"key":"SMITH"},{"floor":42,"key":"REST"},{"floor":44,"key":"REST"},{"data":"Footwork","floor":46,"key":"SMITH"},{"floor":49,"key":"REST"}],"neow_cost":"NO_GOLD","seed_source_timestamp":1361416847651780,"circlet_count":0,"master_deck":["AscendersBane","Defend_G","Defend_G","Survivor","Neutralize","Footwork+1","Bullet Time+1","Well Laid Plans","PiercingWail","Footwork+1","Backflip","Noxious Fumes+1","Reflex","Discovery+1","Backflip","Night Terror+1","Acrobatics","Blur","Caltrops","Backflip","Leg Sweep","Caltrops+1","Burst","Apotheosis+1","Impatience","Mayhem+1","Well Laid Plans+1","Blur","Normality"],"relics":["Ring of the Snake","Ornamental Fan","Omamori","Cursed Key","Red Mask","Frozen Egg 2","Bottled Lightning","Black Star","FossilizedHelix","Singing Bowl","Bag of Preparation","Tingsha","Bronze Scales"],"potions_floor_usage":[16,16,25,28,50,50],"damage_taken":[{"damage":0,"enemies":"Jaw Worm","floor":1,"turns":8},{"damage":0,"enemies":"Small Slimes","floor":2,"turns":8},{"damage":3,"enemies":"Cultist","floor":4,"turns":7},{"damage":1,"enemies":"Exordium Thugs","floor":8,"turns":12},{"damage":0,"enemies":"3 Louse","floor":10,"turns":7},{"damage":3,"enemies":"Exordium Wildlife","floor":11,"turns":6},{"damage":33,"enemies":"Slime Boss","floor":16,"turns":16},{"damage":0,"enemies":"Spheric Guardian","floor":18,"turns":5},{"damage":19,"enemies":"Masked Bandits","floor":19,"turns":7},{"damage":1,"enemies":"Chosen","floor":21,"turns":9},{"damage":0,"enemies":"Shelled Parasite and Fungi","floor":24,"turns":9},{"damage":4,"enemies":"Cultist and Chosen","floor":25,"turns":9},{"damage":21,"enemies":"3 Cultists","floor":28,"turns":6},{"damage":3,"enemies":"Snake Plant","floor":31,"turns":5},{"damage":0,"enemies":"Champ","floor":33,"turns":21},{"damage":6,"enemies":"Orb Walker","floor":35,"turns":6},{"damage":0,"enemies":"3 Shapes","floor":39,"turns":12},{"damage":29,"enemies":"Reptomancer","floor":41,"turns":13},{"damage":0,"enemies":"Nemesis","floor":47,"turns":19},{"damage":0,"enemies":"Maw","floor":48,"turns":10},{"damage":51,"enemies":"Awakened One","floor":50,"turns":20}],"seed_played":"-2036026867791658128","potions_obtained":[{"floor":4,"key":"GamblersBrew"},{"floor":8,"key":"EssenceOfSteel"},{"floor":24,"key":"Swift Potion"},{"floor":25,"key":"Weak Potion"},{"floor":35,"key":"Poison Potion"},{"floor":47,"key":"PowerPotion"}],"is_trial":false,"path_per_floor":["M","M","?","M","$","R","?","M","T","M","M","R","T","$","R","B",null,"M","?","$","M","T","R","M","M","T","R","M","R","?","M","R","B",null,"M","?","?","$","M","R","E","R","T","R","?","R","E","M","R","B",null],"character_chosen":"THE_SILENT","items_purchased":["Footwork","Discovery","Backflip","Caltrops","Well Laid Plans+1"],"campfire_rested":5,"item_purchase_floors":[5,14,14,20,38],"current_hp_per_floor":[63,63,63,60,60,60,60,59,59,59,56,56,56,56,56,23,58,58,39,39,38,38,38,38,34,34,34,13,34,34,31,52,52,66,60,60,50,50,50,50,23,44,44,65,65,65,67,69,76,25],"gold":491,"neow_bonus":"TRANSFORM_TWO_CARDS","is_prod":false,"is_daily":false,"chose_seed":false,"campfire_upgraded":7,"win_rate":0,"timestamp":1549797769,"path_taken":["M","M","?","M","$","R","?","M","T","?","M","R","?","?","R","BOSS","M","?","?","M","?","R","M","M","T","R","?","R","?","M","R","BOSS","M","?","?","$","?","R","E","R","T","R","?","R","E","M","R","BOSS"],"build_version":"2019-01-23","purchased_purges":2,"victory":true,"max_hp_per_floor":[70,70,70,70,70,70,70,70,70,70,70,70,70,70,70,70,70,70,70,70,70,70,70,70,70,70,70,70,70,70,70,70,70,70,70,70,70,70,70,70,72,72,72,72,72,72,74,76,76,76],"card_choices":[{"not_picked":["Slice","Flying Knee","Accuracy"],"picked":"SKIP","floor":1},{"not_picked":["Bouncing Flask","Deflect"],"picked":"Well Laid Plans","floor":2},{"not_picked":["Bane","Slice"],"picked":"PiercingWail","floor":4},{"not_picked":["PiercingWail","All Out Attack"],"picked":"Backflip","floor":8},{"not_picked":["Expertise","Well Laid Plans"],"picked":"Noxious Fumes","floor":10},{"not_picked":["Prepared","Cloak And Dagger"],"picked":"Reflex","floor":11},{"not_picked":["Storm of Steel","Grand Finale"],"picked":"Night Terror","floor":16},{"not_picked":["PiercingWail","Cloak And Dagger"],"picked":"Acrobatics","floor":18},{"not_picked":["Bane","Sucker Punch+1"],"picked":"Blur","floor":19},{"not_picked":["Flying Knee","Bouncing Flask"],"picked":"Backflip","floor":21},{"not_picked":["Cloak And Dagger","Heel Hook","Prepared"],"picked":"SKIP","floor":24},{"not_picked":["Deflect","Finisher","Doppelganger"],"picked":"SKIP","floor":25},{"not_picked":["Dagger Throw","Bane","Poisoned Stab"],"picked":"SKIP","floor":28},{"not_picked":["Outmaneuver","Prepared","Bane"],"picked":"SKIP","floor":31},{"not_picked":["Envenom+1","Night Terror"],"picked":"Burst","floor":33},{"not_picked":["Dagger Spray","Masterful Stab","Poisoned Stab"],"picked":"SKIP","floor":35},{"not_picked":["Madness","Enlightenment"],"picked":"Apotheosis","floor":37},{"not_picked":["Finesse","Sadistic Nature+1"],"picked":"Impatience","floor":37},{"not_picked":["Good Instincts","Bandage Up"],"picked":"Mayhem+1","floor":37},{"not_picked":["Cloak And Dagger","Heel Hook"],"picked":"Blur","floor":39},{"not_picked":["Blur","Acrobatics+1","Dagger Throw"],"picked":"Singing Bowl","floor":41},{"not_picked":["Envenom+1","Dash","Masterful Stab"],"picked":"Singing Bowl","floor":47},{"not_picked":["Finisher+1","Dagger Throw","PiercingWail"],"picked":"Singing Bowl","floor":48}],"player_experience":356156,"relics_obtained":[{"floor":9,"key":"Ornamental Fan"},{"floor":13,"key":"Omamori"},{"floor":19,"key":"Red Mask"},{"floor":22,"key":"Frozen Egg 2"},{"floor":26,"key":"Bottled Lightning"},{"floor":41,"key":"FossilizedHelix"},{"floor":41,"key":"Singing Bowl"},{"floor":43,"key":"Bag of Preparation"},{"floor":47,"key":"Tingsha"},{"floor":47,"key":"Bronze Scales"}],"event_choices":[{"cards_removed":["Defend_G"],"damage_healed":0,"gold_gain":0,"player_choice":"Forget","damage_taken":0,"max_hp_gain":0,"max_hp_loss":0,"event_name":"Living Wall","floor":3,"gold_loss":0},{"damage_healed":0,"gold_gain":100,"player_choice":"Pray","damage_taken":0,"max_hp_gain":0,"max_hp_loss":0,"event_name":"Golden Shrine","floor":7,"gold_loss":0},{"damage_healed":0,"gold_gain":0,"player_choice":"Fought Bandits","damage_taken":0,"max_hp_gain":0,"max_hp_loss":0,"event_name":"Masked Bandits","floor":19,"gold_loss":0},{"damage_healed":0,"gold_gain":0,"cards_transformed":["Strike_G","Strike_G"],"player_choice":"Became Test Subject","damage_taken":0,"max_hp_gain":0,"max_hp_loss":0,"event_name":"Drug Dealer","floor":30,"gold_loss":0,"cards_obtained":["Leg Sweep","Caltrops"]},{"cards_removed":["Defend_G"],"damage_healed":0,"gold_gain":0,"player_choice":"Removed Skill","damage_taken":0,"max_hp_gain":0,"max_hp_loss":0,"event_name":"Falling","floor":36,"gold_loss":0},{"damage_healed":0,"gold_gain":0,"player_choice":"Memory 3","damage_taken":10,"max_hp_gain":0,"max_hp_loss":0,"event_name":"SensoryStone","floor":37,"gold_loss":0},{"damage_healed":0,"gold_gain":222,"player_choice":"Wore Mask","damage_taken":0,"max_hp_gain":0,"max_hp_loss":0,"event_name":"Tomb of Lord Red Mask","floor":45,"gold_loss":0}],"is_beta":false,"boss_relics":[{"not_picked":["Fusion Hammer","Pandora\u0027s Box"],"picked":"Cursed Key"},{"not_picked":["White Beast Statue","Tiny House"],"picked":"Black Star"}],"items_purged_floors":[14,38],"is_endless":false,"potions_floor_spawned":[4,8,24,25,35,47],"ascension_level":12}