{"gold_per_floor":[110,121,22,22,22,49,49,80,80,111,111,127,146,156,156,252,252,262,278,278,298,67,96,96,109,109,109,109,122,153,166,166,263,263,276,291,301,301,55,84,84,94,94,94,49,49],"floor_reached":46,"playtime":2401,"items_purged":["Strike_B","Strike_B"],"score":613,"play_id":"4bc85b76-42bb-4fc7-bab0-391b15958011","local_time":"20190127150348","is_ascension_mode":true,"campfire_choices":[{"data":"Loop","floor":7,"key":"SMITH"},{"data":"Defragment","floor":11,"key":"SMITH"},{"data":"Hologram","floor":15,"key":"SMITH"},{"floor":24,"key":"REST"},{"floor":28,"key":"REST"},{"floor":32,"key":"REST"},{"floor":41,"key":"REST"},{"floor":44,"key":"REST"}],"neow_cost":"NONE","seed_source_timestamp":632870408277798,"circlet_count":0,"master_deck":["Strike_B","Defend_B","Defend_B","Defend_B","Defend_B","Zap","Dualcast","Doom and Gloom+1","Loop+1","Defragment+1","Hologram+1","Gash+1","Core Surge","Recycle","Darkness+1","Undo","Echo Form","FTL","Gash+1","BootSequence","Bandage Up","Steam","Conserve Battery","Seek","Gash","Core Surge","Loop","Coolheaded+1","Auto Shields","Darkness+1","Force Field","Defragment","Cold Snap+1","Hologram"],"relics":["Cracked Core","NeowsBlessing","Dodecahedron","Nunchaku","Matryoshka","Lantern","Singing Bowl","Whetstone","Busted Crown","Omamori","Blue Candle","Prayer Wheel","Bag of Marbles","Lizard Tail","Anchor","Cables"],"potions_floor_usage":[18,19,25,25,25,25,29,30,30,37,40],"damage_taken":[{"damage":0,"enemies":"Cultist","floor":1,"turns":1},{"damage":0,"enemies":"Small Slimes","floor":2,"turns":1},{"damage":0,"enemies":"Lagavulin","floor":6,"turns":1},{"damage":25,"enemies":"3 Sentries","floor":8,"turns":5},{"damage":13,"enemies":"Lagavulin","floor":10,"turns":7},{"damage":0,"enemies":"2 Louse","floor":12,"turns":1},{"damage":4,"enemies":"Blue Slaver","floor":13,"turns":2},{"damage":5,"enemies":"Lots of Slimes","floor":14,"turns":4},{"damage":10,"enemies":"Hexaghost","floor":16,"turns":7},{"damage":0,"enemies":"Shell Parasite","floor":18,"turns":4},{"damage":20,"enemies":"2 Thieves","floor":19,"turns":4},{"damage":27,"enemies":"Centurion and Healer","floor":21,"turns":6},{"damage":29,"enemies":"Gremlin Leader","floor":23,"turns":6},{"damage":16,"enemies":"Snake Plant","floor":25,"turns":6},{"damage":5,"enemies":"Sentry and Sphere","floor":29,"turns":4},{"damage":33,"enemies":"Slavers","floor":30,"turns":6},{"damage":0,"enemies":"Chosen and Byrds","floor":31,"turns":4},{"damage":16,"enemies":"Champ","floor":33,"turns":9},{"damage":1,"enemies":"3 Shapes","floor":35,"turns":6},{"damage":24,"enemies":"3 Darklings","floor":36,"turns":5},{"damage":41,"enemies":"Transient","floor":37,"turns":5},{"damage":77,"enemies":"Giant Head","floor":40,"turns":11},{"damage":50,"enemies":"4 Shapes","floor":42,"turns":5},{"damage":43,"enemies":"Reptomancer","floor":46,"turns":4}],"seed_played":"4538725464291126182","potions_obtained":[{"floor":1,"key":"Ancient Potion"},{"floor":8,"key":"SpeedPotion"},{"floor":10,"key":"SkillPotion"},{"floor":14,"key":"EntropicBrew"},{"floor":18,"key":"SkillPotion"},{"floor":19,"key":"LiquidBronze"},{"floor":25,"key":"Swift Potion"},{"floor":33,"key":"LiquidBronze"},{"floor":36,"key":"Poison Potion"},{"floor":37,"key":"Regen Potion"},{"floor":42,"key":"SteroidPotion"}],"is_trial":false,"path_per_floor":["M","M","$","?","$","E","R","E","T","E","R","M","M","M","R","B",null,"M","M","?","M","$","E","R","M","T","?","R","M","E","M","R","B",null,"M","M","M","?","$","E","R","M","T","R","$","E"],"character_chosen":"DEFECT","items_purchased":["Defragment","Hologram","BootSequence","Bandage Up","Force Field","Defragment","Hologram"],"campfire_rested":5,"item_purchase_floors":[3,3,22,22,39,39,45],"current_hp_per_floor":[75,75,75,75,75,75,75,50,50,37,37,37,33,28,28,18,75,77,57,57,30,30,5,28,16,16,16,39,46,17,23,47,39,83,85,63,28,28,28,32,59,11,11,38,38,0],"gold":49,"neow_bonus":"THREE_ENEMY_KILL","is_prod":false,"is_daily":false,"chose_seed":false,"campfire_upgraded":3,"win_rate":0,"timestamp":1548619428,"path_taken":["M","?","$","?","$","E","R","E","T","E","R","M","?","M","R","BOSS","M","M","?","M","$","E","R","M","T","?","R","M","E","M","R","BOSS","M","M","?","?","$","E","R","?","T","R","$","E"],"build_version":"2019-01-23","purchased_purges":2,"victory":false,"max_hp_per_floor":[75,75,75,75,75,75,75,75,75,75,75,75,75,75,75,75,75,77,77,77,77,77,77,77,77,77,77,77,81,81,83,83,83,83,85,87,89,89,89,91,91,93,93,93,93,93],"card_choices":[{"not_picked":["Steam Power","Compile Driver"],"picked":"Doom and Gloom","floor":1},{"not_picked":["Tempest","Beam Cell"],"picked":"Loop","floor":2},{"not_picked":["Sweeping Beam","Melter","Rebound"],"picked":"SKIP","floor":6},{"not_picked":["Compile Driver","Storm"],"picked":"Gash","floor":8},{"not_picked":["Scrape","Steam Power"],"picked":"Core Surge","floor":10},{"not_picked":["Stack","Ball Lightning"],"picked":"Recycle","floor":12},{"not_picked":["Double Energy","Rebound"],"picked":"Darkness","floor":13},{"not_picked":["Cold Snap","Steam"],"picked":"Undo","floor":14},{"not_picked":["Fission","Core Surge"],"picked":"Echo Form","floor":16},{"not_picked":["Fusion"],"picked":"Singing Bowl","floor":18},{"not_picked":[],"picked":"FTL","floor":19},{"not_picked":[],"picked":"Gash+1","floor":21},{"not_picked":[],"picked":"Steam","floor":23},{"not_picked":[],"picked":"Conserve Battery","floor":25},{"not_picked":["Lockon"],"picked":"Singing Bowl","floor":29},{"not_picked":["Go for the Eyes"],"picked":"Singing Bowl","floor":29},{"not_picked":[],"picked":"Seek","floor":30},{"not_picked":["Compile Driver"],"picked":"Singing Bowl","floor":31},{"not_picked":[],"picked":"Gash","floor":31},{"not_picked":[],"picked":"Core Surge","floor":33},{"not_picked":["Go for the Eyes"],"picked":"Singing Bowl","floor":35},{"not_picked":[],"picked":"Loop","floor":35},{"not_picked":["Turbo+1"],"picked":"Singing Bowl","floor":36},{"not_picked":[],"picked":"Coolheaded+1","floor":36},{"not_picked":[],"picked":"Auto Shields","floor":37},{"not_picked":["Aggregate+1"],"picked":"Singing Bowl","floor":37},{"not_picked":["Steam Power+1"],"picked":"Singing Bowl","floor":40},{"not_picked":[],"picked":"Cold Snap+1","floor":42},{"not_picked":["Consume+1"],"picked":"Singing Bowl","floor":42}],"player_experience":627715,"relics_obtained":[{"floor":6,"key":"Nunchaku"},{"floor":8,"key":"Matryoshka"},{"floor":9,"key":"Lantern"},{"floor":9,"key":"Singing Bowl"},{"floor":10,"key":"Whetstone"},{"floor":23,"key":"Omamori"},{"floor":26,"key":"Blue Candle"},{"floor":26,"key":"Prayer Wheel"},{"floor":30,"key":"Bag of Marbles"},{"floor":40,"key":"Anchor"},{"floor":43,"key":"Cables"}],"event_choices":[{"damage_healed":0,"gold_gain":0,"player_choice":"Gave Potion","damage_taken":0,"relics_obtained":["Dodecahedron"],"max_hp_gain":0,"max_hp_loss":0,"event_name":"WeMeetAgain","floor":4,"gold_loss":0},{"cards_removed":["Strike_B"],"damage_healed":0,"gold_gain":0,"player_choice":"Elegance","damage_taken":0,"max_hp_gain":0,"max_hp_loss":0,"event_name":"Back to Basics","floor":20,"gold_loss":0},{"damage_healed":0,"gold_gain":0,"player_choice":"Upgraded","damage_taken":0,"max_hp_gain":0,"max_hp_loss":0,"event_name":"Upgrade Shrine","floor":27,"gold_loss":0,"cards_upgraded":["Darkness"]},{"damage_healed":0,"gold_gain":0,"player_choice":"Copied","damage_taken":0,"max_hp_gain":0,"max_hp_loss":0,"event_name":"Duplicator","floor":38,"gold_loss":0,"cards_obtained":["Darkness"]}],"is_beta":true,"boss_relics":[{"not_picked":["Snecko Eye","Cursed Key"],"picked":"Busted Crown"},{"not_picked":["Runic Dome","Orrery"],"picked":"Lizard Tail"}],"items_purged_floors":[22,39],"is_endless":false,"potions_floor_spawned":[1,8,10,14,18,19,25,33,36,37,42],"killed_by":"Reptomancer","ascension_level":1}