{"gold_per_floor":[113,130,147,147,147,147,176,176,200,200,226,226,246,90,90,187,187,202,182,182,194,194,194,205,205,205,205,230,35,35,46,46,146,146,161,178,178,191,291,318,338,365,390,428,440,469,152,179,179,179,179,179,12,37,37],"floor_reached":56,"playtime":4333,"items_purged":["Pain","Pain","Doubt","Decay"],"score":1343,"play_id":"be8bc15f-892d-4dce-9625-84599737da8b","local_time":"20190107205753","is_ascension_mode":true,"campfire_choices":[{"data":"Noxious Fumes","floor":6,"key":"SMITH"},{"data":"Dodge and Roll","floor":10,"key":"SMITH"},{"data":"Sucker Punch","floor":12,"key":"SMITH"},{"data":"Crippling Poison","floor":15,"key":"SMITH"},{"data":"Adrenaline","floor":23,"key":"SMITH"},{"floor":25,"key":"REST"},{"floor":27,"key":"RECALL"},{"floor":30,"key":"REST"},{"data":"Poisoned Stab","floor":32,"key":"SMITH"},{"floor":45,"key":"REST"},{"floor":49,"key":"REST"},{"data":"Neutralize","floor":52,"key":"SMITH"}],"neow_cost":"NONE","seed_source_timestamp":1303224109493807,"circlet_count":0,"master_deck":["Survivor","Neutralize+1","Noxious Fumes+1","Quick Slash","Sucker Punch+1","Dodge and Roll+1","Blur","Backflip","Crippling Poison+1","Adrenaline+1","Poisoned Stab+1","Footwork+1","Footwork+1","Acrobatics+1","Expertise+1","Dodge and Roll+1","Malaise+1","After Image+1","Caltrops+1","Venomology+1","Venomology+1","Infinite Blades+1","Deflect+1","Grand Finale","Bullet Time+1","Wraith Form v2+1","Choke","Caltrops+1","Predator","Bouncing Flask+1","Doppelganger+1","Backflip+1","Footwork+1","Backflip+1","After Image+1","Well Laid Plans+1","Dodge and Roll+1","Blur+1"],"relics":["Cursed Key","Darkstone Periapt","Matryoshka","PreservedInsect","Blood Vial","Sozu","Nilry\u0027s Codex","Art of War","Toxic Egg 2","Frozen Egg 2","Pandora\u0027s Box","Du-Vu Doll","Centennial Puzzle","Bottled Lightning","MawBank","Singing Bowl","Omamori","Smiling Mask","Anchor"],"potions_floor_usage":[19,55],"damage_taken":[{"damage":5,"enemies":"Jaw Worm","floor":1,"turns":4},{"damage":0,"enemies":"Small Slimes","floor":2,"turns":4},{"damage":0,"enemies":"Cultist","floor":3,"turns":4},{"damage":10,"enemies":"Lagavulin","floor":7,"turns":7},{"damage":24,"enemies":"Gremlin Nob","floor":11,"turns":4},{"damage":2,"enemies":"Exordium Wildlife","floor":13,"turns":4},{"damage":3,"enemies":"The Guardian","floor":16,"turns":13},{"damage":11,"enemies":"Spheric Guardian","floor":18,"turns":5},{"damage":5,"enemies":"2 Thieves","floor":19,"turns":4},{"damage":7,"enemies":"Sentry and Sphere","floor":21,"turns":5},{"damage":10,"enemies":"Snake Plant","floor":24,"turns":5},{"damage":16,"enemies":"Slavers","floor":28,"turns":5},{"damage":0,"enemies":"Snecko","floor":31,"turns":6},{"damage":7,"enemies":"Automaton","floor":33,"turns":11},{"damage":3,"enemies":"3 Shapes","floor":35,"turns":5},{"damage":0,"enemies":"3 Darklings","floor":36,"turns":5},{"damage":1,"enemies":"Transient","floor":38,"turns":5},{"damage":0,"enemies":"Mind Bloom Boss Battle","floor":39,"turns":8},{"damage":28,"enemies":"Reptomancer","floor":40,"turns":5},{"damage":16,"enemies":"Spire Growth","floor":41,"turns":6},{"damage":9,"enemies":"Giant Head","floor":42,"turns":7},{"damage":0,"enemies":"Nemesis","floor":44,"turns":7},{"damage":8,"enemies":"Sphere and 2 Shapes","floor":46,"turns":4},{"damage":37,"enemies":"Reptomancer","floor":48,"turns":7},{"damage":26,"enemies":"Time Eater","floor":50,"turns":14},{"damage":12,"enemies":"Shield and Spear","floor":54,"turns":7},{"damage":1,"enemies":"The Heart","floor":55,"turns":11}],"seed_played":"-3619595772779040578","potions_obtained":[{"floor":1,"key":"SkillPotion"},{"floor":11,"key":"Dexterity Potion"}],"is_trial":false,"path_per_floor":["M","M","M","?","T","R","E","?","T","R","E","R","M","$","R","B",null,"M","M","?","M","?","R","M","R","T","R","E","$","R","M","R","B",null,"M","M","$","M","?","E","M","E","T","E","R","M","$","E","R","B",null,"R","$","E","B",null],"character_chosen":"THE_SILENT","items_purchased":["Crippling Poison","Acrobatics+1","Expertise+1","Omamori","Backflip+1","Well Laid Plans+1","Dodge and Roll+1"],"campfire_rested":4,"item_purchase_floors":[14,29,29,47,47,53,53],"current_hp_per_floor":[65,65,65,65,65,65,55,55,61,61,37,37,37,37,37,36,76,65,62,46,41,41,41,33,55,61,61,47,47,71,73,73,68,82,79,81,81,81,82,54,40,33,39,41,67,61,61,26,52,28,88,88,88,76,77],"gold":37,"neow_bonus":"BOSS_RELIC","is_prod":false,"is_daily":false,"chose_seed":false,"campfire_upgraded":7,"win_rate":0,"timestamp":1546912673,"path_taken":["M","M","M","?","?","R","E","?","T","R","E","R","?","$","R","BOSS","M","M","?","M","?","R","M","R","T","R","E","$","R","?","R","BOSS","M","M","$","M","?","E","M","E","T","E","R","M","$","E","R","BOSS","R","$","E","BOSS"],"build_version":"2019-01-03v4","purchased_purges":4,"victory":true,"max_hp_per_floor":[70,70,70,70,70,70,70,70,76,76,76,76,76,76,76,76,76,76,76,76,76,76,76,76,76,82,82,82,82,82,82,82,82,82,82,82,82,82,82,82,82,82,88,88,88,88,88,88,88,88,88,88,88,88,88],"card_choices":[{"not_picked":["Dagger Spray","Underhanded Strike"],"picked":"Noxious Fumes","floor":1},{"not_picked":["Bane","Calculated Gamble"],"picked":"Quick Slash","floor":2},{"not_picked":["Deflect","Eviscerate"],"picked":"Sucker Punch","floor":3},{"not_picked":["Prepared","Underhanded Strike"],"picked":"Dodge and Roll","floor":7},{"not_picked":["Unload","Sucker Punch"],"picked":"Blur","floor":11},{"not_picked":["Acrobatics","Outmaneuver"],"picked":"Backflip","floor":13},{"not_picked":["Glass Knife","Venomology"],"picked":"Adrenaline","floor":16},{"not_picked":["Prepared","Deflect+1"],"picked":"Poisoned Stab","floor":18},{"not_picked":["Cloak And Dagger","Outmaneuver","Terror"],"picked":"SKIP","floor":19},{"not_picked":["Bane","Flechettes"],"picked":"Footwork+1","floor":21},{"not_picked":["Blade Dance","Dagger Throw","Bullet Time"],"picked":"SKIP","floor":24},{"not_picked":["Sucker Punch","Underhanded Strike","Prepared+1"],"picked":"SKIP","floor":28},{"not_picked":["Outmaneuver+1","Cloak And Dagger+1"],"picked":"Dodge and Roll+1","floor":31},{"not_picked":["A Thousand Cuts+1","Unload"],"picked":"Malaise+1","floor":33},{"not_picked":["Outmaneuver+1","Riddle With Holes","Reflex+1"],"picked":"SKIP","floor":35},{"not_picked":["Dagger Spray","Quick Slash"],"picked":"Caltrops+1","floor":36},{"not_picked":["Sucker Punch","Heel Hook"],"picked":"Predator","floor":38},{"not_picked":["Endless Agony","Dodge and Roll+1"],"picked":"Bouncing Flask+1","floor":40},{"not_picked":["Choke+1","Bane","Sucker Punch+1"],"picked":"SKIP","floor":41},{"not_picked":["Bane+1","All Out Attack+1"],"picked":"Doppelganger+1","floor":42},{"not_picked":["Backstab+1","Outmaneuver+1"],"picked":"Backflip+1","floor":44},{"not_picked":["Acrobatics+1","Reflex+1"],"picked":"Footwork+1","floor":46},{"not_picked":["Sucker Punch+1","Bouncing Flask+1"],"picked":"After Image+1","floor":48},{"not_picked":["Choke+1","Sucker Punch"],"picked":"Blur+1","floor":54}],"player_experience":484856,"relics_obtained":[{"floor":5,"key":"Darkstone Periapt"},{"floor":7,"key":"Matryoshka"},{"floor":9,"key":"PreservedInsect"},{"floor":11,"key":"Blood Vial"},{"floor":20,"key":"Nilry\u0027s Codex"},{"floor":26,"key":"Art of War"},{"floor":26,"key":"Toxic Egg 2"},{"floor":28,"key":"Frozen Egg 2"},{"floor":39,"key":"Du-Vu Doll"},{"floor":40,"key":"Centennial Puzzle"},{"floor":42,"key":"Bottled Lightning"},{"floor":43,"key":"MawBank"},{"floor":44,"key":"Singing Bowl"},{"floor":48,"key":"Smiling Mask"},{"floor":54,"key":"Anchor"}],"event_choices":[{"damage_healed":0,"gold_gain":0,"player_choice":"Ignored","damage_taken":0,"max_hp_gain":0,"max_hp_loss":0,"event_name":"Liars Game","floor":4,"gold_loss":0},{"damage_healed":0,"gold_gain":0,"player_choice":"Ignored","damage_taken":0,"max_hp_gain":0,"max_hp_loss":0,"event_name":"Golden Idol","floor":8,"gold_loss":0},{"damage_healed":0,"gold_gain":0,"player_choice":"Obtained Book","damage_taken":16,"max_hp_gain":0,"max_hp_loss":0,"event_name":"Cursed Tome","floor":20,"gold_loss":0},{"damage_healed":0,"gold_gain":0,"player_choice":"Copied","damage_taken":0,"max_hp_gain":0,"max_hp_loss":0,"event_name":"Duplicator","floor":22,"gold_loss":0,"cards_obtained":["Footwork"]},{"damage_healed":0,"gold_gain":0,"player_choice":"Fight","damage_taken":0,"max_hp_gain":0,"max_hp_loss":0,"event_name":"MindBloom","floor":39,"gold_loss":0}],"is_beta":false,"boss_relics":[{"not_picked":["Fusion Hammer","Empty Cage"],"picked":"Sozu"},{"not_picked":["Runic Dome","Coffee Dripper"],"picked":"Pandora\u0027s Box"}],"items_purged_floors":[14,29,47,53],"is_endless":false,"potions_floor_spawned":[1,11,19,21,24,31,33,38,41,44,46,54],"ascension_level":1}