{"gold_per_floor":[109,284,284,296,296,296,311,26,26,37,37,50,50,50,50,145,145,158,169,60,60,60,60,60,60,60,60,60,72,72,90,90,186,186,196,211,231,231,69,69,81,181,249,249,14,47,47,63,63,63],"floor_reached":51,"playtime":1345,"items_purged":["Strike_B","Defend_B"],"score":738,"play_id":"ad7429ce-987f-4cb1-bbfe-f6edafcd1a5b","local_time":"20190203175400","is_ascension_mode":false,"campfire_choices":[{"data":"Zap","floor":6.0,"key":"SMITH"},{"data":"Strike_B","floor":11.0,"key":"PURGE"},{"floor":15.0,"key":"REST"},{"data":"Shame","floor":23.0,"key":"PURGE"},{"data":"Defend_B","floor":25.0,"key":"PURGE"},{"data":"Defend_B","floor":27.0,"key":"PURGE"},{"data":"Dualcast","floor":30.0,"key":"SMITH"},{"data":"Ball Lightning","floor":32.0,"key":"SMITH"},{"data":"Ball Lightning","floor":40.0,"key":"SMITH"},{"data":"Ball Lightning","floor":44.0,"key":"SMITH"},{"data":"Recycle+1","floor":47.0,"key":"PURGE"},{"floor":49.0,"key":"REST"}],"neow_cost":"PERCENT_DAMAGE","seed_source_timestamp":11975720368390,"circlet_count":0,"master_deck":["Zap+1","Dualcast+1","Ball Lightning+1","Ball Lightning+1","Conserve Battery+1","Thunder Strike+1","Ball Lightning+1","Reinforced Body+1","White Noise+1","Fission+1","Go for the Eyes+1","Hologram+1","Tempest+1","Leap+1","Multi-Cast+1","Leap+1","Madness+1","Madness+1","Conserve Battery+1","Skim+1","Leap+1","Double Energy+1"],"special_seed":0,"relics":["Cracked Core","Peace Pipe","Toxic Egg 2","Gremlin Horn","The Courier","Empty Cage","Ornamental Fan","Letter Opener","Matryoshka","Busted Crown","Membership Card","Torii","War Paint","Frozen Egg 2","Bottled Lightning","Molten Egg 2","Art of War"],"potions_floor_usage":[50,50,50],"damage_taken":[{"damage":1.0,"enemies":"2 Louse","floor":1.0,"turns":3.0},{"damage":2.0,"enemies":"Small Slimes","floor":4.0,"turns":3.0},{"damage":6.0,"enemies":"Jaw Worm","floor":7.0,"turns":3.0},{"damage":10.0,"enemies":"Lots of Slimes","floor":10.0,"turns":3.0},{"damage":0.0,"enemies":"Looter","floor":12.0,"turns":3.0},{"damage":2.0,"enemies":"Hexaghost","floor":16.0,"turns":8.0},{"damage":0.0,"enemies":"3 Byrds","floor":18.0,"turns":3.0},{"damage":1.0,"enemies":"Chosen","floor":19.0,"turns":3.0},{"damage":0.0,"enemies":"3 Cultists","floor":29.0,"turns":2.0},{"damage":3.0,"enemies":"Snake Plant","floor":31.0,"turns":2.0},{"damage":0.0,"enemies":"Champ","floor":33.0,"turns":5.0},{"damage":8.0,"enemies":"3 Darklings","floor":35.0,"turns":3.0},{"damage":0.0,"enemies":"Orb Walker","floor":36.0,"turns":2.0},{"damage":3.0,"enemies":"Maw","floor":37.0,"turns":5.0},{"damage":0.0,"enemies":"Spire Growth","floor":41.0,"turns":5.0},{"damage":0.0,"enemies":"Mind Bloom Boss Battle","floor":42.0,"turns":5.0},{"damage":0.0,"enemies":"Giant Head","floor":46.0,"turns":6.0},{"damage":0.0,"enemies":"Writhing Mass","floor":48.0,"turns":3.0},{"damage":19,"enemies":"Time Eater","floor":50,"turns":8}],"seed_played":"1176300823319106617","potions_obtained":[{"floor":7.0,"key":"EssenceOfSteel"},{"floor":10.0,"key":"Weak Potion"},{"floor":16.0,"key":"SkillPotion"},{"floor":29.0,"key":"EssenceOfSteel"},{"floor":31.0,"key":"FocusPotion"},{"floor":33.0,"key":"GamblersBrew"},{"floor":36.0,"key":"LiquidBronze"},{"floor":42.0,"key":"Ancient Potion"},{"floor":48.0,"key":"FocusPotion"}],"is_trial":false,"path_per_floor":["M","?","?","M","T","R","M","$","T","M","R","M","?","?","R","B",null,"M","M","$","?","?","R","T","R","T","R","?","M","R","M","R","B",null,"M","M","M","?","$","R","M","?","T","R","$","E","R","M","R","B",null],"character_chosen":"DEFECT","items_purchased":["Thunder Strike","Ball Lightning","Recycle+1","Membership Card","Conserve Battery+1","Bottled Lightning","Molten Egg 2","Leap+1","Double Energy+1"],"campfire_rested":2,"item_purchase_floors":[8,8,20,39,39,45,45,45,45],"current_hp_per_floor":[53,53,46,44,44,44,38,38,38,28,28,28,25,10,32,30,75,75,74,74,74,74,74,74,74,74,74,74,74,74,71,71,71,75,67,67,64,55,55,55,55,55,55,55,55,55,55,55,75,56],"gold":63,"neow_bonus":"ONE_RARE_RELIC","is_prod":false,"is_daily":false,"chose_seed":false,"campfire_upgraded":5,"win_rate":0,"timestamp":1549238040,"path_taken":["M","?","?","M","?","R","M","$","T","?","R","M","?","?","R","BOSS","M","M","$","?","?","R","?","R","T","R","?","M","R","M","R","BOSS","M","M","?","?","$","R","M","?","T","R","$","E","R","M","R","BOSS"],"build_version":"2019-01-23","purchased_purges":2,"victory":true,"max_hp_per_floor":[75,75,75,75,75,75,75,75,75,75,75,75,75,75,75,75,75,75,75,75,75,75,75,75,75,75,75,75,75,75,75,75,75,75,75,75,75,75,75,75,75,75,75,75,75,75,75,75,75,75],"card_choices":[{"not_picked":["Cold Snap","Force Field"],"picked":"Ball Lightning","floor":1.0},{"not_picked":["Turbo","Leap"],"picked":"Ball Lightning","floor":4.0},{"not_picked":["Coolheaded+1","Storm"],"picked":"Conserve Battery+1","floor":7.0},{"not_picked":["Reprogram+1","Blizzard"],"picked":"Reinforced Body+1","floor":10.0},{"not_picked":["Gash","Cold Snap"],"picked":"White Noise+1","floor":12.0},{"not_picked":["Core Surge","Thunder Strike"],"picked":"Fission+1","floor":16.0},{"not_picked":["Compile Driver","Streamline"],"picked":"Go for the Eyes+1","floor":18.0},{"not_picked":["Reprogram+1","Gash"],"picked":"Hologram+1","floor":19.0},{"not_picked":["Rebound+1","Cold Snap"],"picked":"Leap+1","floor":29.0},{"not_picked":["Skim+1","Sweeping Beam","Loop"],"picked":"SKIP","floor":31.0},{"not_picked":["Seek+1","Core Surge"],"picked":"Multi-Cast+1","floor":33.0},{"not_picked":["Sweeping Beam"],"picked":"SKIP","floor":35.0},{"not_picked":["Undo+1"],"picked":"SKIP","floor":36.0},{"not_picked":[],"picked":"Leap+1","floor":37.0},{"not_picked":[],"picked":"Skim+1","floor":41.0},{"not_picked":["Doom and Gloom+1"],"picked":"SKIP","floor":46.0},{"not_picked":["Go for the Eyes+1"],"picked":"SKIP","floor":48.0}],"player_experience":722125,"relics_obtained":[{"floor":5.0,"key":"Toxic Egg 2"},{"floor":9.0,"key":"Gremlin Horn"},{"floor":24.0,"key":"Letter Opener"},{"floor":26.0,"key":"Matryoshka"},{"floor":42.0,"key":"Torii"},{"floor":43.0,"key":"War Paint"},{"floor":43.0,"key":"Frozen Egg 2"},{"floor":46.0,"key":"Art of War"}],"event_choices":[{"damage_healed":0.0,"max_hp_gain":0.0,"max_hp_loss":0.0,"gold_gain":175.0,"event_name":"Liars Game","player_choice":"AGREE","floor":2.0,"gold_loss":0.0,"damage_taken":0.0,"cards_obtained":["Doubt"]},{"cards_removed":["Doubt"],"damage_healed":0.0,"max_hp_gain":0.0,"max_hp_loss":0.0,"gold_gain":0.0,"event_name":"Golden Wing","player_choice":"Card Removal","floor":3.0,"gold_loss":0.0,"damage_taken":7.0},{"damage_healed":0.0,"max_hp_gain":0.0,"max_hp_loss":0.0,"gold_gain":0.0,"event_name":"Scrap Ooze","player_choice":"Success","floor":13.0,"gold_loss":0.0,"damage_taken":3.0,"relics_obtained":["The Courier"]},{"damage_healed":0.0,"max_hp_gain":0.0,"max_hp_loss":0.0,"gold_gain":0.0,"event_name":"Shining Light","player_choice":"Entered Light","floor":14.0,"gold_loss":0.0,"damage_taken":15.0,"cards_upgraded":["Strike_B","Thunder Strike"]},{"damage_healed":0.0,"max_hp_gain":0.0,"max_hp_loss":0.0,"gold_gain":0.0,"event_name":"The Library","player_choice":"Read","floor":21.0,"gold_loss":0.0,"damage_taken":0.0,"cards_obtained":["Tempest"]},{"damage_healed":0.0,"max_hp_gain":0.0,"max_hp_loss":0.0,"gold_gain":0.0,"event_name":"Addict","player_choice":"Stole Relic","floor":22.0,"gold_loss":0.0,"damage_taken":0.0,"relics_obtained":["Ornamental Fan"],"cards_obtained":["Shame"]},{"cards_removed":["Strike_B"],"damage_healed":0.0,"max_hp_gain":0.0,"max_hp_loss":0.0,"gold_gain":0.0,"event_name":"Purifier","player_choice":"Purged","floor":28.0,"gold_loss":0.0,"damage_taken":0.0},{"damage_healed":0.0,"max_hp_gain":0.0,"max_hp_loss":0.0,"gold_gain":0.0,"event_name":"Winding Halls","player_choice":"Embrace Madness","floor":38.0,"gold_loss":0.0,"damage_taken":9.0,"cards_obtained":["Madness","Madness"]},{"damage_healed":0.0,"max_hp_gain":0.0,"max_hp_loss":0.0,"gold_gain":0.0,"event_name":"MindBloom","player_choice":"Fight","floor":42.0,"gold_loss":0.0,"damage_taken":0.0}],"is_beta":false,"boss_relics":[{"not_picked":["Calling Bell","Inserter"],"picked":"Empty Cage"},{"not_picked":["Snecko Eye","Sozu"],"picked":"Busted Crown"}],"items_purged_floors":[8,20],"is_endless":false,"potions_floor_spawned":[7,10,16,29,31,33,36,42,48],"ascension_level":0}