{"gold_per_floor":[111,111,111,111,36,36,77,77,77,77,92,105,67,110,110,234,234,259,49,148,73,86,86,86,86,86,111,134,134,49,70,70,70],"floor_reached":33,"playtime":880,"items_purged":["Strike_R"],"score":367,"play_id":"27456bf6-1f43-41fc-a8f0-53592be6175b","local_time":"20190209145041","is_ascension_mode":true,"campfire_choices":[{"floor":6.0,"key":"REST"},{"floor":8.0,"key":"REST"},{"data":"Whirlwind","floor":15.0,"key":"SMITH"},{"data":"Shockwave","floor":23,"key":"SMITH"},{"data":"Bludgeon","floor":25,"key":"SMITH"},{"data":"Flex","floor":32,"key":"SMITH"}],"neow_cost":"NONE","seed_source_timestamp":682592543824200,"circlet_count":0,"master_deck":["Strike_R+1","Strike_R+1","Defend_R","Defend_R","Defend_R","Defend_R","Bash","Berserk","Whirlwind+1","Flex+1","Shockwave+1","Bludgeon+1","Pommel Strike+1","Flex","Corruption","Shrug It Off"],"special_seed":0,"relics":["Burning Blood","Golden Idol","Kunai","Letter Opener","Singing Bowl","Art of War","Mark of Pain","Chemical X","Champion Belt","The Courier"],"potions_floor_usage":[24,27,31],"damage_taken":[{"damage":7.0,"enemies":"Jaw Worm","floor":1.0,"turns":3.0},{"damage":45.0,"enemies":"3 Sentries","floor":7.0,"turns":6.0},{"damage":7.0,"enemies":"Small Slimes","floor":11.0,"turns":3.0},{"damage":0.0,"enemies":"2 Louse","floor":12.0,"turns":2.0},{"damage":11.0,"enemies":"Lagavulin","floor":14.0,"turns":6.0},{"damage":11,"enemies":"Slime Boss","floor":16,"turns":8},{"damage":2,"enemies":"Chosen","floor":18,"turns":4},{"damage":9,"enemies":"Shell Parasite","floor":22,"turns":3},{"damage":0,"enemies":"Snake Plant","floor":24,"turns":1},{"damage":0,"enemies":"Snecko","floor":27,"turns":2},{"damage":16,"enemies":"Sentry and Sphere","floor":28,"turns":3},{"damage":9,"enemies":"Snake Plant","floor":31,"turns":2},{"damage":76,"enemies":"Champ","floor":33,"turns":9}],"seed_played":"5015902038756480405","potions_obtained":[{"floor":1.0,"key":"LiquidBronze"},{"floor":12.0,"key":"SmokeBomb"},{"floor":16,"key":"EssenceOfSteel"},{"floor":18,"key":"Fire Potion"},{"floor":27,"key":"Ancient Potion"}],"is_trial":false,"path_per_floor":["M","?","?","?","$","R","E","R","T","?","M","M","$","E","R","B",null,"M","$","?","?","M","R","M","R","T","M","M","$","?","M","R","B"],"character_chosen":"IRONCLAD","items_purchased":["Shockwave","Chemical X"],"campfire_rested":2,"item_purchase_floors":[13,19],"current_hp_per_floor":[71,51,44,28,28,52,13,37,37,19,20,28,28,25,25,20,70,74,74,74,74,71,71,77,77,77,83,73,73,73,72,72,0],"gold":70,"neow_bonus":"ONE_RANDOM_RARE_CARD","is_prod":false,"is_daily":false,"chose_seed":false,"campfire_upgraded":4,"win_rate":0,"timestamp":1549749041,"path_taken":["M","?","?","?","$","R","E","R","T","?","M","M","$","E","R","BOSS","M","$","?","?","M","R","M","R","T","M","M","$","?","M","R","BOSS"],"build_version":"2019-01-23","purchased_purges":1,"victory":false,"max_hp_per_floor":[80,80,80,80,80,80,80,80,80,80,82,84,84,86,86,86,86,86,86,86,86,86,86,86,86,86,86,86,86,86,88,88,88],"card_choices":[{"not_picked":["Pommel Strike","Twin Strike"],"picked":"Whirlwind","floor":1.0},{"not_picked":["Burning Pact","Rupture"],"picked":"Flex","floor":7.0},{"not_picked":["Disarm","Iron Wave","Sword Boomerang"],"picked":"Singing Bowl","floor":11.0},{"not_picked":["Evolve","True Grit","Pommel Strike"],"picked":"Singing Bowl","floor":12.0},{"not_picked":["Perfected Strike","Pummel","Twin Strike"],"picked":"Singing Bowl","floor":14.0},{"not_picked":["Dark Embrace","Barricade"],"picked":"Bludgeon","floor":16},{"not_picked":["Seeing Red","Dropkick"],"picked":"Pommel Strike+1","floor":18},{"not_picked":["Clash","Clothesline"],"picked":"Flex","floor":22},{"not_picked":["Cleave+1","Body Slam"],"picked":"Corruption","floor":27},{"not_picked":["Hemokinesis+1","Pommel Strike"],"picked":"Shrug It Off","floor":28},{"not_picked":["Cleave","Iron Wave","Perfected Strike"],"picked":"Singing Bowl","floor":31}],"player_experience":320924,"relics_obtained":[{"floor":7.0,"key":"Kunai"},{"floor":9.0,"key":"Letter Opener"},{"floor":14.0,"key":"Art of War"},{"floor":26,"key":"Champion Belt"}],"event_choices":[{"damage_healed":0.0,"max_hp_gain":0.0,"max_hp_loss":0.0,"gold_gain":0.0,"event_name":"Golden Idol","player_choice":"Take Damage","floor":2.0,"gold_loss":0.0,"damage_taken":20.0,"relics_obtained":["Golden Idol"]},{"cards_removed":["Strike_R"],"damage_healed":0.0,"max_hp_gain":0.0,"max_hp_loss":0.0,"gold_gain":0.0,"event_name":"Golden Wing","player_choice":"Card Removal","floor":3.0,"gold_loss":0.0,"damage_taken":7.0},{"damage_healed":0.0,"max_hp_gain":0.0,"max_hp_loss":0.0,"gold_gain":0.0,"event_name":"Shining Light","player_choice":"Entered Light","floor":4.0,"gold_loss":0.0,"damage_taken":16.0,"cards_upgraded":["Strike_R","Strike_R"]},{"damage_healed":0.0,"max_hp_gain":0.0,"max_hp_loss":0.0,"gold_gain":0.0,"event_name":"Scrap Ooze","player_choice":"Success","floor":10.0,"gold_loss":0.0,"damage_taken":18.0,"relics_obtained":["Singing Bowl"]},{"damage_healed":0,"gold_gain":99,"player_choice":"Stole From Cult","damage_taken":0,"max_hp_gain":0,"max_hp_loss":0,"event_name":"Nest","floor":20,"gold_loss":0},{"cards_removed":["Strike_R"],"damage_healed":0,"gold_gain":0,"player_choice":"Gave Gold","damage_taken":0,"max_hp_gain":0,"max_hp_loss":0,"event_name":"Beggar","floor":21,"gold_loss":75},{"damage_healed":0,"gold_gain":0,"player_choice":"Obtained Relic","damage_taken":0,"relics_obtained":["The Courier"],"max_hp_gain":0,"max_hp_loss":0,"event_name":"Addict","floor":30,"gold_loss":85}],"is_beta":false,"boss_relics":[{"not_picked":["Calling Bell","Empty Cage"],"picked":"Mark of Pain"}],"items_purged_floors":[5],"is_endless":false,"potions_floor_spawned":[1,12,16,18,27],"killed_by":"Champ","ascension_level":9}