{"gold_per_floor":[113,288,288,20,20,52,52,413,413,447,447,479,554,60,60,158,158,178,178,191,203,54,82,93,93,143,175,202,202,220,246,246,351,351,362,362,381,98,98,98,76,76,129,241,267,279,291,315,327,339],"floor_reached":51,"playtime":3353,"items_purged":["Doubt","Decay"],"score":1170,"play_id":"79e90768-ebd7-4154-ab6a-6462604ae432","local_time":"20190211145246","is_ascension_mode":true,"campfire_choices":[{"data":"Zap","floor":7,"key":"SMITH"},{"data":"Tempest","floor":11,"key":"SMITH"},{"floor":15,"key":"REST"},{"data":"Fission","floor":25,"key":"SMITH"},{"floor":32,"key":"REST"},{"floor":40,"key":"REST"},{"data":"Coolheaded","floor":42,"key":"SMITH"},{"floor":49,"key":"REST"}],"neow_cost":"NONE","seed_source_timestamp":618314580518632,"circlet_count":0,"master_deck":["AscendersBane","Strike_B","Strike_B","Strike_B","Strike_B","Defend_B","Defend_B","Defend_B","Defend_B","Zap+1","Dualcast+1","Tempest+1","Leap","Thunder Strike+1","Turbo","Ball Lightning+1","Coolheaded","Hologram","BootSequence","Fission+1","Beam Cell+1","Sweeping Beam+1","Conserve Battery","Electrodynamics","Go for the Eyes+1","Rainbow","FTL+1","Turbo","Coolheaded+1","Biased Cognition","Hologram","FTL+1","Defragment","Steam","Dramatic Entrance+1","Conserve Battery","Leap","Consume+1","Glacier+1","Defragment+1","Undo"],"relics":["Cracked Core","NeowsBlessing","Sundial","Bottled Lightning","Gremlin Horn","Old Coin","Dream Catcher","Cables","Molten Egg 2","Regal Pillow","Meat on the Bone","Nuclear Battery","Strawberry","Art of War","Dodecahedron","Red Mask","Whetstone","Black Star","Runic Capacitor","MawBank","Shovel","Singing Bowl"],"potions_floor_usage":[10,12,23,30,50],"damage_taken":[{"damage":0,"enemies":"Jaw Worm","floor":1,"turns":1},{"damage":0,"enemies":"3 Sentries","floor":6,"turns":1},{"damage":0,"enemies":"Gremlin Nob","floor":8,"turns":1},{"damage":15,"enemies":"Gremlin Nob","floor":10,"turns":3},{"damage":1,"enemies":"3 Sentries","floor":12,"turns":4},{"damage":14,"enemies":"The Guardian","floor":16,"turns":9},{"damage":0,"enemies":"Shell Parasite","floor":18,"turns":3},{"damage":0,"enemies":"3 Byrds","floor":20,"turns":3},{"damage":0,"enemies":"Snake Plant","floor":21,"turns":2},{"damage":4,"enemies":"Slavers","floor":23,"turns":4},{"damage":1,"enemies":"Shelled Parasite and Fungi","floor":24,"turns":2},{"damage":19,"enemies":"Gremlin Leader","floor":27,"turns":4},{"damage":0,"enemies":"Masked Bandits","floor":28,"turns":2},{"damage":25,"enemies":"Centurion and Healer","floor":30,"turns":5},{"damage":9,"enemies":"Slavers","floor":31,"turns":3},{"damage":73,"enemies":"Automaton","floor":33,"turns":10},{"damage":16,"enemies":"3 Darklings","floor":35,"turns":3},{"damage":20,"enemies":"Orb Walker","floor":37,"turns":3},{"damage":29,"enemies":"Mind Bloom Boss Battle","floor":44,"turns":4},{"damage":21,"enemies":"Spire Growth","floor":45,"turns":3},{"damage":6,"enemies":"3 Darklings","floor":48,"turns":3},{"damage":37,"enemies":"Time Eater","floor":50,"turns":12}],"seed_played":"1290457275278258814","potions_obtained":[{"floor":1,"key":"SkillPotion"},{"floor":8,"key":"LiquidBronze"},{"floor":20,"key":"GamblersBrew"},{"floor":21,"key":"Dexterity Potion"},{"floor":24,"key":"Regen Potion"},{"floor":33,"key":"FocusPotion"},{"floor":36,"key":"EntropicBrew"}],"is_trial":false,"path_per_floor":["M","?","?","$","?","E","R","?","T","E","R","E","?","$","R","B",null,"M","?","M","M","$","E","M","R","T","E","?","?","M","E","R","B",null,"M","?","M","$","?","R","$","R","T","?","M","?","T","M","R","B",null],"character_chosen":"DEFECT","items_purchased":["Bottled Lightning","Leap","Regal Pillow","Meat on the Bone","Hologram","Conserve Battery","Defragment","Runic Capacitor","Steam","Leap"],"campfire_rested":4,"item_purchase_floors":[4,4,14,14,14,22,38,38,38,41],"current_hp_per_floor":[68,68,65,65,65,65,65,65,65,50,50,49,38,38,75,61,72,72,72,72,72,72,75,74,74,74,55,55,55,42,45,82,21,67,51,51,43,43,43,82,82,82,82,53,44,44,44,50,82,45],"gold":351,"neow_bonus":"THREE_ENEMY_KILL","is_prod":false,"is_daily":false,"chose_seed":false,"campfire_upgraded":4,"win_rate":0,"timestamp":1549875166,"path_taken":["M","?","?","$","?","E","R","?","T","E","R","E","?","$","R","BOSS","M","?","?","?","$","E","M","R","T","E","?","?","M","E","R","BOSS","M","?","?","$","?","R","$","R","T","?","M","?","?","?","R","BOSS"],"build_version":"2019-01-23","purchased_purges":2,"victory":true,"max_hp_per_floor":[75,75,75,75,75,75,75,75,75,75,75,75,75,75,75,75,75,75,75,75,75,75,82,82,82,82,82,82,82,82,82,82,82,82,82,82,82,82,82,82,82,82,82,82,82,82,82,82,82,82],"card_choices":[{"not_picked":["Sunder","Gash"],"picked":"Tempest","floor":1},{"not_picked":["Beam Cell","Ball Lightning"],"picked":"Thunder Strike","floor":6},{"not_picked":["Leap","Rebound"],"picked":"Turbo","floor":8},{"not_picked":["Hyperbeam","Redo"],"picked":"Ball Lightning","floor":10},{"not_picked":["Core Surge","Doom and Gloom"],"picked":"Coolheaded","floor":12},{"not_picked":["Beam Cell+1","Rip and Tear+1"],"picked":"BootSequence","floor":15},{"not_picked":["Multi-Cast","Rainbow"],"picked":"Fission","floor":16},{"not_picked":["Go for the Eyes+1","Streamline+1"],"picked":"Beam Cell+1","floor":18},{"not_picked":["Turbo","Streamline+1"],"picked":"Sweeping Beam+1","floor":20},{"not_picked":["Aggregate","Gash+1","Self Repair"],"picked":"SKIP","floor":21},{"not_picked":["Recycle","Ball Lightning+1"],"picked":"Electrodynamics","floor":23},{"not_picked":["Beam Cell+1","Compile Driver+1"],"picked":"Go for the Eyes+1","floor":24},{"not_picked":["Aggregate","Blizzard+1","Meteor Strike+1"],"picked":"SKIP","floor":27},{"not_picked":["Steam","Gash+1"],"picked":"FTL+1","floor":30},{"not_picked":["Self Repair","Beam Cell+1"],"picked":"Turbo","floor":31},{"not_picked":["Self Repair","Barrage+1"],"picked":"Coolheaded","floor":32},{"not_picked":["Core Surge+1","Hyperbeam+1"],"picked":"Biased Cognition","floor":33},{"not_picked":["Cold Snap+1","Doom and Gloom+1"],"picked":"Hologram","floor":35},{"not_picked":["Storm+1","Leap"],"picked":"FTL+1","floor":37},{"not_picked":["Swift Strike+1","Deep Breath"],"picked":"Dramatic Entrance+1","floor":39},{"not_picked":["Compile Driver+1","Gash+1"],"picked":"Conserve Battery","floor":40},{"not_picked":["Go for the Eyes+1","Conserve Battery"],"picked":"Consume+1","floor":44},{"not_picked":["Coolheaded","Gash+1"],"picked":"Glacier+1","floor":45},{"not_picked":["Sweeping Beam+1","Leap+1"],"picked":"Defragment+1","floor":48},{"not_picked":["Gash+1","Scrape+1"],"picked":"Undo","floor":49}],"player_experience":784572,"relics_obtained":[{"floor":6,"key":"Gremlin Horn"},{"floor":8,"key":"Old Coin"},{"floor":9,"key":"Dream Catcher"},{"floor":10,"key":"Cables"},{"floor":12,"key":"Molten Egg 2"},{"floor":23,"key":"Strawberry"},{"floor":26,"key":"Art of War"},{"floor":27,"key":"Dodecahedron"},{"floor":28,"key":"Red Mask"},{"floor":31,"key":"Whetstone"},{"floor":43,"key":"MawBank"},{"floor":44,"key":"Shovel"},{"floor":47,"key":"Singing Bowl"}],"event_choices":[{"damage_healed":0,"gold_gain":175,"player_choice":"AGREE","damage_taken":0,"max_hp_gain":0,"max_hp_loss":0,"event_name":"Liars Game","floor":2,"gold_loss":0,"cards_obtained":["Doubt"]},{"damage_healed":0,"gold_gain":0,"player_choice":"Success","damage_taken":3,"relics_obtained":["Sundial"],"max_hp_gain":0,"max_hp_loss":0,"event_name":"Scrap Ooze","floor":3,"gold_loss":0},{"damage_healed":0,"gold_gain":0,"player_choice":"Grow","damage_taken":0,"max_hp_gain":0,"max_hp_loss":0,"event_name":"Living Wall","floor":5,"gold_loss":0,"cards_upgraded":["Dualcast"]},{"damage_healed":0,"gold_gain":0,"player_choice":"Searched \u00271\u0027 times","damage_taken":0,"max_hp_gain":0,"max_hp_loss":0,"event_name":"Dead Adventurer","floor":8,"gold_loss":0},{"damage_healed":0,"gold_gain":75,"player_choice":"Gather Gold","damage_taken":11,"max_hp_gain":0,"max_hp_loss":0,"event_name":"World of Goop","floor":13,"gold_loss":0},{"damage_healed":0,"gold_gain":0,"player_choice":"Cursed","damage_taken":0,"max_hp_gain":0,"max_hp_loss":0,"event_name":"Wheel of Change","floor":19,"gold_loss":0,"cards_obtained":["Decay"]},{"damage_healed":0,"gold_gain":0,"player_choice":"Fought Bandits","damage_taken":0,"max_hp_gain":0,"max_hp_loss":0,"event_name":"Masked Bandits","floor":28,"gold_loss":0},{"damage_healed":0,"gold_gain":0,"player_choice":"2 cards matched","damage_taken":0,"max_hp_gain":0,"max_hp_loss":0,"event_name":"Match and Keep!","floor":29,"gold_loss":0,"cards_obtained":["Rainbow","Dramatic Entrance"]},{"damage_healed":0,"gold_gain":0,"player_choice":"Got Potions","damage_taken":0,"max_hp_gain":0,"max_hp_loss":0,"event_name":"Lab","floor":36,"gold_loss":0},{"damage_healed":0,"gold_gain":0,"player_choice":"Memory 1","damage_taken":0,"max_hp_gain":0,"max_hp_loss":0,"event_name":"SensoryStone","floor":39,"gold_loss":0},{"damage_healed":0,"gold_gain":0,"player_choice":"Fight","damage_taken":0,"max_hp_gain":0,"max_hp_loss":0,"event_name":"MindBloom","floor":44,"gold_loss":0},{"cards_removed":["Dramatic Entrance"],"damage_healed":0,"gold_gain":0,"player_choice":"Removed Attack","damage_taken":0,"max_hp_gain":0,"max_hp_loss":0,"event_name":"Falling","floor":46,"gold_loss":0}],"is_beta":false,"boss_relics":[{"not_picked":["Snecko Eye","Philosopher\u0027s Stone"],"picked":"Nuclear Battery"},{"not_picked":["Runic Dome","Busted Crown"],"picked":"Black Star"}],"items_purged_floors":[14,22],"is_endless":false,"potions_floor_spawned":[1,8,20,21,24,27,33,45],"ascension_level":11}