{"gold_per_floor":[116,135,15,15,15,46,46,80,152,172,187,187,187,212,212,212],"floor_reached":16,"playtime":587,"items_purged":[],"score":138,"play_id":"49771079-a27f-4be5-99c7-a59813bd1426","local_time":"20181209192842","is_ascension_mode":true,"campfire_choices":[{"floor":7,"key":"RECALL"},{"data":"Armaments","floor":12,"key":"SMITH"},{"data":"Metallicize","floor":15,"key":"SMITH"}],"neow_cost":"NONE","seed_source_timestamp":1823340076359600,"circlet_count":0,"master_deck":["Strike_R","Strike_R","Strike_R","Strike_R","Strike_R","Defend_R","Defend_R","Defend_R","Defend_R","Bash","Clothesline","Ghostly Armor","Blood for Blood","Metallicize+1","Armaments+1","Pummel"],"relics":["Burning Blood","Golden Idol","Happy Flower","Boot","Mummified Hand"],"potions_floor_usage":[8,16],"damage_taken":[{"damage":9,"enemies":"2 Louse","floor":1,"turns":3},{"damage":11,"enemies":"Small Slimes","floor":2,"turns":3},{"damage":29,"enemies":"3 Sentries","floor":6,"turns":12},{"damage":26,"enemies":"Lagavulin","floor":8,"turns":8},{"damage":0,"enemies":"Jaw Worm","floor":10,"turns":4},{"damage":0,"enemies":"Gremlin Gang","floor":11,"turns":6},{"damage":4,"enemies":"2 Fungi Beasts","floor":14,"turns":2},{"damage":65,"enemies":"Slime Boss","floor":16,"turns":11}],"seed_played":"705841576003323634","potions_obtained":[{"floor":6,"key":"Fire Potion"},{"floor":10,"key":"SteroidPotion"},{"floor":11,"key":"Strength Potion"},{"floor":14,"key":"Poison Potion"}],"is_trial":false,"path_per_floor":["M","M","$","?","?","E","R","E","T","M","M","R","?","M","R","B"],"character_chosen":"IRONCLAD","items_purchased":["Blood for Blood","Metallicize"],"campfire_rested":0,"item_purchase_floors":[3,3],"current_hp_per_floor":[85,80,80,80,85,62,62,42,42,48,54,54,54,56,56,0],"gold":212,"neow_bonus":"TEN_PERCENT_HP_BONUS","is_prod":false,"is_daily":false,"chose_seed":false,"campfire_upgraded":2,"win_rate":0,"timestamp":1544380122,"path_taken":["M","M","$","?","?","E","R","E","T","M","M","R","?","M","R","BOSS"],"build_version":"2018-12-06","purchased_purges":0,"victory":false,"max_hp_per_floor":[88,88,88,81,86,86,86,86,86,86,86,86,86,86,86,86],"card_choices":[{"not_picked":["Sword Boomerang","Sever Soul"],"picked":"Clothesline","floor":1},{"not_picked":["Clash","Burning Pact"],"picked":"Ghostly Armor","floor":2},{"not_picked":["Heavy Blade","Burning Pact","Perfected Strike"],"picked":"SKIP","floor":6},{"not_picked":["Clash","Burning Pact"],"picked":"Armaments","floor":8},{"not_picked":["Heavy Blade","Second Wind"],"picked":"Pummel","floor":10},{"not_picked":["Headbutt","Thunderclap","Sword Boomerang"],"picked":"SKIP","floor":11},{"not_picked":["Clash","Havoc","Cleave"],"picked":"SKIP","floor":14}],"player_experience":792862,"relics_obtained":[{"floor":6,"key":"Happy Flower"},{"floor":8,"key":"Boot"},{"floor":9,"key":"Mummified Hand"}],"event_choices":[{"damage_healed":0,"gold_gain":0,"player_choice":"Lose Max HP","damage_taken":0,"relics_obtained":["Golden Idol"],"max_hp_gain":0,"max_hp_loss":7,"event_name":"Golden Idol","floor":4,"gold_loss":0},{"damage_healed":0,"gold_gain":0,"player_choice":"Donut","damage_taken":0,"max_hp_gain":5,"max_hp_loss":0,"event_name":"Big Fish","floor":5,"gold_loss":0},{"damage_healed":0,"gold_gain":0,"player_choice":"Bought 0 Potions","damage_taken":0,"max_hp_gain":0,"max_hp_loss":0,"event_name":"The Woman in Blue","floor":13,"gold_loss":0}],"is_beta":false,"boss_relics":[],"items_purged_floors":[],"is_endless":false,"potions_floor_spawned":[6,10,11,14],"killed_by":"Slime Boss","ascension_level":5}