{"gold_per_floor":[111,61,61,78,98,133,145,145,170,170,170,200,211,242,242,337,337,356,367,367,214,314,314,347,347,399,433,449,464,494,494,494,494],"floor_reached":33,"playtime":1499,"items_purged":["Defend_R+1"],"score":468,"play_id":"5776004b-362c-4464-81d9-290fa2acde1b","local_time":"20190118210944","is_ascension_mode":true,"campfire_choices":[{"data":"Offering","floor":8.0,"key":"SMITH"},{"data":"Clothesline","floor":11.0,"key":"SMITH"},{"data":"Rage","floor":15.0,"key":"SMITH"},{"data":"Armaments","floor":23.0,"key":"SMITH"},{"data":"Limit Break","floor":25.0,"key":"SMITH"},{"data":"Whirlwind","floor":32,"key":"SMITH"}],"neow_cost":"NONE","seed_source_timestamp":787636961707,"circlet_count":0,"master_deck":["Strike_R+1","Strike_R+1","Strike_R+1","Strike_R+1","Defend_R+1","Defend_R+1","Bash","Offering+1","Anger","Clothesline+1","Twin Strike","Flex","Evolve","Rage+1","Twin Strike","Limit Break+1","Whirlwind+1","Perfected Strike","Seeing Red","Armaments+1","Wild Strike","Power Through","Spot Weakness+1","Carnage+1","Wild Strike+1"],"special_seed":0,"relics":["Burning Blood","Lantern","Pen Nib","Orichalcum","Oddly Smooth Stone","Orrery","Incense Burner","Blue Candle","Letter Opener","Ancient Tea Set","Blood Vial","Centennial Puzzle"],"potions_floor_usage":[30,30,33],"damage_taken":[{"damage":6.0,"enemies":"Jaw Worm","floor":1.0,"turns":3.0},{"damage":6.0,"enemies":"2 Louse","floor":4.0,"turns":2.0},{"damage":0.0,"enemies":"Small Slimes","floor":5.0,"turns":3.0},{"damage":12.0,"enemies":"Gremlin Nob","floor":6.0,"turns":3.0},{"damage":9.0,"enemies":"Blue Slaver","floor":7.0,"turns":2.0},{"damage":11.0,"enemies":"Lagavulin","floor":12.0,"turns":3.0},{"damage":6.0,"enemies":"Large Slime","floor":13.0,"turns":3.0},{"damage":12.0,"enemies":"Gremlin Nob","floor":14.0,"turns":3.0},{"damage":30.0,"enemies":"Slime Boss","floor":16.0,"turns":8.0},{"damage":5.0,"enemies":"Spheric Guardian","floor":18.0,"turns":3.0},{"damage":12.0,"enemies":"Chosen","floor":19.0,"turns":3.0},{"damage":6.0,"enemies":"Colosseum Slavers","floor":22.0,"turns":4.0},{"damage":0.0,"enemies":"Colosseum Nobs","floor":22.0,"turns":3.0},{"damage":21.0,"enemies":"Gremlin Leader","floor":24.0,"turns":4.0},{"damage":18.0,"enemies":"Book of Stabbing","floor":27.0,"turns":3.0},{"damage":10,"enemies":"Snake Plant","floor":28,"turns":3},{"damage":20,"enemies":"3 Cultists","floor":29,"turns":5},{"damage":24,"enemies":"Slavers","floor":30,"turns":4},{"damage":82,"enemies":"Automaton","floor":33,"turns":6}],"seed_played":"-4995074958474493546","potions_obtained":[{"floor":4.0,"key":"Fire Potion"},{"floor":5.0,"key":"FearPotion"},{"floor":6.0,"key":"GamblersBrew"},{"floor":13.0,"key":"PowerPotion"},{"floor":18.0,"key":"FearPotion"},{"floor":19.0,"key":"PowerPotion"},{"floor":24.0,"key":"FearPotion"},{"floor":27.0,"key":"LiquidBronze"},{"floor":29,"key":"SteroidPotion"},{"floor":30,"key":"Explosive Potion"}],"is_trial":false,"path_per_floor":["M","?","?","M","M","E","M","R","T","?","R","E","M","E","R","B",null,"M","M","?","$","?","R","E","R","T","E","M","M","E","?","R","B"],"character_chosen":"IRONCLAD","items_purchased":["Power Through"],"campfire_rested":0,"item_purchase_floors":[21],"current_hp_per_floor":[72,72,72,72,78,72,69,69,69,74,74,69,69,63,63,39,74,75,69,69,69,75,75,60,60,60,48,46,34,18,46,46,0],"gold":494,"neow_bonus":"ONE_RANDOM_RARE_CARD","is_prod":false,"is_daily":false,"chose_seed":false,"campfire_upgraded":6,"win_rate":0,"timestamp":1547867384,"path_taken":["M","?","?","M","M","E","M","R","T","?","R","E","M","E","R","BOSS","M","M","?","$","?","R","E","R","T","E","M","M","E","?","R","BOSS"],"build_version":"2019-01-17v2","purchased_purges":1,"victory":false,"max_hp_per_floor":[80,80,80,80,80,80,80,80,80,85,85,85,85,85,85,85,85,85,85,85,85,85,85,85,85,85,85,85,85,85,85,85,85],"card_choices":[{"not_picked":["Heavy Blade","Shockwave"],"picked":"Anger","floor":1.0},{"not_picked":["Flame Barrier","Pommel Strike"],"picked":"Clothesline","floor":4.0},{"not_picked":["Warcry","Blood for Blood"],"picked":"Twin Strike","floor":5.0},{"not_picked":["Sentinel","Cleave"],"picked":"Flex","floor":6.0},{"not_picked":["Brutality","Iron Wave"],"picked":"Evolve","floor":7.0},{"not_picked":["Inflame","Rupture"],"picked":"Rage","floor":12.0},{"not_picked":["Body Slam","Intimidate"],"picked":"Twin Strike","floor":13.0},{"not_picked":["Rage","Clothesline","Body Slam"],"picked":"SKIP","floor":14.0},{"not_picked":["Double Tap","Impervious"],"picked":"Limit Break","floor":16.0},{"not_picked":["Thunderclap","Fire Breathing"],"picked":"Whirlwind","floor":17.0},{"not_picked":["Clash","Anger"],"picked":"Perfected Strike","floor":17.0},{"not_picked":["Havoc","Flex"],"picked":"Seeing Red","floor":17.0},{"not_picked":["Pommel Strike","Dual Wield"],"picked":"Armaments","floor":18.0},{"not_picked":["Clothesline+1","Havoc"],"picked":"Wild Strike","floor":19.0},{"not_picked":["Clothesline","Pummel"],"picked":"Spot Weakness+1","floor":22.0},{"not_picked":["Cleave","Blood for Blood"],"picked":"Carnage+1","floor":24.0},{"not_picked":["Iron Wave+1","Havoc"],"picked":"Wild Strike+1","floor":27.0},{"not_picked":["Hemokinesis+1","Armaments","Clothesline"],"picked":"SKIP","floor":28},{"not_picked":["Limit Break","Perfected Strike","Anger+1"],"picked":"SKIP","floor":29},{"not_picked":["Wild Strike","Havoc","Shockwave"],"picked":"SKIP","floor":30}],"player_experience":178741,"relics_obtained":[{"floor":6.0,"key":"Lantern"},{"floor":9.0,"key":"Pen Nib"},{"floor":12.0,"key":"Orichalcum"},{"floor":14.0,"key":"Oddly Smooth Stone"},{"floor":22.0,"key":"Incense Burner"},{"floor":22.0,"key":"Blue Candle"},{"floor":24.0,"key":"Letter Opener"},{"floor":26.0,"key":"Ancient Tea Set"},{"floor":27.0,"key":"Blood Vial"},{"floor":30,"key":"Centennial Puzzle"}],"event_choices":[{"cards_removed":["Strike_R"],"damage_healed":0.0,"max_hp_gain":0.0,"max_hp_loss":0.0,"gold_gain":0.0,"event_name":"The Cleric","player_choice":"Card Removal","floor":2.0,"gold_loss":50.0,"damage_taken":0.0},{"cards_removed":["Defend_R"],"damage_healed":0.0,"max_hp_gain":0.0,"max_hp_loss":0.0,"gold_gain":0.0,"event_name":"Living Wall","player_choice":"Forget","floor":3.0,"gold_loss":0.0,"damage_taken":0.0},{"damage_healed":0.0,"max_hp_gain":5.0,"max_hp_loss":0.0,"gold_gain":0.0,"event_name":"Big Fish","player_choice":"Donut","floor":10.0,"gold_loss":0.0,"damage_taken":0.0},{"damage_healed":0.0,"max_hp_gain":0.0,"max_hp_loss":0.0,"gold_gain":0.0,"event_name":"Back to Basics","player_choice":"Simplicity","floor":20.0,"gold_loss":0.0,"damage_taken":0.0,"cards_upgraded":["Strike_R","Strike_R","Strike_R","Strike_R","Defend_R","Defend_R","Defend_R"]},{"damage_healed":0.0,"max_hp_gain":0.0,"max_hp_loss":0.0,"gold_gain":0.0,"event_name":"Colosseum","player_choice":"Fight","floor":22.0,"gold_loss":0.0,"damage_taken":0.0},{"damage_healed":0.0,"max_hp_gain":0.0,"max_hp_loss":0.0,"gold_gain":0.0,"event_name":"Colosseum","player_choice":"Fought Nobs","floor":22.0,"gold_loss":0.0,"damage_taken":0.0},{"damage_healed":28,"gold_gain":0,"player_choice":"Heal","damage_taken":0,"max_hp_gain":0,"max_hp_loss":0,"event_name":"The Library","floor":31,"gold_loss":0}],"is_beta":false,"boss_relics":[{"not_picked":["Runic Cube","Calling Bell"],"picked":"Orrery"}],"items_purged_floors":[21],"is_endless":false,"potions_floor_spawned":[4,5,6,13,18,19,24,27,29,30],"killed_by":"Automaton","ascension_level":9}