{"gold_per_floor":[118,68,80,80,5,5,21,53,53,68,68,84,84,104,104,205,205,222,222,236,99,116,116],"floor_reached":23,"playtime":1123,"items_purged":["Strike_R"],"score":222,"play_id":"7e37feb4-ab94-4eec-bdfe-ae29e2823ad7","local_time":"20181112012213","is_ascension_mode":true,"campfire_choices":[{"data":"Blood for Blood","floor":6,"key":"SMITH"},{"data":"Iron Wave","floor":11,"key":"SMITH"},{"data":"Clothesline","floor":13,"key":"SMITH"},{"data":"Defend_R","floor":15,"key":"SMITH"}],"neow_cost":"NONE","seed_source_timestamp":989573748742698,"circlet_count":0,"master_deck":["Strike_R","Strike_R","Defend_R+1","Defend_R","Defend_R","Defend_R","Bash","Thunderclap","Blood for Blood+1","Iron Wave+1","Immolate","Pommel Strike","Clothesline+1","Clash","Barricade","Warcry","Shockwave","Shrug It Off","Madness","Intimidate"],"relics":["Burning Blood","NeowsBlessing","Bottled Lightning","Strawberry","Black Star","Ancient Tea Set"],"potions_floor_usage":[8,22],"damage_taken":[{"damage":0,"enemies":"Small Slimes","floor":1,"turns":1},{"damage":0,"enemies":"Jaw Worm","floor":3,"turns":1},{"damage":0,"enemies":"Cultist","floor":7,"turns":1},{"damage":18,"enemies":"3 Sentries","floor":8,"turns":6},{"damage":12,"enemies":"Exordium Wildlife","floor":10,"turns":3},{"damage":1,"enemies":"Looter","floor":12,"turns":3},{"damage":5,"enemies":"Blue Slaver","floor":14,"turns":3},{"damage":47,"enemies":"The Guardian","floor":16,"turns":11},{"damage":32,"enemies":"Chosen","floor":18,"turns":7},{"damage":39,"enemies":"Spheric Guardian","floor":20,"turns":5},{"damage":24,"enemies":"Snecko","floor":22,"turns":4},{"damage":14,"enemies":"Gremlin Leader","floor":23,"turns":2}],"seed_played":"-2874945319451367254","potions_obtained":[{"floor":3,"key":"Block Potion"},{"floor":7,"key":"FearPotion"}],"is_trial":false,"path_per_floor":["M","?","M","?","$","R","M","E","T","M","R","M","R","M","R","B",null,"M","?","M","$","M","E"],"character_chosen":"IRONCLAD","items_purchased":["Shrug It Off","Madness"],"campfire_rested":0,"item_purchase_floors":[21,21],"current_hp_per_floor":[80,80,80,80,80,80,80,68,75,69,69,74,74,75,75,34,87,61,61,28,28,10,0],"gold":116,"neow_bonus":"THREE_ENEMY_KILL","is_prod":false,"is_daily":false,"chose_seed":false,"campfire_upgraded":4,"win_rate":0,"timestamp":1542003733,"path_taken":["M","?","M","?","?","R","M","E","T","?","R","M","R","M","R","BOSS","M","?","M","$","M","E"],"build_version":"2018-11-08","purchased_purges":1,"victory":false,"max_hp_per_floor":[80,80,80,80,80,80,80,80,87,87,87,87,87,87,87,87,87,87,87,87,87,87,87],"card_choices":[{"not_picked":["Cleave","Warcry"],"picked":"Thunderclap","floor":1},{"not_picked":["Anger","Rupture"],"picked":"Blood for Blood","floor":3},{"not_picked":["Flex","Feel No Pain"],"picked":"Iron Wave","floor":7},{"not_picked":["Limit Break","Body Slam"],"picked":"Immolate","floor":8},{"not_picked":["Anger","Flex"],"picked":"Pommel Strike","floor":10},{"not_picked":["Burning Pact","Havoc"],"picked":"Clothesline","floor":12},{"not_picked":["True Grit","Clothesline"],"picked":"Clash","floor":14},{"not_picked":["Reaper","Demon Form"],"picked":"Barricade","floor":16},{"not_picked":["Clash","Anger"],"picked":"Warcry","floor":18},{"not_picked":["True Grit","Disarm"],"picked":"Shockwave","floor":20},{"not_picked":["Seeing Red","True Grit"],"picked":"Intimidate","floor":22}],"player_experience":253913,"relics_obtained":[{"floor":8,"key":"Bottled Lightning"},{"floor":9,"key":"Strawberry"}],"event_choices":[{"cards_removed":["Strike_R"],"damage_healed":0,"gold_gain":0,"player_choice":"Card Removal","damage_taken":0,"max_hp_gain":0,"max_hp_loss":0,"event_name":"The Cleric","floor":2,"gold_loss":50},{"cards_removed":["Strike_R"],"damage_healed":0,"gold_gain":0,"player_choice":"Forget","damage_taken":0,"max_hp_gain":0,"max_hp_loss":0,"event_name":"Living Wall","floor":4,"gold_loss":0},{"damage_healed":0,"gold_gain":0,"player_choice":"Opened","damage_taken":0,"relics_obtained":["Ancient Tea Set"],"max_hp_gain":0,"max_hp_loss":0,"event_name":"The Mausoleum","floor":19,"gold_loss":0}],"is_beta":false,"boss_relics":[{"not_picked":["Lizard Tail","White Beast Statue"],"picked":"Black Star"}],"items_purged_floors":[5],"is_endless":false,"potions_floor_spawned":[3,7],"killed_by":"Gremlin Leader","ascension_level":3}