{"gold_per_floor":[111,121,134,148,148,148,181,181,181,181,195,253,253,278,278,379,379,392,392,245,257,269,303,303,333,333,345,377,377,377,377,377,475,475,493,507,26,45,64,64,97,97,97,430,530,548,548],"floor_reached":47,"playtime":2420,"items_purged":["Defend_B","Clumsy"],"score":878,"play_id":"6e0d099b-7f45-4aba-8834-019a9e2a6ea0","local_time":"20190118221301","is_ascension_mode":true,"campfire_choices":[{"floor":6.0,"key":"REST"},{"data":"Zap","floor":8.0,"key":"SMITH"},{"data":"Hologram","floor":15.0,"key":"SMITH"},{"floor":24.0,"key":"REST"},{"data":"Dualcast","floor":29.0,"key":"SMITH"},{"data":"Coolheaded","floor":32.0,"key":"SMITH"},{"data":"Enlightenment","floor":40,"key":"SMITH"},{"data":"Force Field","floor":42,"key":"SMITH"}],"neow_cost":"NONE","seed_source_timestamp":3658229773954,"circlet_count":0,"master_deck":["Strike_B","Strike_B","Defend_B","Defend_B","Zap+1","Dualcast+1","Ball Lightning+1","Rebound+1","Thunder Strike+1","Consume+1","Auto Shields","Melter","Conserve Battery","Hologram+1","Electrodynamics+1","Defragment+1","Flash of Steel","Defragment+1","Steam+1","Loop+1","Self Repair+1","Coolheaded+1","Core Surge","Cold Snap","Capacitor+1","Force Field+1","Enlightenment+1","Redo+1","Defragment+1"],"special_seed":0,"relics":["Astrolabe","Frozen Egg 2","Bag of Marbles","Mummified Hand","Tiny Chest","Letter Opener","Gambling Chip","Cursed Key","Anchor","Gremlin Horn","Vajra","Kunai","White Beast Statue","Ancient Tea Set","Pen Nib","Old Coin","Turnip"],"potions_floor_usage":[33,33,39,44],"damage_taken":[{"damage":1.0,"enemies":"Cultist","floor":1.0,"turns":3.0},{"damage":8.0,"enemies":"2 Louse","floor":2.0,"turns":2.0},{"damage":1.0,"enemies":"Small Slimes","floor":3.0,"turns":2.0},{"damage":3.0,"enemies":"Blue Slaver","floor":4.0,"turns":3.0},{"damage":19.0,"enemies":"Lagavulin","floor":7.0,"turns":7.0},{"damage":0.0,"enemies":"Exordium Wildlife","floor":11.0,"turns":3.0},{"damage":10.0,"enemies":"3 Sentries","floor":12.0,"turns":5.0},{"damage":17.0,"enemies":"Gremlin Nob","floor":14.0,"turns":4.0},{"damage":1.0,"enemies":"Hexaghost","floor":16.0,"turns":7.0},{"damage":0.0,"enemies":"Spheric Guardian","floor":18.0,"turns":1.0},{"damage":0.0,"enemies":"Chosen","floor":21.0,"turns":3.0},{"damage":16.0,"enemies":"Snake Plant","floor":22.0,"turns":3.0},{"damage":7.0,"enemies":"Slavers","floor":23.0,"turns":2.0},{"damage":3.0,"enemies":"Gremlin Leader","floor":25.0,"turns":3.0},{"damage":3.0,"enemies":"Chosen and Byrds","floor":27.0,"turns":3.0},{"damage":23.0,"enemies":"Book of Stabbing","floor":28.0,"turns":5.0},{"damage":23,"enemies":"Champ","floor":33,"turns":7},{"damage":26,"enemies":"3 Darklings","floor":35,"turns":3},{"damage":3,"enemies":"3 Shapes","floor":36,"turns":4},{"damage":14,"enemies":"Transient","floor":38,"turns":5},{"damage":15,"enemies":"Jaw Worm Horde","floor":39,"turns":3},{"damage":0,"enemies":"Giant Head","floor":41,"turns":7},{"damage":35,"enemies":"Nemesis","floor":44,"turns":5},{"damage":12,"enemies":"Mind Bloom Boss Battle","floor":45,"turns":5},{"damage":5,"enemies":"3 Darklings","floor":46,"turns":3},{"damage":28,"enemies":"Giant Head","floor":47,"turns":5}],"seed_played":"4852480416429159757","potions_obtained":[{"floor":2.0,"key":"EssenceOfSteel"},{"floor":3.0,"key":"Swift Potion"},{"floor":4.0,"key":"FocusPotion"},{"floor":7.0,"key":"EssenceOfSteel"},{"floor":12.0,"key":"Dexterity Potion"},{"floor":22.0,"key":"FocusPotion"},{"floor":25.0,"key":"Swift Potion"},{"floor":27.0,"key":"SkillPotion"},{"floor":35,"key":"FocusPotion"},{"floor":36,"key":"SkillPotion"},{"floor":39,"key":"LiquidBronze"},{"floor":41,"key":"PowerPotion"},{"floor":44,"key":"Dexterity Potion"}],"is_trial":false,"path_per_floor":["M","M","M","M","?","R","E","R","T","?","M","E","T","E","R","B",null,"M","?","$","M","M","E","R","E","T","M","E","R","T","?","R","B",null,"M","M","$","M","M","R","E","R","T","E","?","M","E"],"character_chosen":"DEFECT","items_purchased":["Defragment+1","Capacitor+1","Ancient Tea Set","Force Field","Enlightenment"],"campfire_rested":2,"item_purchase_floors":[20,37,37,37,37],"current_hp_per_floor":[67,59,58,55,37,59,40,40,40,40,40,30,30,13,13,12,59,59,59,59,59,43,36,58,55,55,62,49,49,49,49,49,36,65,49,56,56,52,47,47,57,57,57,32,30,25,0],"gold":548,"neow_bonus":"BOSS_RELIC","is_prod":false,"is_daily":false,"chose_seed":false,"campfire_upgraded":6,"win_rate":0,"timestamp":1547871181,"path_taken":["M","M","?","M","?","R","E","R","T","?","M","E","?","E","R","BOSS","M","?","$","?","M","E","R","E","T","M","E","R","?","?","R","BOSS","M","M","$","M","M","R","E","R","T","E","?","M","E"],"build_version":"2019-01-17v2","purchased_purges":2,"victory":false,"max_hp_per_floor":[75,75,75,75,75,75,75,75,75,75,75,75,75,75,75,75,75,75,75,75,75,75,75,75,75,75,75,75,75,75,75,75,75,75,75,75,75,75,75,75,75,75,75,75,75,75,75],"card_choices":[{"not_picked":["Ball Lightning","Cold Snap"],"picked":"Consume","floor":1.0},{"not_picked":["Reprogram","Go for the Eyes"],"picked":"Auto Shields","floor":2.0},{"not_picked":["Streamline","Fusion","Gash"],"picked":"SKIP","floor":3.0},{"not_picked":["Darkness","Rebound"],"picked":"Melter","floor":4.0},{"not_picked":["Sweeping Beam","Leap"],"picked":"Conserve Battery","floor":7.0},{"not_picked":["Compile Driver","Skim","Conserve Battery"],"picked":"SKIP","floor":11.0},{"not_picked":["Beam Cell","Hello World+1","Fusion"],"picked":"SKIP","floor":12.0},{"not_picked":["Steam","Rebound"],"picked":"Hologram","floor":14.0},{"not_picked":["Core Surge","Seek"],"picked":"Electrodynamics+1","floor":16.0},{"not_picked":["Ball Lightning","Sunder"],"picked":"Defragment+1","floor":18.0},{"not_picked":["Aggregate","Genetic Algorithm"],"picked":"Steam+1","floor":21.0},{"not_picked":["Gash","Hologram","Genetic Algorithm"],"picked":"SKIP","floor":22.0},{"not_picked":["Gash","Rip and Tear+1"],"picked":"Loop+1","floor":23.0},{"not_picked":["Hologram","Reboot"],"picked":"Self Repair+1","floor":25.0},{"not_picked":["Go for the Eyes","Static Discharge+1"],"picked":"Coolheaded","floor":27.0},{"not_picked":["Stack+1","Conserve Battery","Aggregate"],"picked":"SKIP","floor":28.0},{"not_picked":["Thunder Strike","Hyperbeam"],"picked":"Core Surge","floor":33},{"not_picked":["Stack","Beam Cell+1","Auto Shields"],"picked":"SKIP","floor":35},{"not_picked":["Compile Driver","Force Field"],"picked":"Cold Snap","floor":36},{"not_picked":["Rebound","Leap","Rip and Tear+1"],"picked":"SKIP","floor":38},{"not_picked":["Meteor Strike","Conserve Battery+1","Redo"],"picked":"SKIP","floor":39},{"not_picked":["Gash","Barrage","Go for the Eyes"],"picked":"SKIP","floor":41},{"not_picked":["Scrape","Rebound+1"],"picked":"Redo+1","floor":44},{"not_picked":["Hologram","Steam+1"],"picked":"Defragment+1","floor":45},{"not_picked":["Compile Driver+1","Go for the Eyes+1","Sweeping Beam"],"picked":"SKIP","floor":46}],"player_experience":181385,"relics_obtained":[{"floor":7.0,"key":"Bag of Marbles"},{"floor":9.0,"key":"Mummified Hand"},{"floor":12.0,"key":"Tiny Chest"},{"floor":13.0,"key":"Letter Opener"},{"floor":14.0,"key":"Gambling Chip"},{"floor":23.0,"key":"Anchor"},{"floor":25.0,"key":"Gremlin Horn"},{"floor":28.0,"key":"Vajra"},{"floor":30.0,"key":"Kunai"},{"floor":41,"key":"Pen Nib"},{"floor":44,"key":"Old Coin"},{"floor":45,"key":"Turnip"}],"event_choices":[{"damage_healed":0.0,"max_hp_gain":0.0,"max_hp_loss":0.0,"gold_gain":0.0,"event_name":"Scrap Ooze","player_choice":"Success","floor":5.0,"gold_loss":0.0,"damage_taken":18.0,"relics_obtained":["Frozen Egg 2"]},{"damage_healed":0.0,"max_hp_gain":0.0,"max_hp_loss":0.0,"gold_gain":0.0,"event_name":"Living Wall","player_choice":"Grow","floor":10.0,"gold_loss":0.0,"damage_taken":0.0,"cards_upgraded":["Consume"]},{"damage_healed":0.0,"max_hp_gain":0.0,"max_hp_loss":0.0,"gold_gain":0.0,"event_name":"Match and Keep!","player_choice":"1 cards matched","floor":19.0,"gold_loss":0.0,"damage_taken":0.0,"cards_obtained":["Flash of Steel"]},{"damage_healed":0.0,"max_hp_gain":0.0,"max_hp_loss":0.0,"gold_gain":0.0,"event_name":"The Mausoleum","player_choice":"Ignored","floor":31.0,"gold_loss":0.0,"damage_taken":0.0},{"damage_healed":0,"gold_gain":0,"player_choice":"Fight","damage_taken":0,"max_hp_gain":0,"max_hp_loss":0,"event_name":"MindBloom","floor":45,"gold_loss":0}],"is_beta":false,"boss_relics":[{"not_picked":["Tiny House","Runic Dome"],"picked":"Cursed Key"},{"not_picked":["Calling Bell","Snecko Eye"],"picked":"White Beast Statue"}],"items_purged_floors":[20,37],"is_endless":false,"potions_floor_spawned":[2,3,4,7,12,22,25,27,35,36,38,39,41,44,45,46],"killed_by":"Giant Head","ascension_level":9}