{"gold_per_floor":[113,113,131,150,168,168,203,203,254,271,284,300,317,333,333,428,428,444,543,553,570,20,20,36,36,36,36,53,53,3,32,32,132,132,150,150,169,187,187,214,214,214],"floor_reached":42,"playtime":3251,"items_purged":["Strike_B","Defend_B"],"score":499,"play_id":"62be1c35-069c-4b90-9be8-1321a8b2ad2d","local_time":"20181103205007","is_ascension_mode":true,"campfire_choices":[{"data":"Self Repair","floor":6.0,"key":"SMITH"},{"data":"Zap","floor":8.0,"key":"SMITH"},{"data":"Beam Cell","floor":15.0,"key":"SMITH"},{"data":"Rainbow","floor":23.0,"key":"SMITH"},{"data":"Chill","floor":25.0,"key":"SMITH"},{"data":"Barrage","floor":29.0,"key":"SMITH"},{"data":"Loop","floor":32.0,"key":"SMITH"},{"floor":41,"key":"REST"}],"neow_cost":"NONE","seed_source_timestamp":0,"circlet_count":0,"master_deck":["Defend_B","Defend_B","Defend_B","Zap+1","Dualcast","Compile Driver","Capacitor","Cold Snap","Barrage","Self Repair+1","Blizzard","Chill+1","Auto Shields","Cold Snap","Beam Cell+1","Cold Snap","Rainbow+1","Beam Cell+1","Barrage+1","Conserve Battery","Glacier","Capacitor","Loop+1","Go for the Eyes+1","Force Field","Multi-Cast","Heatsinks","Magnetism","Trip","Glacier","Ball Lightning+1","Hologram+1"],"special_seed":0,"relics":["Cracked Core","Smiling Mask","Letter Opener","Strawberry","Empty Cage","Meat on the Bone","Boot","Torii","FossilizedHelix","Happy Flower","Nuclear Battery","Bag of Marbles"],"potions_floor_usage":[42,42],"damage_taken":[{"damage":3.0,"enemies":"Jaw Worm","floor":1.0,"turns":4.0},{"damage":1.0,"enemies":"2 Louse","floor":3.0,"turns":2.0},{"damage":0.0,"enemies":"Cultist","floor":4.0,"turns":3.0},{"damage":15.0,"enemies":"3 Louse","floor":5.0,"turns":3.0},{"damage":20.0,"enemies":"Gremlin Nob","floor":7.0,"turns":4.0},{"damage":8.0,"enemies":"2 Fungi Beasts","floor":10.0,"turns":4.0},{"damage":10.0,"enemies":"Looter","floor":11.0,"turns":3.0},{"damage":8.0,"enemies":"Lots of Slimes","floor":12.0,"turns":3.0},{"damage":12.0,"enemies":"3 Louse","floor":13.0,"turns":3.0},{"damage":1.0,"enemies":"Exordium Wildlife","floor":14.0,"turns":4.0},{"damage":9.0,"enemies":"Slime Boss","floor":16.0,"turns":9.0},{"damage":15.0,"enemies":"2 Thieves","floor":18.0,"turns":3.0},{"damage":26.0,"enemies":"Shell Parasite","floor":20.0,"turns":6.0},{"damage":14.0,"enemies":"Centurion and Healer","floor":21.0,"turns":6.0},{"damage":10.0,"enemies":"Cultist and Chosen","floor":24.0,"turns":7.0},{"damage":17.0,"enemies":"Snake Plant","floor":28.0,"turns":4.0},{"damage":21.0,"enemies":"Book of Stabbing","floor":31.0,"turns":5.0},{"damage":22.0,"enemies":"Automaton","floor":33.0,"turns":11.0},{"damage":0,"enemies":"Orb Walker","floor":35,"turns":3},{"damage":34,"enemies":"3 Darklings","floor":37,"turns":5},{"damage":26,"enemies":"Spire Growth","floor":38,"turns":8},{"damage":53,"enemies":"Nemesis","floor":40,"turns":7},{"damage":63,"enemies":"Giant Head","floor":42,"turns":9}],"seed_played":"-774551264622823417","potions_obtained":[{"floor":3.0,"key":"SkillPotion"},{"floor":4.0,"key":"SpeedPotion"},{"floor":10.0,"key":"FocusPotion"},{"floor":11.0,"key":"Weak Potion"},{"floor":14.0,"key":"Fire Potion"},{"floor":21.0,"key":"GamblersBrew"},{"floor":33.0,"key":"Dexterity Potion"},{"floor":38,"key":"GamblersBrew"},{"floor":40,"key":"Energy Potion"}],"is_trial":false,"path_per_floor":["M","?","M","M","M","R","E","R","T","M","M","M","M","M","R","B",null,"M","?","M","M","$","R","M","R","T","T","M","R","$","E","R","B",null,"M","?","M","M","?","E","R","E"],"character_chosen":"DEFECT","items_purchased":["Glacier","Capacitor","Meat on the Bone","Boot"],"campfire_rested":1,"item_purchase_floors":[22,22,22,22],"current_hp_per_floor":[72,72,71,71,56,56,46,46,53,55,55,57,45,54,54,55,82,67,67,51,47,47,47,59,59,59,59,52,52,52,53,53,53,82,82,72,60,56,56,25,48,0],"gold":214,"neow_bonus":"RANDOM_COMMON_RELIC","is_prod":false,"is_daily":false,"chose_seed":false,"campfire_upgraded":7,"win_rate":0,"timestamp":1541292607,"path_taken":["M","?","M","M","M","R","E","R","T","M","M","M","M","M","R","BOSS","M","?","M","M","$","R","M","R","T","?","M","R","?","E","R","BOSS","M","?","M","M","?","E","R","E"],"build_version":"2018-11-01","purchased_purges":2,"victory":false,"max_hp_per_floor":[75,75,75,75,75,75,75,75,82,82,82,82,82,82,82,82,82,82,82,82,82,82,82,82,82,82,82,82,82,82,82,82,82,82,82,82,82,82,78,78,78,78],"card_choices":[{"not_picked":["Barrage","Hologram"],"picked":"Compile Driver","floor":1.0},{"not_picked":["FTL","Redo"],"picked":"Cold Snap","floor":3.0},{"not_picked":["Streamline","Doom and Gloom"],"picked":"Barrage","floor":4.0},{"not_picked":["BootSequence","Ball Lightning"],"picked":"Self Repair","floor":5.0},{"not_picked":["Doom and Gloom","Compile Driver"],"picked":"Blizzard","floor":7.0},{"not_picked":["Storm","Conserve Battery"],"picked":"Chill","floor":10.0},{"not_picked":["Tempest","Hello World"],"picked":"Auto Shields","floor":11.0},{"not_picked":["Compile Driver","Capacitor"],"picked":"Cold Snap","floor":12.0},{"not_picked":["Steam","Chill"],"picked":"Beam Cell","floor":13.0},{"not_picked":["Gash","Stack"],"picked":"Cold Snap","floor":14.0},{"not_picked":["Fission","All For One"],"picked":"Rainbow","floor":16.0},{"not_picked":["Steam","Stack"],"picked":"Beam Cell+1","floor":18.0},{"not_picked":["Gash","Loop"],"picked":"Barrage","floor":20.0},{"not_picked":["Ball Lightning","Turbo"],"picked":"Conserve Battery","floor":21.0},{"not_picked":["Beam Cell","Steam"],"picked":"Loop","floor":24.0},{"not_picked":["Hello World","Redo"],"picked":"Go for the Eyes+1","floor":28.0},{"not_picked":["Buffer","Compile Driver"],"picked":"Force Field","floor":31.0},{"not_picked":["All For One","Echo Form"],"picked":"Multi-Cast","floor":33.0},{"not_picked":["Rip and Tear","Go for the Eyes"],"picked":"Heatsinks","floor":35},{"not_picked":["Finesse","Metamorphosis"],"picked":"Magnetism","floor":36},{"not_picked":["Impatience","Finesse"],"picked":"Trip","floor":36},{"not_picked":["Coolheaded+1","Go for the Eyes+1"],"picked":"Glacier","floor":37},{"not_picked":["Turbo+1","Conserve Battery"],"picked":"Ball Lightning+1","floor":38},{"not_picked":["Gash","FTL"],"picked":"Hologram+1","floor":40}],"player_experience":221329,"relics_obtained":[{"floor":7.0,"key":"Letter Opener"},{"floor":9.0,"key":"Strawberry"},{"floor":26.0,"key":"Torii"},{"floor":27.0,"key":"FossilizedHelix"},{"floor":31.0,"key":"Happy Flower"},{"floor":40,"key":"Bag of Marbles"}],"event_choices":[{"damage_healed":0.0,"max_hp_gain":0.0,"max_hp_loss":0.0,"gold_gain":0.0,"cards_transformed":["Strike_B"],"event_name":"Living Wall","player_choice":"Change","floor":2.0,"gold_loss":0.0,"damage_taken":0.0,"cards_obtained":["Capacitor"]},{"damage_healed":0.0,"max_hp_gain":0.0,"max_hp_loss":0.0,"gold_gain":99.0,"event_name":"Nest","player_choice":"Stole From Cult","floor":19.0,"gold_loss":0.0,"damage_taken":0.0},{"damage_healed":0,"gold_gain":0,"player_choice":"Memory 3","damage_taken":10,"max_hp_gain":0,"max_hp_loss":0,"event_name":"SensoryStone","floor":36,"gold_loss":0},{"damage_healed":0,"gold_gain":0,"player_choice":"Max HP","damage_taken":0,"max_hp_gain":0,"max_hp_loss":4,"event_name":"Winding Halls","floor":39,"gold_loss":0}],"is_beta":false,"boss_relics":[{"not_picked":["Lizard Tail","Orrery"],"picked":"Empty Cage"},{"not_picked":["Runic Pyramid","Snecko Eye"],"picked":"Nuclear Battery"}],"items_purged_floors":[22,30],"is_endless":false,"potions_floor_spawned":[3,4,10,11,14,21,33,38,40],"killed_by":"Giant Head","ascension_level":2}