{"gold_per_floor":[119,119,119,40,58,58,71,71,94,107,107,32,32,45,45,139,139,155,1,1,24,45,45],"floor_reached":23,"playtime":869,"items_purged":["Defend_B"],"score":362,"play_id":"a55e984b-7e21-47c2-80f7-9ab4143762cb","local_time":"20181108050738","is_ascension_mode":true,"campfire_choices":[{"data":"Blizzard","floor":6,"key":"SMITH"},{"data":"Zap","floor":8,"key":"SMITH"},{"data":"Self Repair","floor":11,"key":"SMITH"},{"data":"Recycle","floor":13,"key":"SMITH"},{"data":"Stack","floor":15,"key":"SMITH"}],"neow_cost":"TEN_PERCENT_HP_LOSS","seed_source_timestamp":1716396175251,"circlet_count":0,"master_deck":["AscendersBane","Defend_B","Zap+1","Dualcast","Recycle+1","Glacier","Sweeping Beam","Blizzard+1","Self Repair+1","Glacier","Stack+1","Biased Cognition","Ball Lightning+1","Fission+1","Melter+1","Capacitor+1"],"relics":["Cracked Core","Golden Idol","DataDisk","Astrolabe"],"potions_floor_usage":[10,16,23],"damage_taken":[{"damage":7,"enemies":"Jaw Worm","floor":1,"turns":4},{"damage":4,"enemies":"2 Louse","floor":5,"turns":2},{"damage":1,"enemies":"Cultist","floor":7,"turns":4},{"damage":6,"enemies":"Lots of Slimes","floor":10,"turns":5},{"damage":0,"enemies":"2 Fungi Beasts","floor":14,"turns":4},{"damage":20,"enemies":"The Guardian","floor":16,"turns":12},{"damage":0,"enemies":"Spheric Guardian","floor":18,"turns":1},{"damage":7,"enemies":"3 Byrds","floor":21,"turns":4},{"damage":3,"enemies":"Centurion and Healer","floor":22,"turns":8},{"damage":72,"enemies":"Slavers","floor":23,"turns":6}],"seed_played":"6666648957544898858","potions_obtained":[{"floor":5,"key":"Regen Potion"},{"floor":7,"key":"Swift Potion"},{"floor":10,"key":"Weak Potion"},{"floor":14,"key":"LiquidBronze"},{"floor":21,"key":"GamblersBrew"}],"is_trial":false,"path_per_floor":["M","?","?","$","M","R","M","R","T","M","R","?","R","M","R","B",null,"M","$","?","M","M","E"],"character_chosen":"DEFECT","items_purchased":["Blizzard","Capacitor"],"campfire_rested":0,"item_purchase_floors":[4,19],"current_hp_per_floor":[57,62,38,38,34,34,40,40,40,41,41,41,41,51,51,56,66,69,69,69,62,69,0],"gold":45,"neow_bonus":"TRANSFORM_TWO_CARDS","is_prod":false,"is_daily":false,"chose_seed":false,"campfire_upgraded":5,"win_rate":0,"timestamp":1541671658,"path_taken":["M","?","?","$","M","R","M","R","T","M","R","?","R","M","R","BOSS","M","$","?","?","?","E"],"build_version":"2018-11-07","purchased_purges":1,"victory":false,"max_hp_per_floor":[64,69,69,69,69,69,69,69,69,69,69,69,69,69,69,69,69,69,69,69,69,69,69],"card_choices":[{"not_picked":["Beam Cell","Leap"],"picked":"Sweeping Beam","floor":1},{"not_picked":["Redo","Steam"],"picked":"Self Repair","floor":5},{"not_picked":["Ball Lightning","Redo"],"picked":"Glacier","floor":7},{"not_picked":["Storm","Auto Shields"],"picked":"Stack","floor":10},{"not_picked":["Auto Shields","Hello World","Coolheaded"],"picked":"SKIP","floor":14},{"not_picked":["Meteor Strike","Amplify"],"picked":"Biased Cognition","floor":16},{"not_picked":["Barrage","Hologram","Reprogram"],"picked":"SKIP","floor":18},{"not_picked":["Hologram","Reinforced Body","Stack"],"picked":"SKIP","floor":21},{"not_picked":["Compile Driver+1","Stack+1","Gash"],"picked":"SKIP","floor":22}],"player_experience":556305,"relics_obtained":[{"floor":9,"key":"DataDisk"}],"event_choices":[{"damage_healed":0,"gold_gain":0,"player_choice":"Donut","damage_taken":0,"max_hp_gain":5,"max_hp_loss":0,"event_name":"Big Fish","floor":2,"gold_loss":0},{"damage_healed":0,"gold_gain":0,"player_choice":"Take Damage","damage_taken":24,"relics_obtained":["Golden Idol"],"max_hp_gain":0,"max_hp_loss":0,"event_name":"Golden Idol","floor":3,"gold_loss":0},{"cards_removed":["Strike_B"],"damage_healed":0,"gold_gain":0,"player_choice":"Card Removal","damage_taken":0,"max_hp_gain":0,"max_hp_loss":0,"event_name":"The Cleric","floor":12,"gold_loss":75},{"damage_healed":0,"gold_gain":0,"player_choice":"Upgraded","damage_taken":0,"max_hp_gain":0,"max_hp_loss":0,"event_name":"Upgrade Shrine","floor":20,"gold_loss":0,"cards_upgraded":["Capacitor"]}],"is_beta":true,"boss_relics":[{"not_picked":["Fusion Hammer","Calling Bell"],"picked":"Astrolabe"}],"items_purged_floors":[19],"is_endless":false,"potions_floor_spawned":[5,7,10,14,21],"killed_by":"Slavers","ascension_level":20}