{"gold_per_floor":[359,379,65,80,97,154,174,185,185,197,197,197,197,372,372,467,467,486,486,140,140,124,124,124],"floor_reached":24,"playtime":1401,"items_purged":["Defend_R","Regret"],"score":253,"play_id":"1709002e-935a-4499-b97c-c8626037bb78","local_time":"20181101165824","is_ascension_mode":true,"campfire_choices":[{"data":"Bludgeon","floor":15,"key":"SMITH"},{"floor":23,"key":"REST"}],"neow_cost":"TEN_PERCENT_HP_LOSS","seed_source_timestamp":91449010599607,"circlet_count":0,"master_deck":["Strike_R","Strike_R","Strike_R","Strike_R+1","Strike_R","Defend_R+1","Defend_R","Defend_R","Bash","Iron Wave","Iron Wave","Iron Wave","Bludgeon+1","Body Slam","True Grit","Shrug It Off","Thunderclap","Jack Of All Trades","Doubt","Barricade","Warcry","Iron Wave","Power Through","Shrug It Off","Evolve","Warcry+1","Pain","Evolve","Warcry+1"],"relics":["Burning Blood","Paper Frog","Tiny Chest","Anchor","Kunai","Orrery","WarpedTongs","Dodecahedron"],"potions_floor_usage":[8,16,24,24],"damage_taken":[{"damage":10,"enemies":"Small Slimes","floor":1,"turns":3},{"damage":1,"enemies":"Cultist","floor":2,"turns":3},{"damage":7,"enemies":"2 Louse","floor":4,"turns":3},{"damage":4,"enemies":"2 Fungi Beasts","floor":5,"turns":4},{"damage":11,"enemies":"Gremlin Nob","floor":6,"turns":3},{"damage":0,"enemies":"Large Slime","floor":7,"turns":5},{"damage":7,"enemies":"Looter","floor":8,"turns":3},{"damage":5,"enemies":"3 Louse","floor":10,"turns":4},{"damage":35,"enemies":"Slime Boss","floor":16,"turns":14},{"damage":21,"enemies":"Shell Parasite","floor":18,"turns":6},{"damage":12,"enemies":"2 Thieves","floor":22,"turns":4},{"damage":79,"enemies":"Slavers","floor":24,"turns":5}],"seed_played":"5912763984579774886","potions_obtained":[{"floor":2,"key":"Ancient Potion"},{"floor":4,"key":"Energy Potion"},{"floor":6,"key":"Dexterity Potion"},{"floor":10,"key":"Weak Potion"},{"floor":22,"key":"Block Potion"}],"is_trial":false,"path_per_floor":["M","M","$","M","M","E","M","M","T","M","?","?","?","?","R","B",null,"M","?","$","?","M","R"],"character_chosen":"IRONCLAD","items_purchased":["Paper Frog","Dodecahedron"],"campfire_rested":1,"item_purchase_floors":[3,20],"current_hp_per_floor":[68,72,72,71,72,67,72,71,71,72,72,58,58,58,58,29,72,57,57,57,57,51,72,0],"gold":124,"neow_bonus":"TWO_FIFTY_GOLD","is_prod":false,"is_daily":false,"chose_seed":false,"campfire_upgraded":1,"win_rate":0,"timestamp":1541105904,"path_taken":["M","M","$","M","M","E","M","M","T","M","?","?","?","?","R","BOSS","M","?","$","?","M","R","E"],"build_version":"2018-10-25v2","purchased_purges":2,"victory":false,"max_hp_per_floor":[72,72,72,72,72,72,72,72,72,72,72,72,72,72,72,72,72,72,72,72,72,72,72,72],"card_choices":[{"not_picked":["Warcry","Clothesline"],"picked":"Iron Wave","floor":1},{"not_picked":["Clash","Wild Strike"],"picked":"Iron Wave","floor":2},{"not_picked":["Twin Strike","Whirlwind"],"picked":"Iron Wave","floor":4},{"not_picked":["Havoc","Clothesline"],"picked":"Bludgeon","floor":5},{"not_picked":["Rupture","Warcry"],"picked":"Body Slam","floor":6},{"not_picked":["Wild Strike","Body Slam"],"picked":"True Grit","floor":7},{"not_picked":["Headbutt","Warcry"],"picked":"Shrug It Off","floor":8},{"not_picked":["Iron Wave","Ghostly Armor"],"picked":"Thunderclap","floor":10},{"not_picked":["Juggernaut","Fiend Fire"],"picked":"Barricade","floor":16},{"not_picked":["Wild Strike","Heavy Blade"],"picked":"Warcry","floor":17},{"not_picked":["Second Wind","Clothesline"],"picked":"Iron Wave","floor":17},{"not_picked":["Twin Strike","Corruption"],"picked":"Power Through","floor":17},{"not_picked":["Wild Strike","True Grit"],"picked":"Shrug It Off","floor":17},{"not_picked":["Twin Strike","Iron Wave"],"picked":"Evolve","floor":17},{"not_picked":["Anger","Havoc"],"picked":"Warcry+1","floor":18},{"not_picked":["Pommel Strike","Combust+1"],"picked":"Warcry+1","floor":22}],"player_experience":217533,"relics_obtained":[{"floor":6,"key":"Tiny Chest"},{"floor":9,"key":"Anchor"}],"event_choices":[{"damage_healed":0,"gold_gain":0,"player_choice":"1 cards matched","damage_taken":0,"max_hp_gain":0,"max_hp_loss":0,"event_name":"Match and Keep!","floor":11,"gold_loss":0,"cards_obtained":["Jack Of All Trades"]},{"damage_healed":0,"gold_gain":0,"player_choice":"Entered Light","damage_taken":14,"max_hp_gain":0,"max_hp_loss":0,"event_name":"Shining Light","floor":12,"gold_loss":0,"cards_upgraded":["Strike_R","Defend_R"]},{"damage_healed":0,"gold_gain":0,"player_choice":"Box","damage_taken":0,"relics_obtained":["Kunai"],"max_hp_gain":0,"max_hp_loss":0,"event_name":"Big Fish","floor":13,"gold_loss":0,"cards_obtained":["Regret"]},{"damage_healed":0,"gold_gain":175,"player_choice":"AGREE","damage_taken":0,"max_hp_gain":0,"max_hp_loss":0,"event_name":"Liars Game","floor":14,"gold_loss":0,"cards_obtained":["Doubt"]},{"damage_healed":0,"gold_gain":0,"player_choice":"Rummage","damage_taken":0,"relics_obtained":["WarpedTongs"],"max_hp_gain":0,"max_hp_loss":0,"event_name":"Accursed Blacksmith","floor":19,"gold_loss":0,"cards_obtained":["Pain"]},{"damage_healed":0,"gold_gain":0,"player_choice":"1 cards matched","damage_taken":0,"max_hp_gain":0,"max_hp_loss":0,"event_name":"Match and Keep!","floor":21,"gold_loss":0,"cards_obtained":["Evolve"]}],"is_beta":false,"boss_relics":[{"not_picked":["Eternal Feather","White Beast Statue"],"picked":"Orrery"}],"items_purged_floors":[3,20],"is_endless":false,"potions_floor_spawned":[2,4,6,10,22],"killed_by":"Slavers","ascension_level":3}