{"gold_per_floor":[109,127,127,142,142,142,175,188,188,223,235,235,235,88,88,184,184,198,214,214,214,77,77,109,109,132,147,22,39,39,39,39,135,135,153,208,233,233,249,249,260,260,260,270,86,99,99,133,133,133],"floor_reached":51,"playtime":2345,"items_purged":["Strike_B","Strike_B","Defend_B","Defend_B"],"score":848,"play_id":"ecf0ec28-69e0-415f-8515-77e61e5fc05e","local_time":"20181216204357","is_ascension_mode":true,"campfire_choices":[{"data":"Dualcast","floor":6,"key":"SMITH"},{"floor":12,"key":"REST"},{"floor":15,"key":"REST"},{"data":"Consume","floor":23,"key":"SMITH"},{"data":"Fission","floor":30,"key":"SMITH"},{"floor":32,"key":"REST"},{"data":"Double Energy","floor":40,"key":"SMITH"},{"data":"Coolheaded","floor":42,"key":"SMITH"},{"floor":49,"key":"REST"}],"neow_cost":"TEN_PERCENT_HP_LOSS","seed_source_timestamp":105794725423669,"circlet_count":0,"master_deck":["Defend_B","Defend_B+1","Zap+1","Dualcast+1","Electrodynamics","Coolheaded+1","Glacier+1","Consume+1","Biased Cognition+1","Creative AI+1","Necronomicurse","Heatsinks+1","Double Energy+1","Fission+1","Seek+1","Leap","Static Discharge+1","Coolheaded+1","Storm+1","Hologram+1"],"relics":["Cracked Core","Mercury Hourglass","Frozen Egg 2","Pantograph","Bag of Preparation","Busted Crown","Necronomicon","Torii","Strawberry","Orrery","WingedGreaves","Dream Catcher","Gremlin Horn","Centennial Puzzle"],"potions_floor_usage":[10,11,16,41,50,50],"damage_taken":[{"damage":9,"enemies":"Small Slimes","floor":1,"turns":2},{"damage":0,"enemies":"Cultist","floor":2,"turns":3},{"damage":7,"enemies":"Jaw Worm","floor":4,"turns":3},{"damage":17,"enemies":"Lagavulin","floor":7,"turns":5},{"damage":0,"enemies":"Blue Slaver","floor":8,"turns":3},{"damage":21,"enemies":"Gremlin Nob","floor":10,"turns":4},{"damage":2,"enemies":"Exordium Wildlife","floor":11,"turns":2},{"damage":46,"enemies":"Hexaghost","floor":16,"turns":15},{"damage":0,"enemies":"Shell Parasite","floor":18,"turns":3},{"damage":0,"enemies":"3 Byrds","floor":19,"turns":2},{"damage":14,"enemies":"Book of Stabbing","floor":24,"turns":6},{"damage":0,"enemies":"Snecko","floor":27,"turns":4},{"damage":0,"enemies":"Centurion and Healer","floor":29,"turns":3},{"damage":0,"enemies":"Automaton","floor":33,"turns":9},{"damage":0,"enemies":"3 Darklings","floor":35,"turns":2},{"damage":8,"enemies":"2 Orb Walkers","floor":36,"turns":4},{"damage":0,"enemies":"3 Shapes","floor":39,"turns":2},{"damage":0,"enemies":"Maw","floor":41,"turns":10},{"damage":13,"enemies":"3 Darklings","floor":44,"turns":2},{"damage":0,"enemies":"Jaw Worm Horde","floor":46,"turns":1},{"damage":33,"enemies":"Nemesis","floor":48,"turns":7},{"damage":51,"enemies":"Awakened One","floor":50,"turns":13}],"seed_played":"4368690425826921039","potions_obtained":[{"floor":4,"key":"SkillPotion"},{"floor":8,"key":"Poison Potion"},{"floor":10,"key":"SkillPotion"},{"floor":19,"key":"Strength Potion"},{"floor":29,"key":"Poison Potion"},{"floor":35,"key":"SteroidPotion"},{"floor":44,"key":"Poison Potion"},{"floor":46,"key":"FocusPotion"}],"is_trial":false,"path_per_floor":["M","M","?","M","?","R","E","M","T","E","M","R","?","$","R","B",null,"M","M","?","?","$","R","E","?","T","M","$","M","R","?","R","B",null,"M","?","T","?","M","R","M","R","T","M","$","M","?","E","R","B",null],"character_chosen":"DEFECT","items_purchased":["Biased Cognition+1","Heatsinks+1","Storm+1"],"campfire_rested":4,"item_purchase_floors":[14,22,45],"current_hp_per_floor":[59,59,59,52,49,49,32,32,32,11,9,29,15,15,35,14,68,68,68,52,52,52,52,38,38,45,45,45,45,45,45,67,75,75,75,67,67,67,67,67,67,67,67,54,54,54,54,21,42,16],"gold":133,"neow_bonus":"THREE_RARE_CARDS","is_prod":false,"is_daily":false,"chose_seed":false,"campfire_upgraded":5,"win_rate":0,"timestamp":1545014637,"path_taken":["M","M","?","?","?","R","E","M","T","E","M","R","?","?","R","BOSS","M","M","?","?","$","R","E","?","T","M","?","?","R","?","R","BOSS","M","?","?","?","M","R","?","R","T","M","?","?","?","E","R","BOSS"],"build_version":"2018-12-13","purchased_purges":4,"victory":true,"max_hp_per_floor":[68,68,68,68,68,68,68,68,68,68,68,68,68,68,68,68,68,68,68,68,68,68,68,68,68,75,75,75,75,75,75,75,75,75,75,75,75,75,75,75,75,75,75,75,75,75,71,71,71,71],"card_choices":[{"not_picked":["Reboot","Hyperbeam"],"picked":"Electrodynamics","floor":0},{"not_picked":["Compile Driver","Aggregate","Skim"],"picked":"SKIP","floor":1},{"not_picked":["Blizzard","Auto Shields","Sweeping Beam"],"picked":"SKIP","floor":2},{"not_picked":["Melter","Hologram"],"picked":"Coolheaded","floor":4},{"not_picked":["Rebound","Conserve Battery"],"picked":"Glacier","floor":7},{"not_picked":["Go for the Eyes","Sweeping Beam"],"picked":"Consume","floor":8},{"not_picked":["Chill","Compile Driver","Rebound"],"picked":"SKIP","floor":10},{"not_picked":["Chaos","Compile Driver","Coolheaded"],"picked":"SKIP","floor":11},{"not_picked":["Seek","Buffer+1"],"picked":"Creative AI+1","floor":16},{"not_picked":["Compile Driver"],"picked":"SKIP","floor":18},{"not_picked":["Sweeping Beam+1"],"picked":"SKIP","floor":19},{"not_picked":["Blizzard"],"picked":"SKIP","floor":24},{"not_picked":["Undo"],"picked":"SKIP","floor":27},{"not_picked":["Barrage"],"picked":"SKIP","floor":29},{"not_picked":[],"picked":"Seek","floor":33},{"not_picked":[],"picked":"Leap","floor":34},{"not_picked":[],"picked":"Static Discharge+1","floor":34},{"not_picked":["Double Energy+1"],"picked":"SKIP","floor":35},{"not_picked":["Undo"],"picked":"SKIP","floor":39},{"not_picked":["Compile Driver"],"picked":"SKIP","floor":41},{"not_picked":[],"picked":"Coolheaded+1","floor":44},{"not_picked":[],"picked":"Hologram+1","floor":46},{"not_picked":["Scrape"],"picked":"SKIP","floor":48}],"player_experience":60625,"relics_obtained":[{"floor":7,"key":"Frozen Egg 2"},{"floor":9,"key":"Pantograph"},{"floor":10,"key":"Bag of Preparation"},{"floor":20,"key":"Necronomicon"},{"floor":24,"key":"Torii"},{"floor":26,"key":"Strawberry"},{"floor":36,"key":"WingedGreaves"},{"floor":37,"key":"Dream Catcher"},{"floor":43,"key":"Gremlin Horn"},{"floor":48,"key":"Centennial Puzzle"}],"event_choices":[{"damage_healed":0,"gold_gain":0,"player_choice":"Upgraded","damage_taken":0,"max_hp_gain":0,"max_hp_loss":0,"event_name":"Upgrade Shrine","floor":3,"gold_loss":0,"cards_upgraded":["Zap"]},{"damage_healed":0,"gold_gain":0,"player_choice":"Success","damage_taken":3,"relics_obtained":["Mercury Hourglass"],"max_hp_gain":0,"max_hp_loss":0,"event_name":"Scrap Ooze","floor":5,"gold_loss":0},{"damage_healed":0,"gold_gain":0,"player_choice":"Entered Light","damage_taken":14,"max_hp_gain":0,"max_hp_loss":0,"event_name":"Shining Light","floor":13,"gold_loss":0,"cards_upgraded":["Defend_B","Glacier"]},{"damage_healed":0,"gold_gain":0,"player_choice":"Obtained Book","damage_taken":16,"max_hp_gain":0,"max_hp_loss":0,"event_name":"Cursed Tome","floor":20,"gold_loss":0},{"damage_healed":0,"gold_gain":0,"player_choice":"Ignored","damage_taken":0,"max_hp_gain":0,"max_hp_loss":0,"event_name":"Ghosts","floor":21,"gold_loss":0},{"damage_healed":0,"gold_gain":0,"cards_transformed":["Strike_B","Strike_B"],"player_choice":"Became Test Subject","damage_taken":0,"max_hp_gain":0,"max_hp_loss":0,"event_name":"Drug Dealer","floor":25,"gold_loss":0,"cards_obtained":["Double Energy","Fission"]},{"damage_healed":0,"gold_gain":0,"player_choice":"Ignored","damage_taken":0,"max_hp_gain":0,"max_hp_loss":0,"event_name":"Beggar","floor":31,"gold_loss":0},{"damage_healed":0,"gold_gain":0,"player_choice":"Fight","damage_taken":0,"max_hp_gain":0,"max_hp_loss":0,"event_name":"Mysterious Sphere","floor":36,"gold_loss":0},{"damage_healed":0,"gold_gain":0,"player_choice":"Upgraded","damage_taken":0,"max_hp_gain":0,"max_hp_loss":0,"event_name":"Upgrade Shrine","floor":38,"gold_loss":0,"cards_upgraded":["Seek"]},{"damage_healed":0,"gold_gain":0,"player_choice":"Max HP","damage_taken":0,"max_hp_gain":0,"max_hp_loss":4,"event_name":"Winding Halls","floor":47,"gold_loss":0}],"is_beta":false,"boss_relics":[{"not_picked":["Inserter","Velvet Choker"],"picked":"Busted Crown"},{"not_picked":["Lizard Tail","Runic Pyramid"],"picked":"Orrery"}],"items_purged_floors":[14,22,28,45],"is_endless":false,"potions_floor_spawned":[4,8,10,19,29,35,44,46],"ascension_level":2}