{"gold_per_floor":[359,373,391,36,36,36,62,62,62,62,62,81,5,30,30,159,159,183,47,47,47,47,81,100,100],"floor_reached":25,"playtime":815,"items_purged":["Regret"],"score":329,"play_id":"2b1ad22b-fc1e-4eb6-8ce1-9afefa7a01e2","local_time":"20190207151253","is_ascension_mode":true,"campfire_choices":[{"data":"Uppercut","floor":6.0,"key":"SMITH"},{"data":"Shrug It Off","floor":8.0,"key":"SMITH"},{"floor":15,"key":"REST"}],"neow_cost":"CURSE","seed_source_timestamp":0,"circlet_count":0,"master_deck":["AscendersBane","Strike_R","Strike_R","Strike_R","Strike_R","Strike_R","Defend_R","Defend_R","Defend_R","Defend_R","Bash","Pommel Strike","Body Slam","Shrug It Off+1","Uppercut+1","Spot Weakness","Limit Break","Intimidate","Immolate","Limit Break","Limit Break"],"special_seed":0,"relics":["Burning Blood","Omamori","Unceasing Top","Shovel","Golden Idol","Busted Crown","Bronze Scales"],"potions_floor_usage":[14,16,18],"damage_taken":[{"damage":9.0,"enemies":"Cultist","floor":1.0,"turns":3.0},{"damage":11.0,"enemies":"Jaw Worm","floor":2.0,"turns":4.0},{"damage":14.0,"enemies":"Small Slimes","floor":3.0,"turns":3.0},{"damage":20.0,"enemies":"Gremlin Nob","floor":7.0,"turns":4.0},{"damage":5.0,"enemies":"3 Louse","floor":12.0,"turns":3.0},{"damage":8,"enemies":"Gremlin Gang","floor":14,"turns":5},{"damage":40,"enemies":"Slime Boss","floor":16,"turns":12},{"damage":18,"enemies":"Shell Parasite","floor":18,"turns":4},{"damage":67,"enemies":"Slavers","floor":23,"turns":5},{"damage":22,"enemies":"Chosen","floor":24,"turns":5},{"damage":11,"enemies":"Centurion and Healer","floor":25,"turns":1}],"seed_played":"8999789331616862872","potions_obtained":[{"floor":3.0,"key":"SpeedPotion"},{"floor":11.0,"key":"SteroidPotion"},{"floor":11.0,"key":"Block Potion"},{"floor":11.0,"key":"Fire Potion"},{"floor":14,"key":"Explosive Potion"},{"floor":16,"key":"BloodPotion"}],"is_trial":false,"path_per_floor":["M","M","M","$","?","R","E","R","T","?","?","M","$","M","R","B",null,"M","$","?","$","?","E","M","M"],"character_chosen":"IRONCLAD","items_purchased":["Shrug It Off","Omamori","Uppercut","Limit Break","Limit Break"],"campfire_rested":1,"item_purchase_floors":[4,4,4,13,19],"current_hp_per_floor":[69,64,56,56,61,61,47,47,47,26,26,27,27,25,50,16,68,64,64,85,85,85,24,8,0],"gold":100,"neow_bonus":"TWO_FIFTY_GOLD","is_prod":false,"is_daily":false,"chose_seed":false,"campfire_upgraded":2,"win_rate":0,"timestamp":1549519973,"path_taken":["M","M","?","$","?","R","E","R","T","?","?","?","?","M","R","BOSS","M","?","?","$","?","E","M","?"],"build_version":"2019-01-23","purchased_purges":1,"victory":false,"max_hp_per_floor":[80,80,80,80,85,85,85,85,85,85,85,85,85,85,85,85,85,85,85,85,85,85,85,85,85],"card_choices":[{"not_picked":["Clothesline","Sword Boomerang"],"picked":"Pommel Strike","floor":1.0},{"not_picked":["Dual Wield","Iron Wave"],"picked":"Body Slam","floor":2.0},{"not_picked":["Bloodletting","Thunderclap","Armaments"],"picked":"SKIP","floor":3.0},{"not_picked":["Wild Strike","Juggernaut"],"picked":"Spot Weakness","floor":7.0},{"not_picked":["Perfected Strike","Wild Strike","Twin Strike"],"picked":"SKIP","floor":12.0},{"not_picked":["Fire Breathing","Metallicize"],"picked":"Intimidate","floor":14},{"not_picked":["Exhume","Dark Embrace"],"picked":"Immolate","floor":16},{"not_picked":["Pommel Strike"],"picked":"SKIP","floor":18},{"not_picked":["Armaments"],"picked":"SKIP","floor":23},{"not_picked":["Wild Strike"],"picked":"SKIP","floor":24}],"player_experience":182542,"relics_obtained":[{"floor":7.0,"key":"Unceasing Top"},{"floor":9.0,"key":"Shovel"},{"floor":23,"key":"Bronze Scales"}],"event_choices":[{"damage_healed":0.0,"max_hp_gain":5.0,"max_hp_loss":0.0,"gold_gain":0.0,"event_name":"Big Fish","player_choice":"Donut","floor":5.0,"gold_loss":0.0,"damage_taken":0.0},{"damage_healed":0.0,"max_hp_gain":0.0,"max_hp_loss":0.0,"gold_gain":0.0,"event_name":"Golden Idol","player_choice":"Take Damage","floor":10.0,"gold_loss":0.0,"damage_taken":21.0,"relics_obtained":["Golden Idol"]},{"damage_healed":0.0,"max_hp_gain":0.0,"max_hp_loss":0.0,"gold_gain":0.0,"event_name":"Lab","player_choice":"Got Potions","floor":11.0,"gold_loss":0.0,"damage_taken":0.0},{"damage_healed":28,"gold_gain":0,"player_choice":"Heal","damage_taken":0,"max_hp_gain":0,"max_hp_loss":0,"event_name":"The Library","floor":20,"gold_loss":0},{"damage_healed":0,"gold_gain":0,"player_choice":"Copied","damage_taken":0,"max_hp_gain":0,"max_hp_loss":0,"event_name":"Duplicator","floor":22,"gold_loss":0,"cards_obtained":["Limit Break"]}],"is_beta":false,"boss_relics":[{"not_picked":["Lizard Tail","Runic Pyramid"],"picked":"Busted Crown"}],"items_purged_floors":[4],"is_endless":false,"potions_floor_spawned":[3,14,16],"killed_by":"Centurion and Healer","ascension_level":10}