{"gold_per_floor":[119,69,88,88,88,119,119,137,164,184,199,199,219,234,234,234],"floor_reached":16,"playtime":657,"items_purged":[],"score":142,"play_id":"201d177c-2318-4723-9708-6302c7827b2f","local_time":"20190127153819","is_ascension_mode":true,"campfire_choices":[{"data":"Bash","floor":7,"key":"SMITH"},{"data":"Body Slam","floor":15,"key":"SMITH"}],"neow_cost":"NONE","seed_source_timestamp":9517918970020,"circlet_count":0,"master_deck":["Strike_R","Strike_R","Strike_R","Defend_R","Defend_R","Defend_R","Defend_R","Bash+1","Body Slam+1","Bloodletting"],"relics":["Burning Blood","NeowsBlessing","Boot","Potion Belt","Happy Flower"],"potions_floor_usage":[14],"damage_taken":[{"damage":0,"enemies":"2 Louse","floor":1,"turns":1},{"damage":0,"enemies":"Small Slimes","floor":3,"turns":1},{"damage":0,"enemies":"Lagavulin","floor":6,"turns":1},{"damage":11,"enemies":"Jaw Worm","floor":8,"turns":4},{"damage":15,"enemies":"Exordium Thugs","floor":10,"turns":5},{"damage":16,"enemies":"3 Louse","floor":11,"turns":5},{"damage":40,"enemies":"Lots of Slimes","floor":13,"turns":6},{"damage":8,"enemies":"2 Fungi Beasts","floor":14,"turns":5},{"damage":25,"enemies":"Slime Boss","floor":16,"turns":4}],"seed_played":"-1685450100161976393","potions_obtained":[{"floor":3,"key":"Strength Potion"},{"floor":10,"key":"EssenceOfSteel"},{"floor":11,"key":"Regen Potion"},{"floor":13,"key":"Weak Potion"},{"floor":14,"key":"SkillPotion"}],"is_trial":false,"path_per_floor":["M","?","M","?","?","E","R","M","T","M","M","T","M","M","R","B"],"character_chosen":"IRONCLAD","items_purchased":[],"campfire_rested":0,"item_purchase_floors":[],"current_hp_per_floor":[80,80,80,85,78,84,84,79,79,70,60,60,26,36,36,11],"gold":234,"neow_bonus":"THREE_ENEMY_KILL","is_prod":false,"is_daily":false,"chose_seed":false,"campfire_upgraded":2,"win_rate":0,"timestamp":1548571099,"path_taken":["M","?","M","?","?","E","R","M","T","?","M","?","M","M","R","BOSS"],"build_version":"2019-01-23","purchased_purges":0,"victory":false,"max_hp_per_floor":[80,80,80,85,85,85,85,85,85,85,85,85,85,85,85,85],"card_choices":[{"not_picked":["Thunderclap","Clash","Rage"],"picked":"SKIP","floor":1},{"not_picked":["Dropkick","Metallicize","Dual Wield"],"picked":"SKIP","floor":3},{"not_picked":["Twin Strike","Rage","Anger"],"picked":"SKIP","floor":6},{"not_picked":["Iron Wave","Fiend Fire"],"picked":"Body Slam","floor":8},{"not_picked":["Dropkick","Flex","Armaments"],"picked":"SKIP","floor":10},{"not_picked":["Iron Wave","Wild Strike"],"picked":"Bloodletting","floor":11},{"not_picked":["Cleave","Clothesline","Second Wind"],"picked":"SKIP","floor":13},{"not_picked":["Sever Soul","Iron Wave","Clash"],"picked":"SKIP","floor":14}],"player_experience":94324,"relics_obtained":[{"floor":6,"key":"Boot"},{"floor":9,"key":"Potion Belt"},{"floor":12,"key":"Happy Flower"}],"event_choices":[{"cards_removed":["Strike_R"],"damage_healed":0,"gold_gain":0,"player_choice":"Card Removal","damage_taken":0,"max_hp_gain":0,"max_hp_loss":0,"event_name":"The Cleric","floor":2,"gold_loss":50},{"damage_healed":0,"gold_gain":0,"player_choice":"Donut","damage_taken":0,"max_hp_gain":5,"max_hp_loss":0,"event_name":"Big Fish","floor":4,"gold_loss":0},{"cards_removed":["Strike_R"],"damage_healed":0,"gold_gain":0,"player_choice":"Card Removal","damage_taken":7,"max_hp_gain":0,"max_hp_loss":0,"event_name":"Golden Wing","floor":5,"gold_loss":0}],"is_beta":false,"boss_relics":[],"items_purged_floors":[],"is_endless":false,"potions_floor_spawned":[3,10,11,13,14],"killed_by":"Slime Boss","ascension_level":2}