{"gold_per_floor":[110,110,121,23,40,40,40,74,143,318,318,348,360,379,379,379],"floor_reached":16,"playtime":1361,"items_purged":[],"score":135,"play_id":"b43bdf88-99db-497b-91c3-d241ef6adbad","local_time":"20190129210957","is_ascension_mode":false,"campfire_choices":[{"data":"All Out Attack","floor":7,"key":"SMITH"},{"floor":11,"key":"REST"},{"floor":15,"key":"REST"}],"neow_cost":"NONE","seed_source_timestamp":961589268039532,"circlet_count":0,"master_deck":["Defend_G","Defend_G","Defend_G","Defend_G","Defend_G","Strike_G","Strike_G","Strike_G","Strike_G","Strike_G","Survivor","Neutralize","Prepared","Underhanded Strike","All Out Attack+1","Sucker Punch","Expertise","Calculated Gamble","Doubt","Well Laid Plans","Flying Knee","Dagger Spray"],"relics":["Ring of the Snake","Bag of Marbles","Darkstone Periapt","Dodecahedron"],"potions_floor_usage":[],"damage_taken":[{"damage":5,"enemies":"Small Slimes","floor":1,"turns":6},{"damage":0,"enemies":"Cultist","floor":3,"turns":5},{"damage":1,"enemies":"Jaw Worm","floor":5,"turns":4},{"damage":32,"enemies":"Lagavulin","floor":8,"turns":8},{"damage":49,"enemies":"Gremlin Nob","floor":12,"turns":6},{"damage":0,"enemies":"Exordium Wildlife","floor":13,"turns":2},{"damage":7,"enemies":"3 Louse","floor":14,"turns":2},{"damage":47,"enemies":"Slime Boss","floor":16,"turns":6}],"seed_played":"1475252647315184110","potions_obtained":[{"floor":8,"key":"FearPotion"},{"floor":12,"key":"Swift Potion"}],"is_trial":false,"path_per_floor":["M","?","M","$","M","?","R","E","T","?","R","E","M","M","R","B"],"character_chosen":"THE_SILENT","items_purchased":["All Out Attack","Sucker Punch"],"campfire_rested":2,"item_purchase_floors":[4,4],"current_hp_per_floor":[72,72,72,72,71,76,76,44,44,50,76,27,27,20,46,0],"gold":379,"neow_bonus":"TEN_PERCENT_HP_BONUS","is_prod":false,"is_daily":false,"chose_seed":false,"campfire_upgraded":1,"win_rate":0.0,"timestamp":1548792597,"path_taken":["M","?","M","?","?","?","R","E","T","?","R","E","?","?","R","BOSS"],"build_version":"2019-01-23","purchased_purges":0,"victory":false,"max_hp_per_floor":[77,77,77,77,77,82,82,82,82,88,88,88,88,88,88,88],"card_choices":[{"not_picked":["Slice","Dagger Spray"],"picked":"Prepared","floor":1},{"not_picked":["Infinite Blades","Outmaneuver"],"picked":"Underhanded Strike","floor":3},{"not_picked":["Prepared","Blade Dance"],"picked":"Expertise","floor":5},{"not_picked":["Envenom","Masterful Stab"],"picked":"Calculated Gamble","floor":8},{"not_picked":["Dagger Throw","Riddle With Holes"],"picked":"Well Laid Plans","floor":12},{"not_picked":["Blade Dance","Dagger Spray"],"picked":"Flying Knee","floor":13},{"not_picked":["Calculated Gamble","Quick Slash"],"picked":"Dagger Spray","floor":14}],"player_experience":6475,"relics_obtained":[{"floor":8,"key":"Bag of Marbles"},{"floor":9,"key":"Darkstone Periapt"},{"floor":12,"key":"Dodecahedron"}],"event_choices":[{"damage_healed":0,"gold_gain":0,"player_choice":"0 cards matched","damage_taken":0,"max_hp_gain":0,"max_hp_loss":0,"event_name":"Match and Keep!","floor":2,"gold_loss":0,"cards_obtained":[]},{"damage_healed":0,"gold_gain":0,"player_choice":"Donut","damage_taken":0,"max_hp_gain":5,"max_hp_loss":0,"event_name":"Big Fish","floor":6,"gold_loss":0},{"damage_healed":0,"gold_gain":175,"player_choice":"AGREE","damage_taken":0,"max_hp_gain":0,"max_hp_loss":0,"event_name":"Liars Game","floor":10,"gold_loss":0,"cards_obtained":["Doubt"]}],"is_beta":false,"boss_relics":[],"items_purged_floors":[],"is_endless":false,"potions_floor_spawned":[8,12],"killed_by":"Slime Boss","ascension_level":0}