{"gold_per_floor":[117,192,209,209,224,224,251,251,251,265,285,65,94,104,104,199,199,216,216,233,264,275,304,304,320,320,320,336,336,42,18,18,114,114,132,207,307,307,529,540,560,560,587,587,151,151,151,161,161,161],"floor_reached":51,"playtime":2472,"items_purged":["Strike_G"],"score":725,"play_id":"3ef18a7d-1d07-4415-ae2b-bb6f7d5a5eab","local_time":"20190211155810","is_ascension_mode":false,"campfire_choices":[{"data":"Bane","floor":6,"key":"SMITH"},{"floor":8,"key":"REST"},{"data":"Footwork","floor":15,"key":"SMITH"},{"floor":27,"key":"REST"},{"data":"Noxious Fumes","floor":29,"key":"SMITH"},{"data":"Strike_G","floor":32,"key":"PURGE"},{"floor":42,"key":"REST"},{"data":"Writhe","floor":47,"key":"PURGE"},{"data":"Apotheosis","floor":49,"key":"SMITH"}],"neow_cost":"NONE","seed_source_timestamp":15103855411087,"circlet_count":0,"master_deck":["Defend_G","Defend_G","Defend_G","Defend_G","Defend_G","Strike_G","Strike_G","Survivor","Neutralize+1","Noxious Fumes+1","Footwork+1","Bane+1","Skewer+1","Cloak And Dagger","Corpse Explosion","Deadly Poison","Crippling Poison","Die Die Die","Backstab","Deadly Poison+1","Backflip","Heel Hook+1","Leg Sweep+1","Backflip","Bullet Time","Purity","Dark Shackles","Apotheosis+1"],"relics":["Ring of the Snake","Mercury Hourglass","Mummified Hand","Pen Nib","Juzu Bracelet","Eternal Feather","Red Mask","Peace Pipe","Incense Burner","Sozu","Nunchaku","Whetstone","Membership Card","Ninja Scroll","Lantern"],"potions_floor_usage":[10,13,20,23,37],"damage_taken":[{"damage":0,"enemies":"Small Slimes","floor":1,"turns":4},{"damage":6,"enemies":"Jaw Worm","floor":3,"turns":5},{"damage":0,"enemies":"2 Louse","floor":5,"turns":3},{"damage":17,"enemies":"3 Sentries","floor":7,"turns":10},{"damage":0,"enemies":"Red Slaver","floor":10,"turns":4},{"damage":0,"enemies":"3 Louse","floor":11,"turns":2},{"damage":11,"enemies":"Lagavulin","floor":13,"turns":6},{"damage":0,"enemies":"Exordium Thugs","floor":14,"turns":3},{"damage":5,"enemies":"The Guardian","floor":16,"turns":9},{"damage":1,"enemies":"Chosen","floor":18,"turns":4},{"damage":2,"enemies":"2 Thieves","floor":20,"turns":3},{"damage":4,"enemies":"Masked Bandits","floor":21,"turns":2},{"damage":13,"enemies":"Shelled Parasite and Fungi","floor":22,"turns":3},{"damage":24,"enemies":"Gremlin Leader","floor":23,"turns":7},{"damage":13,"enemies":"Cultist and Chosen","floor":25,"turns":7},{"damage":0,"enemies":"3 Cultists","floor":28,"turns":2},{"damage":53,"enemies":"Collector","floor":33,"turns":8},{"damage":23,"enemies":"3 Darklings","floor":35,"turns":3},{"damage":13,"enemies":"Mind Bloom Boss Battle","floor":37,"turns":7},{"damage":2,"enemies":"Orb Walker","floor":40,"turns":4},{"damage":11,"enemies":"Transient","floor":41,"turns":5},{"damage":0,"enemies":"3 Darklings","floor":48,"turns":1},{"damage":37,"enemies":"Donu and Deca","floor":50,"turns":8}],"seed_played":"5286467415413023795","potions_obtained":[{"floor":1,"key":"Strength Potion"},{"floor":7,"key":"GamblersBrew"},{"floor":13,"key":"GhostInAJar"},{"floor":16,"key":"GhostInAJar"},{"floor":18,"key":"EssenceOfSteel"},{"floor":23,"key":"SpeedPotion"},{"floor":25,"key":"SmokeBomb"},{"floor":33,"key":"SmokeBomb"}],"is_trial":false,"path_per_floor":["M","?","M","?","M","R","E","R","T","M","M","$","E","M","R","B",null,"M","?","M","?","M","E","?","M","T","R","M","R","$","$","R","B",null,"M","?","?","?","?","M","M","R","T","?","$","?","R","M","R","B",null],"character_chosen":"THE_SILENT","items_purchased":["Pen Nib","Corpse Explosion","Incense Burner","Backflip","Membership Card","Ninja Scroll","Lantern"],"campfire_rested":3,"item_purchase_floors":[12,12,30,31,45,45,45],"current_hp_per_floor":[70,59,53,53,53,53,36,57,57,57,57,57,46,46,46,41,70,69,70,68,64,51,27,27,14,14,50,50,65,65,65,70,17,70,47,40,27,27,27,25,14,50,50,40,40,58,70,70,70,33],"gold":161,"neow_bonus":"UPGRADE_CARD","is_prod":false,"is_daily":false,"chose_seed":false,"campfire_upgraded":4,"win_rate":0,"timestamp":1549897090,"path_taken":["M","?","M","?","M","R","E","R","T","M","M","$","E","M","R","BOSS","M","?","M","?","M","E","?","M","T","R","M","R","?","$","R","BOSS","M","?","?","?","?","M","M","R","T","?","$","?","R","M","R","BOSS"],"build_version":"2019-01-23","purchased_purges":1,"victory":true,"max_hp_per_floor":[70,70,70,70,70,70,70,70,70,70,70,70,70,70,70,70,70,70,70,70,70,70,70,70,70,70,70,70,70,70,70,70,70,70,70,70,70,70,70,70,70,70,70,70,70,70,70,70,70,70],"card_choices":[{"not_picked":["Escape Plan","Cloak And Dagger"],"picked":"Noxious Fumes","floor":1},{"not_picked":["Blade Dance","Heel Hook"],"picked":"Footwork","floor":3},{"not_picked":["Deadly Poison","Masterful Stab"],"picked":"Bane","floor":5},{"not_picked":["Predator","Slice","Poisoned Stab"],"picked":"SKIP","floor":7},{"not_picked":["Prepared","Acrobatics"],"picked":"Skewer","floor":10},{"not_picked":["Reflex","Slice"],"picked":"Cloak And Dagger","floor":11},{"not_picked":["Bane","Flying Knee"],"picked":"Deadly Poison","floor":13},{"not_picked":["Corpse Explosion","Dagger Spray"],"picked":"Crippling Poison","floor":14},{"not_picked":["Venomology","Bullet Time"],"picked":"Die Die Die","floor":16},{"not_picked":["Outmaneuver","Sucker Punch+1"],"picked":"Backstab","floor":18},{"not_picked":["Dagger Throw","Eviscerate","Flying Knee"],"picked":"SKIP","floor":20},{"not_picked":["Concentrate+1","Acrobatics+1"],"picked":"Deadly Poison+1","floor":21},{"not_picked":["Underhanded Strike","Endless Agony+1","Prepared"],"picked":"SKIP","floor":22},{"not_picked":["Riddle With Holes+1","Accuracy"],"picked":"Backflip","floor":23},{"not_picked":["Setup+1","Deadly Poison"],"picked":"Leg Sweep+1","floor":25},{"not_picked":["Setup","Slice","Bane"],"picked":"SKIP","floor":28},{"not_picked":["Doppelganger","Envenom"],"picked":"Bullet Time","floor":33},{"not_picked":["Quick Slash+1","Poisoned Stab+1","Acrobatics+1"],"picked":"SKIP","floor":35},{"not_picked":["Cloak And Dagger","Flying Knee","Blade Dance"],"picked":"SKIP","floor":40},{"not_picked":["Predator","Sucker Punch+1","Outmaneuver"],"picked":"SKIP","floor":41},{"not_picked":["Good Instincts","Impatience"],"picked":"Purity","floor":44},{"not_picked":["Bandage Up","Transmutation"],"picked":"Dark Shackles","floor":44},{"not_picked":["PanicButton","Secret Technique"],"picked":"Apotheosis","floor":44},{"not_picked":["Poisoned Stab+1","Flying Knee+1","Slice+1"],"picked":"SKIP","floor":48}],"player_experience":127155,"relics_obtained":[{"floor":7,"key":"Mercury Hourglass"},{"floor":9,"key":"Mummified Hand"},{"floor":13,"key":"Juzu Bracelet"},{"floor":21,"key":"Red Mask"},{"floor":23,"key":"Peace Pipe"},{"floor":37,"key":"Nunchaku"},{"floor":43,"key":"Whetstone"}],"event_choices":[{"damage_healed":0,"gold_gain":75,"player_choice":"Gather Gold","damage_taken":11,"max_hp_gain":0,"max_hp_loss":0,"event_name":"World of Goop","floor":2,"gold_loss":0},{"damage_healed":0,"gold_gain":0,"player_choice":"Ignored","damage_taken":0,"max_hp_gain":0,"max_hp_loss":0,"event_name":"Golden Idol","floor":4,"gold_loss":0},{"damage_healed":1,"gold_gain":0,"player_choice":"Full Heal","damage_taken":0,"max_hp_gain":0,"max_hp_loss":0,"event_name":"Wheel of Change","floor":19,"gold_loss":0},{"damage_healed":0,"gold_gain":0,"player_choice":"Fought Bandits","damage_taken":0,"max_hp_gain":0,"max_hp_loss":0,"event_name":"Masked Bandits","floor":21,"gold_loss":0},{"damage_healed":0,"gold_gain":0,"cards_transformed":["Strike_G"],"player_choice":"Transformed","damage_taken":0,"max_hp_gain":0,"max_hp_loss":0,"event_name":"Transmorgrifier","floor":24,"gold_loss":0,"cards_obtained":["Heel Hook"]},{"damage_healed":0,"gold_gain":75,"player_choice":"Touch","damage_taken":7,"max_hp_gain":0,"max_hp_loss":0,"event_name":"FaceTrader","floor":36,"gold_loss":0},{"damage_healed":0,"gold_gain":0,"player_choice":"Fight","damage_taken":0,"max_hp_gain":0,"max_hp_loss":0,"event_name":"MindBloom","floor":37,"gold_loss":0},{"damage_healed":0,"gold_gain":0,"player_choice":"Ignored","damage_taken":0,"max_hp_gain":0,"max_hp_loss":0,"event_name":"Mysterious Sphere","floor":38,"gold_loss":0},{"damage_healed":0,"gold_gain":222,"player_choice":"Wore Mask","damage_taken":0,"max_hp_gain":0,"max_hp_loss":0,"event_name":"Tomb of Lord Red Mask","floor":39,"gold_loss":0},{"damage_healed":0,"gold_gain":0,"player_choice":"Memory 3","damage_taken":10,"max_hp_gain":0,"max_hp_loss":0,"event_name":"SensoryStone","floor":44,"gold_loss":0},{"damage_healed":18,"gold_gain":0,"player_choice":"Writhe","damage_taken":0,"max_hp_gain":0,"max_hp_loss":0,"event_name":"Winding Halls","floor":46,"gold_loss":0,"cards_obtained":["Writhe"]}],"is_beta":false,"boss_relics":[{"not_picked":["Coffee Dripper","Runic Dome"],"picked":"Eternal Feather"},{"not_picked":["Snecko Eye","Runic Pyramid"],"picked":"Sozu"}],"items_purged_floors":[45],"is_endless":false,"potions_floor_spawned":[1,7,13,16,18,23,25,33,35],"ascension_level":0}