{"gold_per_floor":[16,16,34,109,124,157,157,186,186,186],"floor_reached":10,"playtime":207,"items_purged":[],"score":106,"play_id":"22b31f39-b5f5-4886-a958-83104d138787","local_time":"20181215173132","is_ascension_mode":true,"campfire_choices":[{"data":"Uppercut","floor":7,"key":"SMITH"}],"neow_cost":"NO_GOLD","seed_source_timestamp":26430500695525,"circlet_count":0,"master_deck":["Strike_R","Strike_R","Strike_R","Strike_R","Strike_R","Defend_R","Defend_R","Defend_R","Defend_R","Bash","Uppercut+1","Offering","Bludgeon","True Grit"],"relics":["Burning Blood","Nunchaku","Bag of Marbles","Self Forming Clay","Juzu Bracelet"],"potions_floor_usage":[10,10],"damage_taken":[{"damage":6,"enemies":"Cultist","floor":1,"turns":3},{"damage":4,"enemies":"Jaw Worm","floor":3,"turns":4},{"damage":0,"enemies":"2 Louse","floor":5,"turns":3},{"damage":37,"enemies":"Gremlin Nob","floor":6,"turns":4},{"damage":31,"enemies":"3 Sentries","floor":8,"turns":8},{"damage":14,"enemies":"Lagavulin","floor":10,"turns":2}],"seed_played":"6405811381139968247","potions_obtained":[{"floor":6,"key":"Ancient Potion"},{"floor":8,"key":"Strength Potion"}],"is_trial":false,"path_per_floor":["M","$","M","?","M","E","R","E","T","E"],"character_chosen":"IRONCLAD","items_purchased":[],"campfire_rested":0,"item_purchase_floors":[],"current_hp_per_floor":[72,72,74,63,69,38,38,13,13,0],"gold":186,"neow_bonus":"ONE_RARE_RELIC","is_prod":false,"is_daily":false,"chose_seed":false,"campfire_upgraded":1,"win_rate":0,"timestamp":1544913092,"path_taken":["M","?","M","?","M","E","R","E","T","E"],"build_version":"2018-12-13","purchased_purges":0,"victory":false,"max_hp_per_floor":[80,80,80,80,80,80,80,80,80,80],"card_choices":[{"not_picked":["Havoc","Heavy Blade","Blood for Blood"],"picked":"SKIP","floor":1},{"not_picked":["Pummel","True Grit"],"picked":"Uppercut","floor":3},{"not_picked":["Warcry","Clothesline"],"picked":"Offering","floor":5},{"not_picked":["Carnage","Iron Wave"],"picked":"Bludgeon","floor":6},{"not_picked":["Inflame","Heavy Blade"],"picked":"True Grit","floor":8}],"player_experience":585408,"relics_obtained":[{"floor":6,"key":"Bag of Marbles"},{"floor":8,"key":"Self Forming Clay"},{"floor":9,"key":"Juzu Bracelet"}],"event_choices":[{"damage_healed":0,"gold_gain":75,"player_choice":"Gather Gold","damage_taken":11,"max_hp_gain":0,"max_hp_loss":0,"event_name":"World of Goop","floor":4,"gold_loss":0}],"is_beta":true,"boss_relics":[],"items_purged_floors":[],"is_endless":false,"potions_floor_spawned":[6,8],"killed_by":"Lagavulin","ascension_level":8}