{"gold_per_floor":[116,131,145,145,158,158,202,13,13,13,34,34,54,87,87,87],"floor_reached":16,"playtime":762,"items_purged":["Strike_B"],"score":243,"play_id":"181e9fb9-be2f-4f1c-bcae-a4b490b86603","local_time":"20190124203855","is_ascension_mode":true,"campfire_choices":[{"data":"Zap","floor":6.0,"key":"SMITH"},{"floor":10.0,"key":"REST"},{"data":"Streamline","floor":12.0,"key":"SMITH"},{"floor":15,"key":"REST"}],"neow_cost":"NONE","seed_source_timestamp":0,"circlet_count":0,"master_deck":["AscendersBane","Strike_B","Strike_B","Strike_B","Defend_B","Defend_B","Defend_B","Defend_B","Zap+1","Dualcast","Streamline+1","Hologram","Rebound","Cold Snap","Conserve Battery","Consume","Ball Lightning","Hologram","Doom and Gloom"],"special_seed":0,"relics":["Cracked Core","Golden Idol","Orichalcum","Frozen Egg 2","Dead Branch"],"potions_floor_usage":[],"damage_taken":[{"damage":0.0,"enemies":"Cultist","floor":1.0,"turns":4.0},{"damage":4.0,"enemies":"Jaw Worm","floor":2.0,"turns":4.0},{"damage":1.0,"enemies":"2 Louse","floor":3.0,"turns":2.0},{"damage":33.0,"enemies":"Gremlin Gang","floor":5.0,"turns":6.0},{"damage":13.0,"enemies":"Gremlin Nob","floor":7.0,"turns":3.0},{"damage":7.0,"enemies":"Blue Slaver","floor":11.0,"turns":2.0},{"damage":17,"enemies":"Exordium Wildlife","floor":13,"turns":3},{"damage":11,"enemies":"3 Sentries","floor":14,"turns":5},{"damage":22,"enemies":"Hexaghost","floor":16,"turns":9}],"seed_played":"7028014709872395434","potions_obtained":[{"floor":1.0,"key":"Dexterity Potion"},{"floor":3.0,"key":"GamblersBrew"},{"floor":13,"key":"Energy Potion"}],"is_trial":false,"path_per_floor":["M","M","M","?","M","R","E","$","T","R","M","R","M","E","R","B"],"character_chosen":"DEFECT","items_purchased":["Consume","Ball Lightning"],"campfire_rested":2,"item_purchase_floors":[8,8],"current_hp_per_floor":[68,64,63,63,30,30,17,17,17,37,30,30,13,2,22,0],"gold":87,"neow_bonus":"THREE_CARDS","is_prod":false,"is_daily":false,"chose_seed":false,"campfire_upgraded":2,"win_rate":0,"timestamp":1548383935,"path_taken":["M","M","?","?","M","R","E","$","T","R","M","R","M","E","R","BOSS"],"build_version":"2019-01-23","purchased_purges":1,"victory":false,"max_hp_per_floor":[75,75,75,69,69,69,69,69,69,69,69,69,69,69,69,69],"card_choices":[{"not_picked":["Blizzard","Steam"],"picked":"Streamline","floor":1.0},{"not_picked":["Leap","Stack"],"picked":"Hologram","floor":2.0},{"not_picked":["Leap","Stack"],"picked":"Rebound","floor":3.0},{"not_picked":["Compile Driver","Heatsinks"],"picked":"Cold Snap","floor":5.0},{"not_picked":["Chaos","Meteor Strike"],"picked":"Conserve Battery","floor":7.0},{"not_picked":["Redo","Rip and Tear"],"picked":"Hologram","floor":11.0},{"not_picked":["Barrage","Sweeping Beam","Gash"],"picked":"SKIP","floor":13},{"not_picked":["Compile Driver","Beam Cell"],"picked":"Doom and Gloom","floor":14}],"player_experience":203610,"relics_obtained":[{"floor":7.0,"key":"Orichalcum"},{"floor":9.0,"key":"Frozen Egg 2"},{"floor":14,"key":"Dead Branch"}],"event_choices":[{"damage_healed":0.0,"max_hp_gain":0.0,"max_hp_loss":6.0,"gold_gain":0.0,"event_name":"Golden Idol","player_choice":"Lose Max HP","floor":4.0,"gold_loss":0.0,"damage_taken":0.0,"relics_obtained":["Golden Idol"]}],"is_beta":false,"boss_relics":[],"items_purged_floors":[8],"is_endless":false,"potions_floor_spawned":[1,3,13],"killed_by":"Hexaghost","ascension_level":10}