{"gold_per_floor":[118,178,198,148,148,182,193,193,216,216,246,200,232,248,248,349,349,369,332,344,233,233,266,266,301,358,358,370,370,383,409,409,511,561,575,575,593,612,624,624],"floor_reached":40,"playtime":2773,"items_purged":[],"score":745,"play_id":"6213c4fc-7c27-436a-a24f-2911878092c6","local_time":"20190120001928","is_ascension_mode":true,"campfire_choices":[{"data":"Neutralize","floor":8,"key":"SMITH"},{"data":"Backflip","floor":10,"key":"SMITH"},{"data":"Terror","floor":15,"key":"SMITH"},{"data":"Adrenaline","floor":24,"key":"SMITH"},{"data":"Noxious Fumes","floor":27,"key":"SMITH"},{"floor":32,"key":"REST"}],"neow_cost":"NONE","seed_source_timestamp":97390308354387,"circlet_count":0,"master_deck":["Survivor","Neutralize+1","Backstab+1","Flying Knee","Infinite Blades","Backflip+1","Escape Plan","Cloak And Dagger","Terror+1","Malaise","Acrobatics+1","Tools of the Trade","Noxious Fumes+1","Flechettes+1","Dodge and Roll","Dagger Throw","Adrenaline+1","Distraction","All Out Attack","Deflect","Dash","Leg Sweep","Caltrops","Well Laid Plans","Bane+1","Bane+1","Noxious Fumes","Catalyst"],"relics":["Ring of the Snake","NeowsBlessing","Potion Belt","Oddly Smooth Stone","Darkstone Periapt","Ornamental Fan","Pandora\u0027s Box","Art of War","Gremlin Horn","Tiny Chest","Dead Branch","Meat on the Bone","Tiny House"],"potions_floor_usage":[11,23,23,25,25,37,39],"damage_taken":[{"damage":0,"enemies":"2 Louse","floor":1,"turns":1},{"damage":0,"enemies":"Small Slimes","floor":3,"turns":1},{"damage":0,"enemies":"Gremlin Nob","floor":6,"turns":1},{"damage":0,"enemies":"Jaw Worm","floor":7,"turns":3},{"damage":0,"enemies":"Lagavulin","floor":11,"turns":6},{"damage":5,"enemies":"3 Sentries","floor":13,"turns":11},{"damage":0,"enemies":"Looter","floor":14,"turns":2},{"damage":12,"enemies":"Hexaghost","floor":16,"turns":11},{"damage":1,"enemies":"Shell Parasite","floor":18,"turns":4},{"damage":0,"enemies":"Chosen","floor":20,"turns":4},{"damage":2,"enemies":"Book of Stabbing","floor":23,"turns":4},{"damage":3,"enemies":"Gremlin Leader","floor":25,"turns":8},{"damage":13,"enemies":"Snecko","floor":28,"turns":4},{"damage":0,"enemies":"Shelled Parasite and Fungi","floor":30,"turns":5},{"damage":19,"enemies":"Book of Stabbing","floor":31,"turns":5},{"damage":50,"enemies":"Champ","floor":33,"turns":13},{"damage":0,"enemies":"Orb Walker","floor":35,"turns":3},{"damage":10,"enemies":"3 Darklings","floor":37,"turns":8},{"damage":8,"enemies":"Sphere and 2 Shapes","floor":38,"turns":6},{"damage":37,"enemies":"Transient","floor":39,"turns":5},{"damage":42,"enemies":"Reptomancer","floor":40,"turns":2}],"seed_played":"6096621581078895186","potions_obtained":[{"floor":1,"key":"PowerPotion"},{"floor":6,"key":"Energy Potion"},{"floor":16,"key":"LiquidBronze"},{"floor":22,"key":"LiquidBronze"},{"floor":22,"key":"Ancient Potion"},{"floor":22,"key":"SneckoOil"},{"floor":23,"key":"Regen Potion"},{"floor":30,"key":"Ancient Potion"},{"floor":31,"key":"Block Potion"},{"floor":34,"key":"SneckoOil"},{"floor":35,"key":"Regen Potion"}],"is_trial":false,"path_per_floor":["M","?","M","?","?","E","M","R","T","R","E","?","E","M","R","B",null,"M","$","M","$","?","E","R","E","T","R","M","?","M","E","R","B",null,"M","?","M","M","M","E"],"character_chosen":"THE_SILENT","items_purchased":["Dash","Leg Sweep","Caltrops"],"campfire_rested":1,"item_purchase_floors":[19,21,21],"current_hp_per_floor":[63,63,63,63,49,49,49,49,49,49,49,49,44,44,44,32,61,60,60,60,60,60,58,58,70,70,70,57,57,57,38,59,21,63,63,63,53,45,35,0],"gold":624,"neow_bonus":"THREE_ENEMY_KILL","is_prod":false,"is_daily":false,"chose_seed":false,"campfire_upgraded":5,"win_rate":0,"timestamp":1547965168,"path_taken":["M","?","M","?","?","E","M","R","T","R","E","?","E","?","R","BOSS","M","$","M","$","?","E","R","E","T","R","?","?","?","E","R","BOSS","M","?","M","M","?","E"],"build_version":"2019-01-17v2","purchased_purges":0,"victory":false,"max_hp_per_floor":[70,70,70,70,70,70,70,70,70,70,70,70,70,70,70,70,70,70,70,70,70,70,70,70,70,70,70,70,70,70,70,70,70,75,75,75,75,75,75,75],"card_choices":[{"not_picked":["Riddle With Holes","Crippling Poison"],"picked":"Backstab","floor":1},{"not_picked":["Outmaneuver","Tactician"],"picked":"Flying Knee","floor":3},{"not_picked":["Acrobatics","Bane"],"picked":"Infinite Blades","floor":6},{"not_picked":["Dagger Spray","Bane"],"picked":"Backflip","floor":7},{"not_picked":["Grand Finale","Dodge and Roll"],"picked":"Escape Plan","floor":11},{"not_picked":["Acrobatics","Prepared"],"picked":"Cloak And Dagger","floor":13},{"not_picked":["Poisoned Stab","Quick Slash"],"picked":"Terror","floor":14},{"not_picked":["Burst","Venomology"],"picked":"Malaise","floor":16},{"not_picked":["Crippling Poison","Heel Hook+1"],"picked":"Deflect","floor":18},{"not_picked":["Underhanded Strike","Heel Hook","Reflex+1"],"picked":"SKIP","floor":20},{"not_picked":["Choke","Flying Knee+1","Accuracy"],"picked":"SKIP","floor":23},{"not_picked":["Backflip+1","Grand Finale"],"picked":"Well Laid Plans","floor":25},{"not_picked":["Dagger Spray","Poisoned Stab"],"picked":"Bane+1","floor":28},{"not_picked":["Bane","Cloak And Dagger","Expertise"],"picked":"SKIP","floor":30},{"not_picked":["Quick Slash","Deadly Poison","Slice"],"picked":"SKIP","floor":31},{"not_picked":["Dodge and Roll+1","Deadly Poison"],"picked":"Bane+1","floor":35},{"not_picked":["Acrobatics","Blade Dance+1"],"picked":"Noxious Fumes","floor":37},{"not_picked":["Calculated Gamble+1","Quick Slash+1","Flying Knee"],"picked":"SKIP","floor":38},{"not_picked":["Prepared","Noxious Fumes"],"picked":"Catalyst","floor":39}],"player_experience":187408,"relics_obtained":[{"floor":6,"key":"Potion Belt"},{"floor":9,"key":"Oddly Smooth Stone"},{"floor":11,"key":"Darkstone Periapt"},{"floor":13,"key":"Ornamental Fan"},{"floor":23,"key":"Art of War"},{"floor":25,"key":"Gremlin Horn"},{"floor":26,"key":"Tiny Chest"},{"floor":29,"key":"Dead Branch"},{"floor":31,"key":"Meat on the Bone"}],"event_choices":[{"damage_healed":0,"gold_gain":60,"player_choice":"Gained Gold","damage_taken":0,"max_hp_gain":0,"max_hp_loss":0,"event_name":"Golden Wing","floor":2,"gold_loss":0},{"cards_removed":["Strike_G"],"damage_healed":0,"gold_gain":0,"player_choice":"Card Removal","damage_taken":0,"max_hp_gain":0,"max_hp_loss":0,"event_name":"The Cleric","floor":4,"gold_loss":50},{"damage_healed":0,"gold_gain":0,"player_choice":"Entered Light","damage_taken":14,"max_hp_gain":0,"max_hp_loss":0,"event_name":"Shining Light","floor":5,"gold_loss":0,"cards_upgraded":["Defend_G","Backstab"]},{"damage_healed":0,"gold_gain":0,"player_choice":"Left Gold","damage_taken":0,"max_hp_gain":0,"max_hp_loss":0,"event_name":"World of Goop","floor":12,"gold_loss":46},{"damage_healed":0,"gold_gain":0,"player_choice":"Got Potions","damage_taken":0,"max_hp_gain":0,"max_hp_loss":0,"event_name":"Lab","floor":22,"gold_loss":0},{"damage_healed":0,"gold_gain":0,"player_choice":"Relic","damage_taken":0,"max_hp_gain":0,"max_hp_loss":0,"event_name":"Wheel of Change","floor":29,"gold_loss":0},{"damage_healed":0,"gold_gain":0,"player_choice":"Upgraded","damage_taken":0,"max_hp_gain":0,"max_hp_loss":0,"event_name":"Upgrade Shrine","floor":36,"gold_loss":0,"cards_upgraded":["Flechettes"]}],"is_beta":false,"boss_relics":[{"not_picked":["HoveringKite","Runic Pyramid"],"picked":"Pandora\u0027s Box"},{"not_picked":["Empty Cage","Calling Bell"],"picked":"Tiny House"}],"items_purged_floors":[],"is_endless":false,"potions_floor_spawned":[1,6,16,23,30,31,35],"killed_by":"Reptomancer","ascension_level":9}