{"gold_per_floor":[110,110,110,121,134,134,160,160,184,184,184,202,232,40,40,139,189,199,213,213,513,529,561,561,24,24,35,35,35,53,73,73,172,172,182,194,194,213,258,258,284,284,284,284,309,390,409,142,142,142,142,142,16,48,48],"floor_reached":55,"playtime":4803,"items_purged":[],"score":828,"play_id":"4447dbfa-3596-437a-8fa0-36a146f42695","local_time":"20190105220235","is_ascension_mode":false,"campfire_choices":[{"floor":6.0,"key":"RECALL"},{"data":"Bouncing Flask","floor":8.0,"key":"SMITH"},{"floor":10.0,"key":"REST"},{"floor":15.0,"key":"REST"},{"floor":29.0,"key":"REST"},{"floor":32.0,"key":"REST"},{"floor":40,"key":"REST"},{"floor":42,"key":"REST"},{"data":"Infinite Blades","floor":44,"key":"SMITH"},{"data":"Infinite Blades","floor":49,"key":"SMITH"},{"data":"Noxious Fumes","floor":52,"key":"SMITH"}],"neow_cost":"NONE","seed_source_timestamp":0,"circlet_count":0,"master_deck":["Survivor","Neutralize+1","Backstab","Deadly Poison","Bouncing Flask+1","Venomology","Blur","Deflect","Infinite Blades+1","Dagger Spray","Tools of the Trade+1","Terror","Outmaneuver","Slice","Crippling Poison","Blur","Decay","Caltrops","Blade Dance+1","Accuracy","Infinite Blades+1","Cloak And Dagger","Unload","Finisher","Blade Dance","Flechettes","Phantasmal Killer","Blade Dance","Masterful Stab","Acrobatics","Storm of Steel","Wraith Form v2","Cloak And Dagger","Noxious Fumes+1","Accuracy+1","Master of Strategy","Panacea","Jack Of All Trades","Deadly Poison+1","PiercingWail+1","Terror+1","Infinite Blades+1","Escape Plan","Accuracy+1","Bouncing Flask","Cloak And Dagger"],"special_seed":0,"relics":["Ring of the Snake","NeowsBlessing","Regal Pillow","Matryoshka","Bottled Flame","Tiny House","Happy Flower","Old Coin","Thread and Needle","Letter Opener","Toy Ornithopter","War Paint","Mummified Hand","MutagenicStrength","Pandora\u0027s Box","Turnip","Bottled Tornado","Ancient Tea Set","Frozen Egg 2","Ornamental Fan","Oddly Smooth Stone","Blue Candle"],"potions_floor_usage":[39,39,41,50,50,50,54,55,55,55,55],"damage_taken":[{"damage":0.0,"enemies":"Jaw Worm","floor":1.0,"turns":1.0},{"damage":0.0,"enemies":"Small Slimes","floor":4.0,"turns":1.0},{"damage":0.0,"enemies":"Cultist","floor":5.0,"turns":1.0},{"damage":24.0,"enemies":"Lagavulin","floor":7.0,"turns":7.0},{"damage":12.0,"enemies":"Exordium Thugs","floor":12.0,"turns":4.0},{"damage":25.0,"enemies":"3 Sentries","floor":13.0,"turns":8.0},{"damage":68.0,"enemies":"The Guardian","floor":16.0,"turns":9.0},{"damage":0.0,"enemies":"3 Byrds","floor":18.0,"turns":6.0},{"damage":24.0,"enemies":"2 Thieves","floor":19.0,"turns":4.0},{"damage":22.0,"enemies":"Cultist and Chosen","floor":22.0,"turns":7.0},{"damage":24.0,"enemies":"Gremlin Leader","floor":23.0,"turns":10.0},{"damage":14.0,"enemies":"Snake Plant","floor":27.0,"turns":5.0},{"damage":8.0,"enemies":"Centurion and Healer","floor":30.0,"turns":6.0},{"damage":18.0,"enemies":"Cultist and Chosen","floor":31.0,"turns":5.0},{"damage":34.0,"enemies":"Champ","floor":33.0,"turns":9.0},{"damage":10,"enemies":"3 Shapes","floor":35,"turns":4},{"damage":3,"enemies":"Orb Walker","floor":36,"turns":3},{"damage":0,"enemies":"Sphere and 2 Shapes","floor":38,"turns":5},{"damage":63,"enemies":"2 Orb Walkers","floor":39,"turns":6},{"damage":12,"enemies":"Nemesis","floor":41,"turns":7},{"damage":0,"enemies":"Reptomancer","floor":45,"turns":5},{"damage":6,"enemies":"Writhing Mass","floor":47,"turns":4},{"damage":39,"enemies":"Donu and Deca","floor":50,"turns":6},{"damage":51,"enemies":"Shield and Spear","floor":54,"turns":6},{"damage":110,"enemies":"The Heart","floor":55,"turns":6}],"seed_played":"-8717364429893132767","potions_obtained":[{"floor":1.0,"key":"SpeedPotion"},{"floor":4.0,"key":"SpeedPotion"},{"floor":7.0,"key":"EntropicBrew"},{"floor":17.0,"key":"Fruit Juice"},{"floor":23.0,"key":"SneckoOil"},{"floor":31.0,"key":"Fire Potion"},{"floor":33.0,"key":"Block Potion"},{"floor":39,"key":"AttackPotion"},{"floor":45,"key":"GhostInAJar"},{"floor":54,"key":"Regen Potion"}],"is_trial":false,"path_per_floor":["M","?","?","M","M","R","E","R","T","R","T","M","E","$","R","B",null,"M","M","?","T","M","E","?","$","T","M","?","R","M","M","R","B",null,"M","M","?","M","?","R","E","R","T","R","E","T","M","$","R","B",null,"R","$","E","B"],"character_chosen":"THE_SILENT","items_purchased":["Infinite Blades","Dagger Spray","Fruit Juice","Caltrops","Blade Dance","Letter Opener","Toy Ornithopter","Accuracy+1","Oddly Smooth Stone","Bouncing Flask","Regen Potion","PowerPotion"],"campfire_rested":6,"item_purchase_floors":[14,14,14,25,25,25,25,48,48,48,53,53],"current_hp_per_floor":[70,75,75,75,75,75,51,51,51,75,75,63,38,43,80,12,90,90,66,66,66,44,20,20,20,20,16,16,58,50,32,74,55,90,80,77,67,67,14,56,49,90,90,90,90,90,84,84,84,59,90,90,90,44,0],"gold":48,"neow_bonus":"THREE_ENEMY_KILL","is_prod":false,"is_daily":false,"chose_seed":false,"campfire_upgraded":4,"win_rate":0,"timestamp":1546725755,"path_taken":["M","?","?","M","?","R","E","R","T","R","?","M","E","?","R","BOSS","M","M","?","?","?","E","?","?","T","M","?","R","?","M","R","BOSS","M","M","?","M","?","R","E","R","T","R","E","?","?","$","R","BOSS","R","$","E","BOSS"],"build_version":"2019-01-03v4","purchased_purges":0,"victory":false,"max_hp_per_floor":[70,75,75,75,75,75,75,75,75,75,75,75,75,80,80,80,90,90,90,90,90,90,90,90,90,90,90,90,90,90,90,90,90,90,90,90,90,90,90,90,90,90,90,90,90,90,90,90,90,90,90,90,90,90,90],"card_choices":[{"not_picked":["Setup","Quick Slash"],"picked":"Backstab","floor":1.0},{"not_picked":["Blade Dance","PiercingWail"],"picked":"Deadly Poison","floor":4.0},{"not_picked":["Riddle With Holes","Backstab"],"picked":"Bouncing Flask","floor":5.0},{"not_picked":["Deflect","Riddle With Holes"],"picked":"Venomology","floor":7.0},{"not_picked":["Choke","Quick Slash"],"picked":"Blur","floor":12.0},{"not_picked":["Night Terror","Choke"],"picked":"Deflect","floor":13.0},{"not_picked":["Grand Finale","Glass Knife"],"picked":"Tools of the Trade","floor":16.0},{"not_picked":["Eviscerate","PiercingWail"],"picked":"Terror","floor":17.0},{"not_picked":["Predator","Tactician+1"],"picked":"Outmaneuver","floor":18.0},{"not_picked":["Prepared","PiercingWail"],"picked":"Slice","floor":19.0},{"not_picked":["Prepared","Sucker Punch"],"picked":"Crippling Poison","floor":22.0},{"not_picked":["Phantasmal Killer","Skewer"],"picked":"Blur","floor":23.0},{"not_picked":["Underhanded Strike","Prepared"],"picked":"Accuracy","floor":27.0},{"not_picked":["PiercingWail","Outmaneuver"],"picked":"Infinite Blades","floor":30.0},{"not_picked":["Eviscerate","Blade Dance"],"picked":"Cloak And Dagger","floor":31.0},{"not_picked":["Night Terror","Bullet Time"],"picked":"Unload","floor":33.0},{"not_picked":["Footwork+1","Flying Knee+1"],"picked":"Noxious Fumes","floor":35},{"not_picked":["Sucker Punch+1","Bouncing Flask"],"picked":"Accuracy+1","floor":36},{"not_picked":["Mind Blast","Forethought"],"picked":"Master of Strategy","floor":37},{"not_picked":["Madness","Bandage Up"],"picked":"Panacea","floor":37},{"not_picked":["Flash of Steel","Mind Blast"],"picked":"Jack Of All Trades","floor":37},{"not_picked":["Endless Agony","Expertise+1"],"picked":"Deadly Poison+1","floor":38},{"not_picked":["Heel Hook+1","Deadly Poison+1"],"picked":"PiercingWail+1","floor":39},{"not_picked":["Bane","Underhanded Strike+1"],"picked":"Terror+1","floor":41},{"not_picked":["Tactician+1","Predator"],"picked":"Infinite Blades+1","floor":45},{"not_picked":["All Out Attack","Backflip+1"],"picked":"Escape Plan","floor":47},{"not_picked":["Blade Dance","Flying Knee+1"],"picked":"Cloak And Dagger","floor":54}],"player_experience":290749,"relics_obtained":[{"floor":7.0,"key":"Regal Pillow"},{"floor":11.0,"key":"Matryoshka"},{"floor":13.0,"key":"Bottled Flame"},{"floor":21.0,"key":"Happy Flower"},{"floor":21.0,"key":"Old Coin"},{"floor":23.0,"key":"Thread and Needle"},{"floor":26.0,"key":"War Paint"},{"floor":26.0,"key":"Mummified Hand"},{"floor":39,"key":"Turnip"},{"floor":41,"key":"Bottled Tornado"},{"floor":43,"key":"Ancient Tea Set"},{"floor":45,"key":"Frozen Egg 2"},{"floor":46,"key":"Ornamental Fan"},{"floor":54,"key":"Blue Candle"}],"event_choices":[{"damage_healed":0.0,"max_hp_gain":5.0,"max_hp_loss":0.0,"gold_gain":0.0,"event_name":"Big Fish","player_choice":"Donut","floor":2.0,"gold_loss":0.0,"damage_taken":0.0},{"damage_healed":0.0,"max_hp_gain":0.0,"max_hp_loss":0.0,"gold_gain":0.0,"event_name":"Accursed Blacksmith","player_choice":"Forge","floor":3.0,"gold_loss":0.0,"damage_taken":0.0,"cards_upgraded":["Neutralize"]},{"damage_healed":0.0,"max_hp_gain":0.0,"max_hp_loss":0.0,"gold_gain":0.0,"event_name":"Beggar","player_choice":"Ignored","floor":20.0,"gold_loss":0.0,"damage_taken":0.0},{"damage_healed":0.0,"max_hp_gain":0.0,"max_hp_loss":0.0,"gold_gain":0.0,"event_name":"Forgotten Altar","player_choice":"Smashed Altar","floor":24.0,"gold_loss":0.0,"damage_taken":0.0,"cards_obtained":["Decay"]},{"damage_healed":0.0,"max_hp_gain":0.0,"max_hp_loss":0.0,"gold_gain":0.0,"event_name":"Drug Dealer","player_choice":"Inject Mutagens","floor":28.0,"gold_loss":0.0,"damage_taken":0.0,"relics_obtained":["MutagenicStrength"]},{"damage_healed":0,"gold_gain":0,"player_choice":"Memory 3","damage_taken":10,"max_hp_gain":0,"max_hp_loss":0,"event_name":"SensoryStone","floor":37,"gold_loss":0},{"damage_healed":0,"gold_gain":0,"player_choice":"Fight","damage_taken":0,"max_hp_gain":0,"max_hp_loss":0,"event_name":"Mysterious Sphere","floor":39,"gold_loss":0}],"is_beta":false,"boss_relics":[{"not_picked":["Busted Crown","Runic Dome"],"picked":"Tiny House"},{"not_picked":["Velvet Choker","HoveringKite"],"picked":"Pandora\u0027s Box"}],"items_purged_floors":[],"is_endless":false,"potions_floor_spawned":[1,4,7,18,23,31,33,39,45,54],"killed_by":"The Heart","ascension_level":0}