{"gold_per_floor":[112,14,24,35,47,78,123,137,137,149,166,183,200,200,200,305,305,318,318,318,318],"floor_reached":21,"playtime":1689,"items_purged":["Strike_G"],"score":278,"play_id":"655372b3-68a5-45f0-9089-d18d051dcc8e","local_time":"20181221203206","is_ascension_mode":true,"campfire_choices":[{"floor":15,"key":"REST"}],"neow_cost":"NONE","seed_source_timestamp":165077784462333,"circlet_count":0,"master_deck":["AscendersBane","Defend_G","Defend_G","Defend_G","Defend_G","Defend_G","Strike_G","Strike_G","Strike_G","Survivor","Neutralize","Crippling Poison","Dagger Spray","Sucker Punch","Dagger Spray","Cloak And Dagger","Cloak And Dagger","Burst","Dagger Throw","Poisoned Stab","Corpse Explosion","Dagger Spray","Backflip","Catalyst+1","PiercingWail","Deadly Poison","PiercingWail"],"relics":["White Beast Statue","Ninja Scroll","Pantograph","Orrery","Enchiridion"],"potions_floor_usage":[5,6,6,6,12,16,16,16,21],"damage_taken":[{"damage":1,"enemies":"Cultist","floor":1,"turns":4},{"damage":0,"enemies":"2 Louse","floor":3,"turns":3},{"damage":4,"enemies":"Jaw Worm","floor":4,"turns":4},{"damage":14,"enemies":"Large Slime","floor":5,"turns":6},{"damage":35,"enemies":"Lagavulin","floor":6,"turns":8},{"damage":0,"enemies":"Gremlin Gang","floor":8,"turns":1},{"damage":0,"enemies":"3 Louse","floor":10,"turns":2},{"damage":3,"enemies":"Looter","floor":11,"turns":3},{"damage":3,"enemies":"Blue Slaver","floor":12,"turns":5},{"damage":0,"enemies":"3 Louse","floor":13,"turns":2},{"damage":60,"enemies":"Hexaghost","floor":16,"turns":11},{"damage":36,"enemies":"Shell Parasite","floor":18,"turns":9},{"damage":5,"enemies":"Spheric Guardian","floor":21,"turns":3}],"seed_played":"-9204366150781500987","potions_obtained":[{"floor":1,"key":"Ancient Potion"},{"floor":3,"key":"Explosive Potion"},{"floor":4,"key":"Swift Potion"},{"floor":5,"key":"GhostInAJar"},{"floor":6,"key":"SteroidPotion"},{"floor":8,"key":"SneckoOil"},{"floor":10,"key":"LiquidBronze"},{"floor":11,"key":"Regen Potion"},{"floor":12,"key":"FearPotion"},{"floor":13,"key":"Regen Potion"},{"floor":16,"key":"Ancient Potion"},{"floor":18,"key":"EssenceOfSteel"}],"is_trial":false,"path_per_floor":["M","$","M","M","M","E","T","M","T","M","M","M","M","?","R","B",null,"M","?","?","M"],"character_chosen":"THE_SILENT","items_purchased":["Dagger Spray"],"campfire_rested":1,"item_purchase_floors":[2],"current_hp_per_floor":[62,62,62,58,44,9,9,9,9,9,6,17,17,10,31,11,55,19,3,3,0],"gold":318,"neow_bonus":"BOSS_RELIC","is_prod":false,"is_daily":false,"chose_seed":false,"campfire_upgraded":0,"win_rate":0,"timestamp":1545424326,"path_taken":["M","?","?","M","M","E","?","M","T","?","M","M","M","?","R","BOSS","M","?","?","?"],"build_version":"2018-12-20","purchased_purges":1,"victory":false,"max_hp_per_floor":[70,70,70,70,70,70,70,70,70,70,70,70,70,70,70,70,70,70,70,70,70],"card_choices":[{"not_picked":["Dagger Throw","Sucker Punch"],"picked":"Crippling Poison","floor":1},{"not_picked":["Bane","Backflip"],"picked":"Sucker Punch","floor":3},{"not_picked":["Slice","Backflip"],"picked":"Dagger Spray","floor":4},{"not_picked":["Outmaneuver","Deflect"],"picked":"Cloak And Dagger","floor":5},{"not_picked":["Bane","Expertise","Deflect"],"picked":"SKIP","floor":6},{"not_picked":["Choke","Underhanded Strike"],"picked":"Cloak And Dagger","floor":8},{"not_picked":["Reflex","Terror"],"picked":"Burst","floor":10},{"not_picked":["Accuracy","Tactician"],"picked":"Dagger Throw","floor":11},{"not_picked":["Acrobatics","Outmaneuver","Eviscerate"],"picked":"SKIP","floor":12},{"not_picked":["Cloak And Dagger","Accuracy"],"picked":"Poisoned Stab","floor":13},{"not_picked":["Phantasmal Killer","A Thousand Cuts"],"picked":"Corpse Explosion","floor":16},{"not_picked":["Prepared","Well Laid Plans"],"picked":"Dagger Spray","floor":17},{"not_picked":["Dodge and Roll","Bane"],"picked":"Backflip","floor":17},{"not_picked":["Deadly Poison","Sucker Punch"],"picked":"Catalyst","floor":17},{"not_picked":["Flying Knee","Sucker Punch"],"picked":"PiercingWail","floor":17},{"not_picked":["Dodge and Roll","All Out Attack"],"picked":"Deadly Poison","floor":17},{"not_picked":["Grand Finale","Infinite Blades+1"],"picked":"PiercingWail","floor":18}],"player_experience":1078182,"relics_obtained":[{"floor":6,"key":"Ninja Scroll"},{"floor":9,"key":"Pantograph"},{"floor":19,"key":"Enchiridion"}],"event_choices":[{"cards_removed":["Strike_G"],"damage_healed":0,"gold_gain":0,"player_choice":"Card Removal","damage_taken":7,"max_hp_gain":0,"max_hp_loss":0,"event_name":"Golden Wing","floor":14,"gold_loss":0},{"damage_healed":0,"gold_gain":0,"player_choice":"Obtained Book","damage_taken":16,"max_hp_gain":0,"max_hp_loss":0,"event_name":"Cursed Tome","floor":19,"gold_loss":0},{"damage_healed":0,"gold_gain":0,"player_choice":"Forge","damage_taken":0,"max_hp_gain":0,"max_hp_loss":0,"event_name":"Accursed Blacksmith","floor":20,"gold_loss":0,"cards_upgraded":["Catalyst"]}],"is_beta":false,"boss_relics":[{"not_picked":["Runic Dome","Busted Crown"],"picked":"Orrery"}],"items_purged_floors":[2],"is_endless":false,"potions_floor_spawned":[1,3,4,5,6,8,10,11,12,13,16,18],"killed_by":"Spheric Guardian","ascension_level":10}