{"gold_per_floor":[418,418,25,25,43,61,76,36,36,70,87,107,130,162,162,267,267,304,304,579,579,175,204,229,55,55,55,55,73,90,122,122,218,218,236,281,281,281,101,101,117,117,172,197,197,72,82,82,82,82],"floor_reached":51,"playtime":3527,"items_purged":["Regret","Strike_B","Normality"],"score":1064,"play_id":"10240388-07ac-4654-8b28-eb0611b0d04b","local_time":"20181022024231","is_ascension_mode":false,"campfire_choices":[{"data":"Barrage","floor":15,"key":"SMITH"},{"data":"Defragment","floor":27,"key":"SMITH"},{"data":"Barrage","floor":32,"key":"SMITH"},{"data":"Metamorphosis","floor":40,"key":"SMITH"},{"data":"Madness","floor":42,"key":"SMITH"},{"data":"Streamline","floor":49,"key":"SMITH"}],"neow_cost":"TEN_PERCENT_HP_LOSS","seed_source_timestamp":201329574961102,"circlet_count":0,"master_deck":["Strike_B+1","Strike_B+1","Defend_B+1","Defend_B+1","Defend_B+1","Defend_B+1","Zap+1","Dualcast+1","Genetic Algorithm+1","Magnetism+1","Barrage+1","Coolheaded+1","Ball Lightning+1","Cold Snap+1","Streamline+1","Hologram+1","Melter+1","Blizzard+1","Capacitor+1","Barrage+1","Steam+1","Go for the Eyes+1","Defragment+1","Chill+1","Go for the Eyes+1","Reboot+1","Defragment+1","Rebound+1","Madness+1","Madness+1","Metamorphosis+1","Hello World+1","Streamline+1"],"relics":["FrozenCore","Old Coin","Runic Capacitor","Bottled Flame","FossilizedHelix","PreservedInsect","WingedGreaves","Sling","Vajra","Bag of Marbles","Dream Catcher","Boot","Cursed Key","Gambling Chip","Lantern","Strawberry","Mark of the Bloom"],"potions_floor_usage":[6,7,10,14,18,23,23,29,31,36,50,50,50],"damage_taken":[{"damage":0,"enemies":"2 Louse","floor":1,"turns":2},{"damage":0,"enemies":"Cultist","floor":5,"turns":3},{"damage":11,"enemies":"Jaw Worm","floor":6,"turns":3},{"damage":0,"enemies":"Large Slime","floor":7,"turns":7},{"damage":1,"enemies":"3 Sentries","floor":10,"turns":7},{"damage":0,"enemies":"3 Louse","floor":11,"turns":3},{"damage":0,"enemies":"Red Slaver","floor":12,"turns":3},{"damage":0,"enemies":"Lagavulin","floor":14,"turns":4},{"damage":0,"enemies":"Slime Boss","floor":16,"turns":6},{"damage":0,"enemies":"Shell Parasite","floor":18,"turns":6},{"damage":12,"enemies":"Gremlin Leader","floor":23,"turns":4},{"damage":0,"enemies":"Slavers","floor":24,"turns":5},{"damage":0,"enemies":"Chosen","floor":29,"turns":4},{"damage":0,"enemies":"3 Cultists","floor":30,"turns":6},{"damage":0,"enemies":"Book of Stabbing","floor":31,"turns":4},{"damage":0,"enemies":"Collector","floor":33,"turns":11},{"damage":0,"enemies":"3 Darklings","floor":35,"turns":5},{"damage":0,"enemies":"2 Orb Walkers","floor":36,"turns":5},{"damage":0,"enemies":"Orb Walker","floor":41,"turns":4},{"damage":0,"enemies":"Giant Head","floor":44,"turns":6},{"damage":0,"enemies":"4 Shapes","floor":47,"turns":5},{"damage":0,"enemies":"Time Eater","floor":50,"turns":12}],"seed_played":"-6968046361464236152","potions_obtained":[{"floor":1,"key":"Regen Potion"},{"floor":5,"key":"Fire Potion"},{"floor":8,"key":"EssenceOfSteel"},{"floor":8,"key":"Energy Potion"},{"floor":8,"key":"GamblersBrew"},{"floor":11,"key":"SpeedPotion"},{"floor":12,"key":"Block Potion"},{"floor":14,"key":"Energy Potion"},{"floor":18,"key":"SkillPotion"},{"floor":29,"key":"FearPotion"},{"floor":30,"key":"EssenceOfSteel"},{"floor":31,"key":"SpeedPotion"},{"floor":36,"key":"Block Potion"},{"floor":44,"key":"PowerPotion"}],"is_trial":false,"path_per_floor":["M","?","$","?","M","M","M","?","T","E","M","M","T","E","R","B",null,"M","?","?","?","$","E","E","$","T","R","?","M","M","E","R","B",null,"M","?","?","?","$","R","M","R","T","E","?","$","M","$","R","B"],"character_chosen":"DEFECT","items_purchased":["Magnetism","Runic Capacitor","Capacitor","Barrage","Sling","Defragment","Metamorphosis"],"campfire_rested":0,"item_purchase_floors":[3,3,22,22,22,25,39],"current_hp_per_floor":[68,68,68,54,54,52,52,52,52,51,51,51,51,51,51,51,68,68,68,68,78,78,66,66,66,66,66,66,66,66,66,66,66,78,78,78,78,68,68,68,68,68,68,75,75,75,75,75,75,75],"gold":82,"neow_bonus":"ONE_RARE_RELIC","is_prod":false,"is_daily":false,"chose_seed":false,"campfire_upgraded":6,"win_rate":0,"timestamp":1540190551,"path_taken":["M","?","$","?","M","M","M","?","T","E","M","M","?","E","R","BOSS","M","?","?","?","?","E","E","$","T","R","?","M","M","E","R","BOSS","M","?","?","?","?","R","?","R","T","E","?","$","M","?","R","BOSS"],"build_version":"2018-10-18","purchased_purges":3,"victory":true,"max_hp_per_floor":[68,68,68,68,68,68,68,68,68,68,68,68,68,68,68,68,68,68,68,68,78,78,78,78,78,78,78,78,78,78,78,78,78,78,78,78,78,78,78,78,78,78,78,85,85,85,85,85,85,85],"card_choices":[{"not_picked":["Double Energy","Aggregate"],"picked":"Genetic Algorithm","floor":1},{"not_picked":["Beam Cell","Reprogram"],"picked":"Barrage","floor":5},{"not_picked":["Recycle","Chill"],"picked":"Coolheaded","floor":6},{"not_picked":["Auto Shields","Self Repair"],"picked":"Ball Lightning","floor":7},{"not_picked":["Steam","Skim"],"picked":"Cold Snap","floor":10},{"not_picked":["Steam","Beam Cell"],"picked":"Streamline","floor":11},{"not_picked":["Buffer","Loop"],"picked":"Hologram","floor":12},{"not_picked":["Barrage","Hologram"],"picked":"Melter","floor":14},{"not_picked":["Creative AI","Seek"],"picked":"Electrodynamics","floor":16},{"not_picked":["Redo+1","Reprogram"],"picked":"Blizzard","floor":18},{"not_picked":["BootSequence","Gash"],"picked":"Steam+1","floor":23},{"not_picked":["Auto Shields+1","Barrage"],"picked":"Go for the Eyes+1","floor":24},{"not_picked":["Go for the Eyes","Gash"],"picked":"Blizzard+1","floor":29},{"not_picked":["Leap+1","Beam Cell"],"picked":"Chill+1","floor":30},{"not_picked":["Turbo+1","Streamline"],"picked":"Go for the Eyes+1","floor":31},{"not_picked":["Multi-Cast","Hyperbeam"],"picked":"Reboot","floor":33},{"not_picked":["Compile Driver","Reprogram"],"picked":"Defragment+1","floor":35},{"not_picked":["Conserve Battery+1","Turbo+1"],"picked":"Rebound+1","floor":36},{"not_picked":["Leap","Force Field","Aggregate"],"picked":"SKIP","floor":41},{"not_picked":["FTL","Cold Snap+1"],"picked":"Hello World+1","floor":44},{"not_picked":["Streamline","Auto Shields","Steam+1"],"picked":"SKIP","floor":47},{"not_picked":["Auto Shields","Steam+1"],"picked":"Streamline","floor":47}],"player_experience":159515,"relics_obtained":[{"floor":9,"key":"Bottled Flame"},{"floor":10,"key":"FossilizedHelix"},{"floor":13,"key":"PreservedInsect"},{"floor":14,"key":"WingedGreaves"},{"floor":23,"key":"Vajra"},{"floor":24,"key":"Bag of Marbles"},{"floor":26,"key":"Dream Catcher"},{"floor":31,"key":"Boot"},{"floor":36,"key":"Gambling Chip"},{"floor":43,"key":"Lantern"},{"floor":44,"key":"Strawberry"}],"event_choices":[{"damage_healed":0,"gold_gain":0,"player_choice":"Upgraded","damage_taken":0,"max_hp_gain":0,"max_hp_loss":0,"event_name":"Upgrade Shrine","floor":2,"gold_loss":0,"cards_upgraded":["Genetic Algorithm"]},{"damage_healed":0,"gold_gain":0,"player_choice":"Entered Light","damage_taken":14,"max_hp_gain":0,"max_hp_loss":0,"event_name":"Shining Light","floor":4,"gold_loss":0,"cards_upgraded":["Defend_B","Magnetism"]},{"damage_healed":0,"gold_gain":0,"player_choice":"Bought 3 Potions","damage_taken":0,"max_hp_gain":0,"max_hp_loss":0,"event_name":"The Woman in Blue","floor":8,"gold_loss":0},{"cards_removed":["Strike_B"],"damage_healed":0,"gold_gain":0,"player_choice":"Purged","damage_taken":0,"max_hp_gain":0,"max_hp_loss":0,"event_name":"Purifier","floor":19,"gold_loss":0},{"damage_healed":0,"gold_gain":275,"player_choice":"Desecrate","damage_taken":0,"max_hp_gain":0,"max_hp_loss":0,"event_name":"Golden Shrine","floor":20,"gold_loss":0,"cards_obtained":["Regret"]},{"cards_removed":["Electrodynamics"],"damage_healed":0,"gold_gain":0,"player_choice":"Offered Rare","damage_taken":0,"max_hp_gain":10,"max_hp_loss":0,"event_name":"Bonfire Elementals","floor":21,"gold_loss":0},{"damage_healed":0,"gold_gain":0,"player_choice":"Ignored","damage_taken":0,"max_hp_gain":0,"max_hp_loss":0,"event_name":"Ghosts","floor":28,"gold_loss":0},{"damage_healed":0,"gold_gain":0,"player_choice":"Fight","damage_taken":0,"max_hp_gain":0,"max_hp_loss":0,"event_name":"Mysterious Sphere","floor":36,"gold_loss":0},{"cards_removed":["Blizzard"],"damage_healed":0,"gold_gain":0,"player_choice":"Removed Attack","damage_taken":0,"max_hp_gain":0,"max_hp_loss":0,"event_name":"Falling","floor":37,"gold_loss":0},{"damage_healed":0,"gold_gain":0,"player_choice":"Embrace Madness","damage_taken":10,"max_hp_gain":0,"max_hp_loss":0,"event_name":"Winding Halls","floor":38,"gold_loss":0,"cards_obtained":["Madness","Madness"]},{"damage_healed":0,"gold_gain":0,"player_choice":"Upgrade","damage_taken":0,"relics_obtained":["Mark of the Bloom"],"max_hp_gain":0,"max_hp_loss":0,"event_name":"MindBloom","floor":45,"gold_loss":0,"cards_upgraded":["Strike_B","Strike_B","Defend_B","Defend_B","Defend_B","Zap","Dualcast","Coolheaded","Ball Lightning","Cold Snap","Streamline","Hologram","Melter","Blizzard","Capacitor","Reboot","Madness"]}],"is_beta":false,"boss_relics":[{"not_picked":["Runic Dome","Orrery"],"picked":"FrozenCore"},{"not_picked":["Black Star","White Beast Statue"],"picked":"Cursed Key"}],"items_purged_floors":[22,25,46],"is_endless":false,"potions_floor_spawned":[1,5,11,12,14,18,29,30,31,36,44,47],"ascension_level":0}