{"gold_per_floor":[116,66,66,66,76,251,251,281,362,43,55,55,66,81,81,81],"floor_reached":16,"playtime":902,"items_purged":["Strike_R"],"score":90,"play_id":"c22a2e7b-2d9d-45dc-b500-eb878ef22b07","local_time":"20190129011908","is_ascension_mode":false,"campfire_choices":[{"data":"Whirlwind","floor":12,"key":"SMITH"},{"floor":15,"key":"REST"}],"neow_cost":"NONE","seed_source_timestamp":11482552353300,"circlet_count":0,"master_deck":["Strike_R","Strike_R","Defend_R","Defend_R","Defend_R","Defend_R","Bash","Shrug It Off","Whirlwind+1","Doubt","Heavy Blade","Infernal Blade","Shrug It Off"],"relics":["Burning Blood","NeowsBlessing","Singing Bowl","Frozen Egg 2"],"potions_floor_usage":[16,16,16],"damage_taken":[{"damage":0,"enemies":"Jaw Worm","floor":1,"turns":1},{"damage":0,"enemies":"2 Louse","floor":5,"turns":1},{"damage":0,"enemies":"Small Slimes","floor":11,"turns":2},{"damage":29,"enemies":"Gremlin Gang","floor":13,"turns":3},{"damage":13,"enemies":"2 Fungi Beasts","floor":14,"turns":3},{"damage":95,"enemies":"Hexaghost","floor":16,"turns":14}],"seed_played":"7890362341605433557","potions_obtained":[{"floor":1,"key":"EssenceOfSteel"},{"floor":11,"key":"SkillPotion"},{"floor":13,"key":"Regen Potion"}],"is_trial":false,"path_per_floor":["M","?","$","?","M","?","?","?","T","$","M","R","M","M","R","B"],"character_chosen":"IRONCLAD","items_purchased":["Frozen Egg 2"],"campfire_rested":1,"item_purchase_floors":[10],"current_hp_per_floor":[80,80,80,80,80,80,73,73,73,73,79,79,56,49,73,0],"gold":81,"neow_bonus":"THREE_ENEMY_KILL","is_prod":false,"is_daily":false,"chose_seed":false,"campfire_upgraded":1,"win_rate":0.0,"timestamp":1548753548,"path_taken":["M","?","$","?","M","?","?","?","T","?","M","R","M","M","R","BOSS"],"build_version":"2019-01-23","purchased_purges":1,"victory":false,"max_hp_per_floor":[80,80,80,80,80,80,80,80,80,80,80,80,80,80,80,80],"card_choices":[{"not_picked":["Sword Boomerang","Headbutt"],"picked":"Shrug It Off","floor":1},{"not_picked":["Iron Wave","Corruption"],"picked":"Whirlwind","floor":5},{"not_picked":["Flex","Rage"],"picked":"Heavy Blade","floor":11},{"not_picked":["Twin Strike","Cleave"],"picked":"Infernal Blade","floor":13},{"not_picked":["Combust+1","Body Slam"],"picked":"Shrug It Off","floor":14}],"player_experience":58112,"relics_obtained":[{"floor":9,"key":"Singing Bowl"}],"event_choices":[{"cards_removed":["Strike_R"],"damage_healed":0,"gold_gain":0,"player_choice":"Card Removal","damage_taken":0,"max_hp_gain":0,"max_hp_loss":0,"event_name":"The Cleric","floor":2,"gold_loss":50},{"damage_healed":0,"gold_gain":0,"player_choice":"Ignored","damage_taken":0,"max_hp_gain":0,"max_hp_loss":0,"event_name":"Shining Light","floor":4,"gold_loss":0},{"damage_healed":0,"gold_gain":175,"player_choice":"AGREE","damage_taken":0,"max_hp_gain":0,"max_hp_loss":0,"event_name":"Liars Game","floor":6,"gold_loss":0,"cards_obtained":["Doubt"]},{"cards_removed":["Strike_R"],"damage_healed":0,"gold_gain":0,"player_choice":"Card Removal","damage_taken":7,"max_hp_gain":0,"max_hp_loss":0,"event_name":"Golden Wing","floor":7,"gold_loss":0},{"damage_healed":0,"gold_gain":30,"player_choice":"Searched \u00272\u0027 times","damage_taken":0,"max_hp_gain":0,"max_hp_loss":0,"event_name":"Dead Adventurer","floor":8,"gold_loss":0}],"is_beta":false,"boss_relics":[],"items_purged_floors":[10],"is_endless":false,"potions_floor_spawned":[1,11,13],"killed_by":"Hexaghost","ascension_level":0}