{"gold_per_floor":[115,131,11,30,20,49,49,79,106,106,106,106,121,121,121,121],"floor_reached":16,"playtime":626,"items_purged":["Strike_G"],"score":138,"play_id":"36d82ddf-68d7-47b7-a9af-288543aa2db7","local_time":"20190203035158","is_ascension_mode":true,"campfire_choices":[{"floor":7,"key":"REST"},{"data":"Grand Finale","floor":10,"key":"SMITH"},{"floor":12,"key":"REST"},{"floor":15,"key":"REST"}],"neow_cost":"NONE","seed_source_timestamp":1222070444680700,"circlet_count":0,"master_deck":["Defend_G","Defend_G+1","Defend_G","Defend_G","Defend_G","Strike_G","Strike_G","Strike_G","Strike_G","Survivor","Neutralize","Grand Finale+1","Quick Slash+1","Quick Slash","After Image+1","Backflip"],"relics":["Ring of the Snake","Ninja Scroll","Dream Catcher","Blood Vial"],"potions_floor_usage":[16,16],"damage_taken":[{"damage":11,"enemies":"Cultist","floor":1,"turns":4},{"damage":5,"enemies":"Jaw Worm","floor":2,"turns":6},{"damage":6,"enemies":"Small Slimes","floor":4,"turns":2},{"damage":4,"enemies":"Exordium Thugs","floor":5,"turns":4},{"damage":36,"enemies":"Gremlin Nob","floor":6,"turns":5},{"damage":7,"enemies":"3 Sentries","floor":8,"turns":6},{"damage":0,"enemies":"Large Slime","floor":13,"turns":6},{"damage":54,"enemies":"Hexaghost","floor":16,"turns":14}],"seed_played":"-6711451010699160366","potions_obtained":[{"floor":1,"key":"Fire Potion"},{"floor":2,"key":"FearPotion"},{"floor":13,"key":"Energy Potion"}],"is_trial":false,"path_per_floor":["M","M","$","M","M","E","R","E","T","R","?","R","M","?","R","B"],"character_chosen":"THE_SILENT","items_purchased":["Quick Slash"],"campfire_rested":3,"item_purchase_floors":[3],"current_hp_per_floor":[59,54,54,48,44,8,29,22,22,22,8,29,31,31,52,0],"gold":121,"neow_bonus":"ONE_RANDOM_RARE_CARD","is_prod":false,"is_daily":false,"chose_seed":false,"campfire_upgraded":1,"win_rate":0,"timestamp":1549162318,"path_taken":["M","M","$","M","?","E","R","E","T","R","?","R","M","?","R","BOSS"],"build_version":"2019-01-23","purchased_purges":1,"victory":false,"max_hp_per_floor":[70,70,70,70,70,70,70,70,70,70,70,70,70,70,70,70],"card_choices":[{"not_picked":["Caltrops","Predator","Choke"],"picked":"SKIP","floor":1},{"not_picked":["Underhanded Strike","Outmaneuver","Deflect"],"picked":"SKIP","floor":2},{"not_picked":["Outmaneuver","Acrobatics","Expertise"],"picked":"SKIP","floor":4},{"not_picked":["Concentrate","All Out Attack"],"picked":"Quick Slash","floor":5},{"not_picked":["Riddle With Holes","Dash"],"picked":"After Image","floor":6},{"not_picked":["Backstab","Slice","Reflex"],"picked":"SKIP","floor":8},{"not_picked":["Acrobatics","Blur"],"picked":"Backflip","floor":12},{"not_picked":["Deadly Poison","Underhanded Strike","Flying Knee"],"picked":"SKIP","floor":13}],"player_experience":856308,"relics_obtained":[{"floor":6,"key":"Ninja Scroll"},{"floor":8,"key":"Dream Catcher"},{"floor":9,"key":"Blood Vial"}],"event_choices":[{"damage_healed":0,"gold_gain":0,"player_choice":"Entered Light","damage_taken":14,"max_hp_gain":0,"max_hp_loss":0,"event_name":"Shining Light","floor":11,"gold_loss":0,"cards_upgraded":["Quick Slash","Defend_G"]},{"damage_healed":0,"gold_gain":0,"player_choice":"Forge","damage_taken":0,"max_hp_gain":0,"max_hp_loss":0,"event_name":"Accursed Blacksmith","floor":14,"gold_loss":0,"cards_upgraded":["After Image"]}],"is_beta":false,"boss_relics":[],"items_purged_floors":[3],"is_endless":false,"potions_floor_spawned":[1,2,13],"killed_by":"Hexaghost","ascension_level":5}