{"gold_per_floor":[115,127,52,66,66,66,94,169,169,199,212,224,224,224,224,350,350,366,41,62,62,62,100,100,120,120,120,120,145,145,170,170,291,291,312,312,312,328,166,166,180,215,215,215,215,235,255,270,270,270],"floor_reached":50,"playtime":3114,"items_purged":["Strike_B"],"score":737,"play_id":"3c36daae-4af8-4fab-9fa5-dddc561e7bf5","local_time":"20181225130740","is_ascension_mode":true,"campfire_choices":[{"floor":6.0,"key":"REST"},{"floor":13.0,"key":"REST"},{"floor":15.0,"key":"REST"},{"floor":24,"key":"REST"},{"floor":27,"key":"REST"},{"floor":30,"key":"REST"},{"data":"Electrodynamics","floor":32,"key":"SMITH"},{"floor":40,"key":"REST"},{"floor":44,"key":"REST"},{"floor":49,"key":"REST"}],"neow_cost":"NONE","seed_source_timestamp":482499607793768,"circlet_count":0,"master_deck":["AscendersBane","Defend_B","Defend_B","Defend_B","Defend_B+1","Zap","Dualcast","Doom and Gloom","Sweeping Beam+1","Loop","Electrodynamics+1","Echo Form","Sweeping Beam+1","Skim+1","Thunder Strike+1","Core Surge","Self Repair","Fusion","Streamline","Loop+1","Thunder Strike","Apotheosis","Sunder+1","Tempest","Hologram+1"],"special_seed":0,"relics":["Snecko Eye","Blue Candle","Bronze Scales","Tiny Chest","Golden Idol","Astrolabe","Bottled Tornado","Omamori","Frozen Egg 2","Question Card","Spirit Poop","Lizard Tail","Shuriken","Ornamental Fan"],"potions_floor_usage":[18,23,25,33,42,47],"damage_taken":[{"damage":11.0,"enemies":"Cultist","floor":1.0,"turns":4.0},{"damage":0.0,"enemies":"Small Slimes","floor":2.0,"turns":2.0},{"damage":2.0,"enemies":"Jaw Worm","floor":4.0,"turns":3.0},{"damage":22.0,"enemies":"Gremlin Nob","floor":7.0,"turns":4.0},{"damage":3.0,"enemies":"Blue Slaver","floor":11.0,"turns":2.0},{"damage":12.0,"enemies":"Lots of Slimes","floor":12.0,"turns":2.0},{"damage":19.0,"enemies":"The Guardian","floor":16.0,"turns":8.0},{"damage":3,"enemies":"2 Thieves","floor":18,"turns":2},{"damage":7,"enemies":"Shell Parasite","floor":20,"turns":3},{"damage":50,"enemies":"Book of Stabbing","floor":23,"turns":5},{"damage":19,"enemies":"Snake Plant","floor":25,"turns":4},{"damage":3,"enemies":"Sentry and Sphere","floor":29,"turns":3},{"damage":10,"enemies":"Snecko","floor":31,"turns":5},{"damage":31,"enemies":"Automaton","floor":33,"turns":6},{"damage":25,"enemies":"3 Shapes","floor":35,"turns":3},{"damage":18,"enemies":"3 Darklings","floor":38,"turns":3},{"damage":36,"enemies":"Sphere and 2 Shapes","floor":41,"turns":4},{"damage":63,"enemies":"Reptomancer","floor":42,"turns":6},{"damage":29,"enemies":"4 Shapes","floor":46,"turns":3},{"damage":9,"enemies":"Writhing Mass","floor":47,"turns":4},{"damage":18,"enemies":"Transient","floor":48,"turns":5},{"damage":43,"enemies":"Time Eater","floor":50,"turns":2}],"seed_played":"-8358431989518014816","potions_obtained":[{"floor":7.0,"key":"GamblersBrew"},{"floor":16.0,"key":"Block Potion"},{"floor":18,"key":"GamblersBrew"},{"floor":23,"key":"FearPotion"},{"floor":31,"key":"SkillPotion"},{"floor":41,"key":"AttackPotion"},{"floor":42,"key":"SkillPotion"},{"floor":48,"key":"SteroidPotion"}],"is_trial":false,"path_per_floor":["M","M","$","M","?","R","E","?","T","T","M","M","R","?","R","B",null,"M","$","M","?","$","E","R","M","T","R","?","M","R","M","R","B",null,"M","$","?","M","$","R","M","E","T","R","?","M","M","M","R","B"],"character_chosen":"DEFECT","items_purchased":["Bottled Tornado","Core Surge","Apotheosis"],"campfire_rested":9,"item_purchase_floors":[19,19,39],"current_hp_per_floor":[57,57,57,55,40,62,40,29,29,29,26,14,36,36,56,37,61,58,58,51,51,51,8,28,23,23,43,43,47,67,64,64,47,64,39,39,56,38,38,58,22,20,20,40,40,25,30,19,39,0],"gold":270,"neow_bonus":"BOSS_RELIC","is_prod":false,"is_daily":false,"chose_seed":false,"campfire_upgraded":1,"win_rate":0,"timestamp":1545743260,"path_taken":["M","M","$","?","?","R","E","?","T","?","M","?","R","?","R","BOSS","M","$","M","?","$","E","R","M","T","R","?","M","R","?","R","BOSS","M","$","?","M","$","R","M","E","T","R","?","M","M","M","R","BOSS"],"build_version":"2018-12-20","purchased_purges":1,"victory":false,"max_hp_per_floor":[75,75,75,75,75,75,75,75,75,75,75,75,75,69,69,69,69,69,69,69,69,69,69,69,69,69,69,69,69,69,69,69,69,69,69,69,69,69,69,69,69,69,69,69,69,69,69,69,69,69],"card_choices":[{"not_picked":["Streamline","Barrage"],"picked":"Doom and Gloom","floor":1.0},{"not_picked":["Reprogram","Steam"],"picked":"Sweeping Beam","floor":2.0},{"not_picked":["Stack","Storm","Recycle"],"picked":"SKIP","floor":4.0},{"not_picked":["Conserve Battery","Turbo"],"picked":"Loop","floor":7.0},{"not_picked":["Turbo","Ball Lightning"],"picked":"Electrodynamics","floor":11.0},{"not_picked":["Barrage","Steam","Lockon"],"picked":"SKIP","floor":12.0},{"not_picked":["Hyperbeam","Multi-Cast"],"picked":"Echo Form","floor":16.0},{"not_picked":["Compile Driver+1","Heatsinks","Rip and Tear"],"picked":"SKIP","floor":18},{"not_picked":["Darkness+1","Stack+1"],"picked":"Self Repair","floor":20},{"not_picked":["Rebound","Barrage"],"picked":"Fusion","floor":23},{"not_picked":["Tempest+1","Stack+1"],"picked":"Streamline","floor":25},{"not_picked":["Beam Cell","Conserve Battery","Chill"],"picked":"Loop+1","floor":29},{"not_picked":["Gash","Sweeping Beam","Leap","Go for the Eyes"],"picked":"SKIP","floor":31},{"not_picked":["Hyperbeam","Multi-Cast","Machine Learning+1"],"picked":"Thunder Strike","floor":33},{"not_picked":["Leap","Reprogram","Steam","Conserve Battery"],"picked":"SKIP","floor":35},{"not_picked":["Barrage+1","Compile Driver+1","Rebound","Go for the Eyes"],"picked":"SKIP","floor":38},{"not_picked":["Leap+1","Steam","Stack","Go for the Eyes"],"picked":"SKIP","floor":41},{"not_picked":["Seek","Compile Driver+1","Fusion"],"picked":"Sunder+1","floor":42},{"not_picked":["Ball Lightning","Go for the Eyes+1","Skim"],"picked":"Tempest","floor":46},{"not_picked":["Go for the Eyes+1","Sweeping Beam","Tempest","Steam"],"picked":"SKIP","floor":47},{"not_picked":["Chaos+1","Coolheaded","Reprogram+1"],"picked":"Hologram+1","floor":48}],"player_experience":1084815,"relics_obtained":[{"floor":7.0,"key":"Blue Candle"},{"floor":9.0,"key":"Bronze Scales"},{"floor":10.0,"key":"Tiny Chest"},{"floor":23,"key":"Frozen Egg 2"},{"floor":26,"key":"Question Card"},{"floor":42,"key":"Shuriken"},{"floor":43,"key":"Ornamental Fan"}],"event_choices":[{"damage_healed":0.0,"max_hp_gain":0.0,"max_hp_loss":0.0,"gold_gain":0.0,"event_name":"Shining Light","player_choice":"Entered Light","floor":5.0,"gold_loss":0.0,"damage_taken":15.0,"cards_upgraded":["Sweeping Beam","Defend_B"]},{"damage_healed":0.0,"max_hp_gain":0.0,"max_hp_loss":0.0,"gold_gain":75.0,"event_name":"World of Goop","player_choice":"Gather Gold","floor":8.0,"gold_loss":0.0,"damage_taken":11.0},{"damage_healed":0.0,"max_hp_gain":0.0,"max_hp_loss":6.0,"gold_gain":0.0,"event_name":"Golden Idol","player_choice":"Lose Max HP","floor":14.0,"gold_loss":0.0,"damage_taken":0.0,"relics_obtained":["Golden Idol"]},{"damage_healed":0,"gold_gain":0,"player_choice":"Opened","damage_taken":0,"relics_obtained":["Omamori"],"max_hp_gain":0,"max_hp_loss":0,"event_name":"The Mausoleum","floor":21,"gold_loss":0,"cards_obtained":["Writhe"]},{"cards_removed":["Writhe"],"damage_healed":0,"gold_gain":0,"player_choice":"Offered Curse","damage_taken":0,"relics_obtained":["Spirit Poop"],"max_hp_gain":0,"max_hp_loss":0,"event_name":"Bonfire Elementals","floor":28,"gold_loss":0},{"damage_healed":17,"gold_gain":0,"player_choice":"Writhe","damage_taken":0,"max_hp_gain":0,"max_hp_loss":0,"event_name":"Winding Halls","floor":37,"gold_loss":0,"cards_obtained":["Writhe"]},{"damage_healed":0,"gold_gain":0,"player_choice":"Ignored","damage_taken":0,"max_hp_gain":0,"max_hp_loss":0,"event_name":"Tomb of Lord Red Mask","floor":45,"gold_loss":0}],"is_beta":false,"boss_relics":[{"not_picked":["Empty Cage","Fusion Hammer"],"picked":"Astrolabe"},{"not_picked":["Busted Crown","Sozu"],"picked":"Lizard Tail"}],"items_purged_floors":[3],"is_endless":false,"potions_floor_spawned":[7,16,18,23,31,41,42,48],"killed_by":"Time Eater","ascension_level":10}