{"gold_per_floor":[16,31,106,106,123,154,168,184,266,297,297,325,339,365,365,365],"floor_reached":16,"playtime":1568,"items_purged":[],"score":191,"play_id":"b5480950-c538-4919-ba7b-52e8a21bc823","local_time":"20181105101340","is_ascension_mode":true,"campfire_choices":[{"data":"Blade Dance","floor":11,"key":"SMITH"},{"data":"Blade Dance","floor":15,"key":"SMITH"}],"neow_cost":"NO_GOLD","seed_source_timestamp":164644165543883,"circlet_count":0,"master_deck":["Defend_G","Defend_G","Defend_G","Defend_G","Defend_G","Strike_G","Strike_G","Strike_G","Strike_G","Strike_G","Survivor","Neutralize","Accuracy","Escape Plan","Deadly Poison","Adrenaline","Blade Dance+1","Blade Dance+1","Footwork"],"relics":["Ring of the Snake","FossilizedHelix","Smiling Mask","Mummified Hand","Prayer Wheel","PreservedInsect","Omamori"],"potions_floor_usage":[6,8,8,8,10,12,12],"damage_taken":[{"damage":0,"enemies":"Cultist","floor":1,"turns":4},{"damage":0,"enemies":"Small Slimes","floor":2,"turns":3},{"damage":0,"enemies":"Jaw Worm","floor":5,"turns":4},{"damage":11,"enemies":"Lagavulin","floor":6,"turns":7},{"damage":0,"enemies":"Blue Slaver","floor":7,"turns":4},{"damage":0,"enemies":"Lots of Slimes","floor":8,"turns":6},{"damage":22,"enemies":"3 Sentries","floor":10,"turns":7},{"damage":0,"enemies":"Gremlin Nob","floor":12,"turns":3},{"damage":0,"enemies":"2 Fungi Beasts","floor":13,"turns":3},{"damage":0,"enemies":"3 Sentries","floor":14,"turns":6},{"damage":27,"enemies":"The Guardian","floor":16,"turns":10}],"seed_played":"-3310609745362037843","potions_obtained":[{"floor":5,"key":"Poison Potion"},{"floor":6,"key":"EntropicBrew"},{"floor":7,"key":"SkillPotion"},{"floor":10,"key":"PowerPotion"}],"is_trial":false,"path_per_floor":["M","M","?","?","M","E","M","M","T","E","R","E","M","E","R","B"],"character_chosen":"THE_SILENT","items_purchased":[],"campfire_rested":0,"item_purchase_floors":[],"current_hp_per_floor":[70,70,59,59,59,48,48,48,48,26,26,26,26,26,26,0],"gold":365,"neow_bonus":"ONE_RARE_RELIC","is_prod":false,"is_daily":false,"chose_seed":false,"campfire_upgraded":2,"win_rate":0,"timestamp":1541434420,"path_taken":["M","?","?","?","M","E","M","M","T","E","R","E","?","E","R","BOSS"],"build_version":"2018-11-01","purchased_purges":0,"victory":false,"max_hp_per_floor":[70,70,70,70,70,70,70,70,70,70,70,70,70,70,70,70],"card_choices":[{"not_picked":["Bane","Dagger Throw"],"picked":"Accuracy","floor":1},{"not_picked":["Tactician","Underhanded Strike","Backflip"],"picked":"SKIP","floor":2},{"not_picked":["Outmaneuver","Prepared","Deflect"],"picked":"SKIP","floor":5},{"not_picked":["Backstab","Outmaneuver"],"picked":"Adrenaline","floor":6},{"not_picked":["Expertise","Backflip"],"picked":"Blade Dance","floor":7},{"not_picked":["Acrobatics","Storm of Steel"],"picked":"Blade Dance","floor":8},{"not_picked":["Acrobatics","Sucker Punch"],"picked":"Footwork","floor":10},{"not_picked":["Terror","Poisoned Stab","Deflect"],"picked":"SKIP","floor":12},{"not_picked":["Flechettes","Poisoned Stab","Sucker Punch"],"picked":"SKIP","floor":13},{"not_picked":["Dagger Spray","Bane","Blade Dance"],"picked":"SKIP","floor":13},{"not_picked":["Leg Sweep","Malaise","Deflect"],"picked":"SKIP","floor":14}],"player_experience":184451,"relics_obtained":[{"floor":6,"key":"Smiling Mask"},{"floor":9,"key":"Mummified Hand"},{"floor":10,"key":"Prayer Wheel"},{"floor":12,"key":"PreservedInsect"},{"floor":14,"key":"Omamori"}],"event_choices":[{"damage_healed":0,"gold_gain":75,"player_choice":"Gather Gold","damage_taken":11,"max_hp_gain":0,"max_hp_loss":0,"event_name":"World of Goop","floor":3,"gold_loss":0},{"damage_healed":0,"gold_gain":0,"player_choice":"2 cards matched","damage_taken":0,"max_hp_gain":0,"max_hp_loss":0,"event_name":"Match and Keep!","floor":4,"gold_loss":0,"cards_obtained":["Escape Plan","Deadly Poison"]}],"is_beta":false,"boss_relics":[],"items_purged_floors":[],"is_endless":false,"potions_floor_spawned":[5,6,7,10],"killed_by":"The Guardian","ascension_level":1}