{"gold_per_floor":[110,44,63,26,36,36,69,69,69,69,88,13,42,54,54,159,159,179,195,195,195],"floor_reached":21,"playtime":647,"items_purged":["Pain"],"score":300,"play_id":"134390c8-8834-4425-8343-1c5c432264eb","local_time":"20181218022630","is_ascension_mode":true,"campfire_choices":[{"data":"Zap","floor":6,"key":"SMITH"},{"floor":8,"key":"REST"},{"data":"Dualcast","floor":10,"key":"SMITH"},{"floor":15,"key":"REST"}],"neow_cost":"CURSE","seed_source_timestamp":214454195897656,"circlet_count":0,"master_deck":["Strike_B+1","Strike_B","Strike_B","Strike_B+1","Defend_B","Defend_B","Defend_B","Defend_B","Zap+1","Dualcast+1","Electrodynamics","Ball Lightning","Defragment+1","Chill","Sunder","Capacitor+1","Echo Form+1","Cold Snap+1","Coolheaded"],"relics":["Cracked Core","Frozen Egg 2","Mango","Vajra","Whetstone","Fusion Hammer"],"potions_floor_usage":[13,18,21],"damage_taken":[{"damage":12,"enemies":"Small Slimes","floor":1,"turns":2},{"damage":3,"enemies":"Cultist","floor":3,"turns":3},{"damage":2,"enemies":"2 Louse","floor":5,"turns":1},{"damage":40,"enemies":"Lagavulin","floor":7,"turns":5},{"damage":12,"enemies":"Looter","floor":11,"turns":2},{"damage":18,"enemies":"Gremlin Nob","floor":13,"turns":3},{"damage":3,"enemies":"Blue Slaver","floor":14,"turns":2},{"damage":0,"enemies":"Slime Boss","floor":16,"turns":6},{"damage":17,"enemies":"2 Thieves","floor":18,"turns":2},{"damage":0,"enemies":"Spheric Guardian","floor":19,"turns":3},{"damage":23,"enemies":"Colosseum Slavers","floor":21,"turns":4},{"damage":50,"enemies":"Colosseum Nobs","floor":21,"turns":4}],"seed_played":"6579002503427303281","potions_obtained":[{"floor":3,"key":"SkillPotion"},{"floor":14,"key":"Regen Potion"},{"floor":16,"key":"GamblersBrew"}],"is_trial":false,"path_per_floor":["M","?","M","$","M","R","E","R","T","R","M","$","E","M","R","B",null,"M","M","?","?"],"character_chosen":"DEFECT","items_purchased":["Defragment+1"],"campfire_rested":2,"item_purchase_floors":[4],"current_hp_per_floor":[63,63,60,60,58,58,32,58,58,58,46,46,28,25,51,51,89,72,72,55,0],"gold":195,"neow_bonus":"THREE_RARE_CARDS","is_prod":false,"is_daily":false,"chose_seed":false,"campfire_upgraded":2,"win_rate":0,"timestamp":1545121590,"path_taken":["M","?","M","$","M","R","E","R","T","R","M","$","E","?","R","BOSS","M","M","?","?"],"build_version":"2018-12-13","purchased_purges":1,"victory":false,"max_hp_per_floor":[75,75,75,75,75,75,89,89,89,89,89,89,89,89,89,89,89,89,89,94,94],"card_choices":[{"not_picked":["Seek","Rainbow"],"picked":"Electrodynamics","floor":0},{"not_picked":["Steam Power","Aggregate","Redo"],"picked":"SKIP","floor":1},{"not_picked":["Go for the Eyes","Coolheaded"],"picked":"Ball Lightning","floor":3},{"not_picked":["Reinforced Body","Sweeping Beam","Stack"],"picked":"SKIP","floor":5},{"not_picked":["Hologram","Barrage"],"picked":"Chill","floor":7},{"not_picked":["Turbo","Recycle","Aggregate"],"picked":"SKIP","floor":11},{"not_picked":["Beam Cell","Steam Power"],"picked":"Sunder","floor":13},{"not_picked":["Steam","Undo"],"picked":"Capacitor+1","floor":14},{"not_picked":["All For One","Buffer+1"],"picked":"Echo Form+1","floor":16},{"not_picked":["Genetic Algorithm+1","Sunder"],"picked":"Cold Snap+1","floor":18},{"not_picked":["Static Discharge+1","Go for the Eyes"],"picked":"Coolheaded","floor":19}],"player_experience":64130,"relics_obtained":[{"floor":7,"key":"Mango"},{"floor":9,"key":"Vajra"},{"floor":13,"key":"Whetstone"}],"event_choices":[{"damage_healed":0,"gold_gain":0,"player_choice":"Paid Gold","damage_taken":0,"relics_obtained":["Frozen Egg 2"],"max_hp_gain":0,"max_hp_loss":0,"event_name":"WeMeetAgain","floor":2,"gold_loss":66},{"damage_healed":0,"gold_gain":0,"player_choice":"Shed Blood","damage_taken":22,"max_hp_gain":5,"max_hp_loss":0,"event_name":"Forgotten Altar","floor":20,"gold_loss":0},{"damage_healed":0,"gold_gain":0,"player_choice":"Fight","damage_taken":0,"max_hp_gain":0,"max_hp_loss":0,"event_name":"Colosseum","floor":21,"gold_loss":0},{"damage_healed":0,"gold_gain":0,"player_choice":"Fought Nobs","damage_taken":0,"max_hp_gain":0,"max_hp_loss":0,"event_name":"Colosseum","floor":21,"gold_loss":0}],"is_beta":false,"boss_relics":[{"not_picked":["Runic Pyramid","Ectoplasm"],"picked":"Fusion Hammer"}],"items_purged_floors":[12],"is_endless":false,"potions_floor_spawned":[3,14,16,21],"killed_by":"Colosseum Nobs","ascension_level":3}