{"gold_per_floor":[112,126,126,144,154,154,167,167,242,267,267,342,342,342,342,439,439,456,470,569,587,502,502,171,171,198,229,229,263,5,23,23,122,122,141,0,0,16,16,16,16,44,70,85,85,485,485,502,502,502,502,502,37,64,64],"floor_reached":56,"playtime":5443,"items_purged":["Combust+1"],"score":1305,"play_id":"4f1c67ae-92e9-4048-b043-c0e2de6c6cac","local_time":"20190115194340","is_ascension_mode":true,"campfire_choices":[{"floor":6.0,"key":"DIG"},{"floor":8.0,"key":"DIG"},{"floor":11.0,"key":"DIG"},{"floor":13.0,"key":"DIG"},{"floor":15.0,"key":"REST"},{"floor":23.0,"key":"REST"},{"floor":28.0,"key":"DIG"},{"floor":32.0,"key":"DIG"},{"floor":40,"key":"DIG"},{"floor":45,"key":"DIG"},{"floor":47,"key":"DIG"},{"floor":49,"key":"RECALL"},{"floor":52,"key":"DIG"}],"neow_cost":"NONE","seed_source_timestamp":0,"circlet_count":0,"master_deck":["Defend_R","Defend_R","Defend_R","Defend_R","Bash","Thunderclap","Inflame","Battle Trance","True Grit","Battle Trance+1","Shrug It Off","Bite+1","Bite","Bite+1","Bite","Shrug It Off+1","Corruption","Demon Form","Armaments","Warcry","Chrysalis","Panache","Shrug It Off+1","Shrug It Off+1","Seeing Red","Infernal Blade+1"],"special_seed":0,"relics":["Burning Blood","Juzu Bracelet","Shovel","Dream Catcher","Letter Opener","Gremlin Horn","Mercury Hourglass","Dead Branch","Bag of Preparation","Runic Cube","Question Card","Champion Belt","Bag of Marbles","Centennial Puzzle","Bronze Scales","Vajra","Sundial","Shuriken","Snecko Eye","Red Mask","Smiling Mask","Regal Pillow","Whetstone","Old Coin","Potion Belt","Mummified Hand","Paper Frog","Happy Flower","Blood Vial"],"potions_floor_usage":[44,50,50,55,55],"damage_taken":[{"damage":5.0,"enemies":"Small Slimes","floor":1.0,"turns":5.0},{"damage":0.0,"enemies":"2 Louse","floor":2.0,"turns":3.0},{"damage":4.0,"enemies":"Cultist","floor":4.0,"turns":4.0},{"damage":13.0,"enemies":"Large Slime","floor":5.0,"turns":6.0},{"damage":7.0,"enemies":"3 Louse","floor":7.0,"turns":3.0},{"damage":25.0,"enemies":"Gremlin Nob","floor":10.0,"turns":5.0},{"damage":15.0,"enemies":"Slime Boss","floor":16.0,"turns":9.0},{"damage":50.0,"enemies":"Spheric Guardian","floor":18.0,"turns":8.0},{"damage":1.0,"enemies":"3 Byrds","floor":19.0,"turns":3.0},{"damage":23.0,"enemies":"3 Cultists","floor":21.0,"turns":4.0},{"damage":17.0,"enemies":"Slavers","floor":27.0,"turns":5.0},{"damage":37.0,"enemies":"Book of Stabbing","floor":29.0,"turns":5.0},{"damage":3.0,"enemies":"Shelled Parasite and Fungi","floor":31.0,"turns":4.0},{"damage":62,"enemies":"Automaton","floor":33,"turns":10},{"damage":5,"enemies":"Orb Walker","floor":35,"turns":3},{"damage":2,"enemies":"3 Shapes","floor":38,"turns":3},{"damage":32,"enemies":"Nemesis","floor":42,"turns":5},{"damage":3,"enemies":"Maw","floor":44,"turns":5},{"damage":19,"enemies":"Mind Bloom Boss Battle","floor":46,"turns":4},{"damage":6,"enemies":"Writhing Mass","floor":48,"turns":4},{"damage":30,"enemies":"Time Eater","floor":50,"turns":9},{"damage":23,"enemies":"Shield and Spear","floor":54,"turns":5},{"damage":18,"enemies":"The Heart","floor":55,"turns":4}],"seed_played":"-1615291502845086722","potions_obtained":[{"floor":5.0,"key":"Weak Potion"},{"floor":7.0,"key":"FearPotion"},{"floor":10.0,"key":"EssenceOfSteel"},{"floor":16.0,"key":"Dexterity Potion"},{"floor":18.0,"key":"Fire Potion"},{"floor":21.0,"key":"Explosive Potion"},{"floor":29.0,"key":"AttackPotion"},{"floor":33,"key":"Poison Potion"},{"floor":42,"key":"BloodPotion"},{"floor":44,"key":"Energy Potion"},{"floor":46,"key":"Swift Potion"},{"floor":48,"key":"SpeedPotion"}],"is_trial":false,"path_per_floor":["M","M","?","M","M","R","M","R","T","E","R","?","R","?","R","B",null,"M","M","?","M","?","R","$","?","T","E","R","E","$","M","R","B",null,"M","?","$","M","?","R","?","E","T","M","R","?","R","M","R","B",null,"R","$","E","B",null],"character_chosen":"IRONCLAD","items_purchased":["Champion Belt","Shrug It Off","Sundial","Paper Frog","Happy Flower"],"campfire_rested":2,"item_purchase_floors":[24,24,30,53,53],"current_hp_per_floor":[80,80,77,79,72,72,71,71,71,52,52,41,41,41,65,56,80,36,41,41,24,24,48,48,48,48,53,53,30,30,39,39,15,56,56,56,56,56,56,56,46,30,30,46,46,43,43,53,53,38,56,56,56,47,50],"gold":64,"neow_bonus":"RANDOM_COMMON_RELIC","is_prod":false,"is_daily":false,"chose_seed":false,"campfire_upgraded":0,"win_rate":0,"timestamp":1547603020,"path_taken":["M","M","?","M","M","R","M","R","T","E","R","?","R","?","R","BOSS","M","M","?","M","?","R","$","?","T","E","R","E","?","M","R","BOSS","M","?","$","M","?","R","?","E","T","M","R","?","R","M","R","BOSS","R","$","E","BOSS"],"build_version":"2019-01-10","purchased_purges":1,"victory":true,"max_hp_per_floor":[80,80,80,80,80,80,80,80,80,80,80,80,80,80,80,80,80,80,80,80,80,80,80,80,56,56,56,56,56,56,56,56,56,56,56,56,56,56,56,56,56,56,56,56,56,56,56,56,56,56,56,56,56,56,56],"card_choices":[{"not_picked":["Cleave","Body Slam","Thunderclap"],"picked":"SKIP","floor":1.0},{"not_picked":["Headbutt","Reckless Charge"],"picked":"Thunderclap","floor":2.0},{"not_picked":["Wild Strike","Flex","Sever Soul"],"picked":"SKIP","floor":4.0},{"not_picked":["Havoc","Sever Soul","Flame Barrier"],"picked":"SKIP","floor":5.0},{"not_picked":["Searing Blow","Combust","Pommel Strike"],"picked":"SKIP","floor":7.0},{"not_picked":["Berserk","Body Slam","Headbutt"],"picked":"SKIP","floor":10.0},{"not_picked":["Clothesline","Wild Strike"],"picked":"Battle Trance","floor":15.0},{"not_picked":["Heavy Blade","Flex+1","Thunderclap"],"picked":"SKIP","floor":18.0},{"not_picked":["Havoc","Sword Boomerang"],"picked":"True Grit","floor":19.0},{"not_picked":["Wild Strike","Reckless Charge","Cleave"],"picked":"SKIP","floor":21.0},{"not_picked":["Double Tap","Blood for Blood+1","Body Slam"],"picked":"Battle Trance+1","floor":23.0},{"not_picked":["Havoc","Shrug It Off","Rupture"],"picked":"Combust+1","floor":27.0},{"not_picked":["Twin Strike","Shockwave","Pommel Strike"],"picked":"Shrug It Off+1","floor":29.0},{"not_picked":["Sever Soul+1","Clothesline+1","Immolate"],"picked":"Corruption","floor":31.0},{"not_picked":["Barricade","Bludgeon","Brutality"],"picked":"Demon Form","floor":33},{"not_picked":["Pommel Strike","Perfected Strike+1","Clash"],"picked":"Armaments","floor":35},{"not_picked":["Rampage+1","Anger+1","Cleave+1"],"picked":"Warcry","floor":38},{"not_picked":["Violence","Panacea","HandOfGreed"],"picked":"Chrysalis","floor":41},{"not_picked":["Forethought","Panacea","Madness"],"picked":"Panache","floor":41},{"not_picked":["Perfected Strike+1","Burning Pact+1","Havoc"],"picked":"Shrug It Off+1","floor":42},{"not_picked":["Cleave","Warcry+1","Ghostly Armor"],"picked":"Shrug It Off+1","floor":44},{"not_picked":["Sever Soul+1","Rage","Thunderclap+1"],"picked":"Seeing Red","floor":48},{"not_picked":["Havoc+1","Bloodletting","Flex+1"],"picked":"Infernal Blade+1","floor":54}],"player_experience":229591,"relics_obtained":[{"floor":6.0,"key":"Dream Catcher"},{"floor":8.0,"key":"Letter Opener"},{"floor":9.0,"key":"Gremlin Horn"},{"floor":10.0,"key":"Mercury Hourglass"},{"floor":11.0,"key":"Dead Branch"},{"floor":13.0,"key":"Bag of Preparation"},{"floor":26.0,"key":"Bag of Marbles"},{"floor":27.0,"key":"Centennial Puzzle"},{"floor":28.0,"key":"Bronze Scales"},{"floor":29.0,"key":"Vajra"},{"floor":32.0,"key":"Shuriken"},{"floor":40,"key":"Smiling Mask"},{"floor":42,"key":"Regal Pillow"},{"floor":45,"key":"Whetstone"},{"floor":46,"key":"Old Coin"},{"floor":47,"key":"Potion Belt"},{"floor":52,"key":"Mummified Hand"},{"floor":54,"key":"Blood Vial"}],"event_choices":[{"damage_healed":0.0,"max_hp_gain":0.0,"max_hp_loss":0.0,"gold_gain":0.0,"event_name":"Scrap Ooze","player_choice":"Success","floor":3.0,"gold_loss":0.0,"damage_taken":3.0,"relics_obtained":["Shovel"]},{"damage_healed":0.0,"max_hp_gain":0.0,"max_hp_loss":0.0,"gold_gain":75.0,"event_name":"World of Goop","player_choice":"Gather Gold","floor":12.0,"gold_loss":0.0,"damage_taken":11.0},{"damage_healed":0.0,"max_hp_gain":0.0,"max_hp_loss":0.0,"gold_gain":0.0,"cards_transformed":["Strike_R"],"event_name":"Transmorgrifier","player_choice":"Transformed","floor":14.0,"gold_loss":0.0,"damage_taken":0.0,"cards_obtained":["Inflame"]},{"damage_healed":0.0,"max_hp_gain":0.0,"max_hp_loss":0.0,"gold_gain":99.0,"event_name":"Nest","player_choice":"Stole From Cult","floor":20.0,"gold_loss":0.0,"damage_taken":0.0},{"damage_healed":0.0,"max_hp_gain":0.0,"max_hp_loss":0.0,"gold_gain":0.0,"event_name":"Addict","player_choice":"Obtained Relic","floor":22.0,"gold_loss":85.0,"damage_taken":0.0,"relics_obtained":["Question Card"]},{"damage_healed":0.0,"max_hp_gain":0.0,"max_hp_loss":24.0,"gold_gain":0.0,"event_name":"Vampires","player_choice":"Became a vampire","floor":25.0,"gold_loss":0.0,"damage_taken":0.0,"cards_obtained":["Bite","Bite","Bite","Bite","Bite"]},{"damage_healed":0,"gold_gain":0,"player_choice":"Paid","damage_taken":0,"relics_obtained":["Red Mask"],"max_hp_gain":0,"max_hp_loss":0,"event_name":"Tomb of Lord Red Mask","floor":36,"gold_loss":141},{"cards_removed":["Bite"],"damage_healed":0,"gold_gain":0,"player_choice":"Removed Attack","damage_taken":0,"max_hp_gain":0,"max_hp_loss":0,"event_name":"Falling","floor":39,"gold_loss":0},{"damage_healed":0,"gold_gain":0,"player_choice":"Memory 3","damage_taken":10,"max_hp_gain":0,"max_hp_loss":0,"event_name":"SensoryStone","floor":41,"gold_loss":0},{"damage_healed":0,"gold_gain":0,"player_choice":"Fight","damage_taken":0,"max_hp_gain":0,"max_hp_loss":0,"event_name":"MindBloom","floor":46,"gold_loss":0}],"is_beta":false,"boss_relics":[{"not_picked":["Ectoplasm","Empty Cage"],"picked":"Runic Cube"},{"not_picked":["Runic Dome","Runic Pyramid"],"picked":"Snecko Eye"}],"items_purged_floors":[53],"is_endless":false,"potions_floor_spawned":[5,7,10,16,18,21,29,33,42,44,46,48],"ascension_level":1}