{"gold_per_floor":[118,43,53,63,63,95,95],"floor_reached":7,"playtime":387,"items_purged":["Strike_G"],"score":64,"play_id":"2f17a248-3a9d-4f70-acf4-8e7ddff35e0d","local_time":"20190124210948","is_ascension_mode":true,"campfire_choices":[],"neow_cost":"TEN_PERCENT_HP_LOSS","seed_source_timestamp":420562725851500,"circlet_count":0,"master_deck":["Defend_G","Defend_G","Defend_G","Defend_G","Defend_G","Strike_G","Strike_G","Strike_G","Strike_G","Survivor","Neutralize","Prepared","Escape Plan","Leg Sweep","Venomology+1","Deadly Poison"],"relics":["Ring of the Snake","Prayer Wheel","Ice Cream"],"potions_floor_usage":[4,7],"damage_taken":[{"damage":0,"enemies":"Small Slimes","floor":1,"turns":3},{"damage":0,"enemies":"Cultist","floor":3,"turns":5},{"damage":0,"enemies":"Jaw Worm","floor":4,"turns":6},{"damage":61,"enemies":"3 Sentries","floor":6,"turns":17},{"damage":7,"enemies":"3 Louse","floor":7,"turns":2}],"seed_played":"8174514666768495999","potions_obtained":[{"floor":1,"key":"FearPotion"},{"floor":3,"key":"FearPotion"},{"floor":6,"key":"SteroidPotion"}],"is_trial":false,"path_per_floor":["M","$","M","M","?","E","M"],"character_chosen":"THE_SILENT","items_purchased":[],"campfire_rested":0,"item_purchase_floors":[],"current_hp_per_floor":[63,63,63,63,63,2,0],"gold":95,"neow_bonus":"ONE_RARE_RELIC","is_prod":false,"is_daily":false,"chose_seed":false,"campfire_upgraded":0,"win_rate":0,"timestamp":1548360588,"path_taken":["M","$","M","M","?","E","M"],"build_version":"2019-01-23","purchased_purges":1,"victory":false,"max_hp_per_floor":[63,63,63,63,63,63,63],"card_choices":[{"not_picked":["Flying Knee","Underhanded Strike"],"picked":"Prepared","floor":1},{"not_picked":["Flechettes","Skewer"],"picked":"Escape Plan","floor":1},{"not_picked":["Poisoned Stab","Calculated Gamble"],"picked":"Leg Sweep","floor":3},{"not_picked":["Underhanded Strike","Dodge and Roll","Leg Sweep"],"picked":"SKIP","floor":3},{"not_picked":["Accuracy","Deflect"],"picked":"Venomology","floor":4},{"not_picked":["Quick Slash","PiercingWail"],"picked":"Deadly Poison","floor":4},{"not_picked":["Cloak And Dagger","Backflip","Reflex"],"picked":"SKIP","floor":6}],"player_experience":848373,"relics_obtained":[{"floor":6,"key":"Ice Cream"}],"event_choices":[{"damage_healed":0,"gold_gain":0,"player_choice":"Grow","damage_taken":0,"max_hp_gain":0,"max_hp_loss":0,"event_name":"Living Wall","floor":5,"gold_loss":0,"cards_upgraded":["Venomology"]}],"is_beta":false,"boss_relics":[],"items_purged_floors":[2],"is_endless":false,"potions_floor_spawned":[1,3,6],"killed_by":"3 Louse","ascension_level":5}