{"gold_per_floor":[111,121,46,46,46,81,81,115,115,140,153,153,153],"floor_reached":13,"playtime":388,"items_purged":["Strike_G"],"score":142,"play_id":"421b29f0-bc80-4b65-8bfc-4ef8cb0c8152","local_time":"20181217233448","is_ascension_mode":true,"campfire_choices":[{"data":"Envenom","floor":7,"key":"SMITH"}],"neow_cost":"NONE","seed_source_timestamp":14954935892300,"circlet_count":0,"master_deck":["Defend_G","Defend_G","Defend_G","Defend_G","Defend_G","Strike_G","Strike_G","Strike_G","Strike_G","Survivor","Neutralize","Bouncing Flask","Prepared","Injury","Envenom+1","Reflex"],"relics":["Ring of the Snake","NeowsBlessing","Golden Idol","Thread and Needle","Art of War","Paper Crane","Gambling Chip"],"potions_floor_usage":[8,8,8,11,13,13],"damage_taken":[{"damage":0,"enemies":"2 Louse","floor":1,"turns":1},{"damage":0,"enemies":"Small Slimes","floor":2,"turns":1},{"damage":0,"enemies":"Gremlin Nob","floor":6,"turns":1},{"damage":5,"enemies":"Lagavulin","floor":8,"turns":6},{"damage":0,"enemies":"Cultist","floor":10,"turns":4},{"damage":0,"enemies":"2 Fungi Beasts","floor":11,"turns":4},{"damage":41,"enemies":"3 Sentries","floor":13,"turns":7}],"seed_played":"-3469325115125334077","potions_obtained":[{"floor":1,"key":"EntropicBrew"},{"floor":6,"key":"GamblersBrew"},{"floor":10,"key":"Swift Potion"},{"floor":11,"key":"Explosive Potion"}],"is_trial":false,"path_per_floor":["M","M","$","?","?","E","R","E","T","M","M","?","E"],"character_chosen":"THE_SILENT","items_purchased":[],"campfire_rested":0,"item_purchase_floors":[],"current_hp_per_floor":[70,70,70,75,75,75,75,70,70,70,70,70,29],"gold":153,"neow_bonus":"THREE_ENEMY_KILL","is_prod":false,"is_daily":false,"chose_seed":false,"campfire_upgraded":1,"win_rate":0,"timestamp":1545086088,"path_taken":["M","M","$","?","?","E","R","E","T","M","M","?","E"],"build_version":"2018-12-13","purchased_purges":1,"victory":false,"max_hp_per_floor":[70,70,70,75,75,75,75,75,75,75,75,75,75],"card_choices":[{"not_picked":["Skewer","Outmaneuver"],"picked":"Bouncing Flask","floor":1},{"not_picked":["Dash","Quick Slash"],"picked":"Prepared","floor":2},{"not_picked":["Terror","Cloak And Dagger"],"picked":"Envenom","floor":6},{"not_picked":["Masterful Stab","Eviscerate","Setup"],"picked":"SKIP","floor":8},{"not_picked":["Prepared","All Out Attack","Flying Knee"],"picked":"SKIP","floor":10},{"not_picked":["Deflect","Poisoned Stab"],"picked":"Reflex","floor":11}],"player_experience":804389,"relics_obtained":[{"floor":6,"key":"Thread and Needle"},{"floor":8,"key":"Art of War"},{"floor":9,"key":"Paper Crane"}],"event_choices":[{"damage_healed":0,"gold_gain":0,"player_choice":"Donut","damage_taken":0,"max_hp_gain":5,"max_hp_loss":0,"event_name":"Big Fish","floor":4,"gold_loss":0},{"damage_healed":0,"gold_gain":0,"player_choice":"Take Wound","damage_taken":0,"relics_obtained":["Golden Idol"],"max_hp_gain":0,"max_hp_loss":0,"event_name":"Golden Idol","floor":5,"gold_loss":0,"cards_obtained":["Injury"]},{"damage_healed":0,"gold_gain":0,"player_choice":"Searched \u00272\u0027 times","damage_taken":0,"relics_obtained":["Gambling Chip"],"max_hp_gain":0,"max_hp_loss":0,"event_name":"Dead Adventurer","floor":12,"gold_loss":0}],"is_beta":false,"boss_relics":[],"items_purged_floors":[3],"is_endless":false,"potions_floor_spawned":[1,6,10,11],"killed_by":"3 Sentries","ascension_level":4}