{"gold_per_floor":[116,116,116,116,136,136,151,151,151,163,12,23,51,25,25,129,129,104,104,104,104,24,49,49,63,86,86,99,111,111,131,131,131],"floor_reached":33,"playtime":4049,"items_purged":[],"score":265,"play_id":"826f3c2a-8ab1-4294-a7c4-ad84d22eb5b7","local_time":"20190210195744","is_ascension_mode":false,"campfire_choices":[{"data":"Slice","floor":6,"key":"SMITH"},{"data":"Bouncing Flask","floor":8,"key":"SMITH"},{"floor":15,"key":"REST"},{"floor":24,"key":"REST"},{"floor":27,"key":"REST"},{"floor":32,"key":"REST"}],"neow_cost":"NONE","seed_source_timestamp":15813135277500,"circlet_count":0,"master_deck":["Defend_G+1","Defend_G","Defend_G","Defend_G","Defend_G","Strike_G","Strike_G","Survivor","Neutralize","Slice+1","Bouncing Flask+1","Poisoned Stab","Deadly Poison","Infinite Blades","Bouncing Flask+1","Noxious Fumes","PiercingWail","Malaise","Writhe","Accuracy","Backflip","Escape Plan","Poisoned Stab+1"],"relics":["Ring of the Snake","Bottled Flame","Gremlin Horn","White Beast Statue","Singing Bowl","Thread and Needle","War Paint","MutagenicStrength"],"potions_floor_usage":[13,23,28,28,29,31,33],"damage_taken":[{"damage":0,"enemies":"Jaw Worm","floor":1,"turns":5},{"damage":0,"enemies":"2 Louse","floor":5,"turns":3},{"damage":0,"enemies":"Small Slimes","floor":7,"turns":3},{"damage":0,"enemies":"Looter","floor":10,"turns":5},{"damage":0,"enemies":"Large Slime","floor":12,"turns":4},{"damage":23,"enemies":"Lagavulin","floor":13,"turns":5},{"damage":12,"enemies":"The Guardian","floor":16,"turns":7},{"damage":36,"enemies":"2 Thieves","floor":18,"turns":5},{"damage":23,"enemies":"Gremlin Leader","floor":23,"turns":7},{"damage":20,"enemies":"Shell Parasite","floor":25,"turns":7},{"damage":14,"enemies":"Cultist and Chosen","floor":28,"turns":8},{"damage":16,"enemies":"Snecko","floor":29,"turns":5},{"damage":12,"enemies":"Shelled Parasite and Fungi","floor":31,"turns":6},{"damage":36,"enemies":"Champ","floor":33,"turns":10}],"seed_played":"-3330637581332832518","potions_obtained":[{"floor":7,"key":"Ancient Potion"},{"floor":12,"key":"SkillPotion"},{"floor":18,"key":"EssenceOfSteel"},{"floor":23,"key":"GhostInAJar"},{"floor":25,"key":"GhostInAJar"},{"floor":28,"key":"EssenceOfSteel"},{"floor":29,"key":"EssenceOfSteel"},{"floor":31,"key":"Energy Potion"}],"is_trial":false,"path_per_floor":["M","?","?","?","M","R","M","R","T","M","$","M","E","$","R","B",null,"M","?","?","?","$","E","R","M","T","R","M","M","?","M","R","B"],"character_chosen":"THE_SILENT","items_purchased":["Poisoned Stab","Deadly Poison","Infinite Blades","PiercingWail","Accuracy"],"campfire_rested":4,"item_purchase_floors":[11,11,11,14,22],"current_hp_per_floor":[70,75,68,68,68,68,68,68,68,68,68,68,45,45,67,55,75,39,39,39,39,39,18,41,21,21,44,30,16,16,4,27,0],"gold":131,"neow_bonus":"REMOVE_CARD","is_prod":false,"is_daily":false,"chose_seed":false,"campfire_upgraded":2,"win_rate":0.0,"timestamp":1549857464,"path_taken":["M","?","?","?","M","R","M","R","T","M","?","M","E","$","R","BOSS","M","?","?","?","$","E","R","M","T","R","M","M","?","M","R","BOSS"],"build_version":"2019-01-23","purchased_purges":0,"victory":false,"max_hp_per_floor":[70,75,75,75,75,75,75,75,75,75,75,75,75,75,75,75,75,75,75,75,75,75,77,77,77,77,77,77,79,79,79,79,79],"card_choices":[{"not_picked":["Bane","Prepared"],"picked":"Slice","floor":1},{"not_picked":["Eviscerate","Concentrate","Dagger Throw"],"picked":"SKIP","floor":5},{"not_picked":["Backstab","PiercingWail"],"picked":"Bouncing Flask","floor":7},{"not_picked":["Prepared","Predator","Concentrate"],"picked":"SKIP","floor":10},{"not_picked":["Acrobatics","Footwork"],"picked":"Bouncing Flask","floor":12},{"not_picked":["Outmaneuver","Flechettes"],"picked":"Noxious Fumes","floor":13},{"not_picked":["A Thousand Cuts","Storm of Steel"],"picked":"Malaise","floor":16},{"not_picked":["Endless Agony","Bane+1","Masterful Stab"],"picked":"SKIP","floor":18},{"not_picked":["Outmaneuver+1","Dagger Throw","Backflip"],"picked":"Singing Bowl","floor":23},{"not_picked":["Underhanded Strike","Quick Slash"],"picked":"Backflip","floor":25},{"not_picked":["Burst","Blade Dance+1"],"picked":"Escape Plan","floor":28},{"not_picked":["Escape Plan","Underhanded Strike","Outmaneuver"],"picked":"Singing Bowl","floor":29},{"not_picked":["Expertise","Setup+1"],"picked":"Poisoned Stab+1","floor":31}],"player_experience":103855,"relics_obtained":[{"floor":9,"key":"Bottled Flame"},{"floor":13,"key":"Gremlin Horn"},{"floor":23,"key":"Thread and Needle"},{"floor":26,"key":"War Paint"}],"event_choices":[{"damage_healed":0,"gold_gain":0,"player_choice":"Donut","damage_taken":0,"max_hp_gain":5,"max_hp_loss":0,"event_name":"Big Fish","floor":2,"gold_loss":0},{"cards_removed":["Strike_G"],"damage_healed":0,"gold_gain":0,"player_choice":"Card Removal","damage_taken":7,"max_hp_gain":0,"max_hp_loss":0,"event_name":"Golden Wing","floor":3,"gold_loss":0},{"damage_healed":0,"gold_gain":0,"player_choice":"Ignored","damage_taken":0,"max_hp_gain":0,"max_hp_loss":0,"event_name":"Liars Game","floor":4,"gold_loss":0},{"cards_removed":["Strike_G"],"damage_healed":0,"gold_gain":0,"player_choice":"Elegance","damage_taken":0,"max_hp_gain":0,"max_hp_loss":0,"event_name":"Back to Basics","floor":19,"gold_loss":0},{"damage_healed":0,"gold_gain":0,"player_choice":"Opened","damage_taken":0,"relics_obtained":["Singing Bowl"],"max_hp_gain":0,"max_hp_loss":0,"event_name":"The Mausoleum","floor":20,"gold_loss":0,"cards_obtained":["Writhe"]},{"damage_healed":0,"gold_gain":0,"player_choice":"Ignored","damage_taken":0,"max_hp_gain":0,"max_hp_loss":0,"event_name":"Vampires","floor":21,"gold_loss":0},{"damage_healed":0,"gold_gain":0,"player_choice":"Inject Mutagens","damage_taken":0,"relics_obtained":["MutagenicStrength"],"max_hp_gain":0,"max_hp_loss":0,"event_name":"Drug Dealer","floor":30,"gold_loss":0}],"is_beta":false,"boss_relics":[{"not_picked":["Cursed Key","Philosopher\u0027s Stone"],"picked":"White Beast Statue"}],"items_purged_floors":[],"is_endless":false,"potions_floor_spawned":[7,12,18,23,25,28,29,31],"killed_by":"Champ","ascension_level":0}