{"gold_per_floor":[14,31,106,124,141,202,234,234,312,312,324,355,355,374,374,474,474,485,129,129,148,163,193,211,211,211,211,17,17,50,61,61,164,164,184,184,1183,1196,783,817,829,829,829,843,335,335,26,42,42,42],"floor_reached":51,"playtime":1774,"items_purged":["Normality","Normality","Strike_R"],"score":912,"play_id":"d8eff986-ade6-433d-8155-ddd20c9aa043","local_time":"20190128204538","is_ascension_mode":true,"campfire_choices":[{"data":"Uppercut","floor":8,"key":"SMITH"},{"data":"Discovery","floor":13,"key":"SMITH"},{"data":"Anger","floor":15,"key":"SMITH"},{"data":"Apotheosis","floor":25,"key":"SMITH"},{"data":"Offering","floor":27,"key":"SMITH"},{"floor":32,"key":"DIG"},{"floor":42,"key":"DIG"},{"floor":46,"key":"REST"},{"floor":49,"key":"DIG"}],"neow_cost":"NO_GOLD","seed_source_timestamp":740324173247657,"circlet_count":0,"master_deck":["Strike_R","Strike_R","Strike_R","Strike_R","Defend_R","Defend_R","Defend_R","Defend_R","Bash","Uppercut+1","Rage","Shrug It Off","Anger+1","Offering+1","Discovery+1","Anger+1","Cleave","Inflame","Reaper","Fire Breathing","Infernal Blade+1","Fiend Fire+1","Apotheosis+1","Metallicize","Rage","Flame Barrier","Flex+1","Pummel","Corruption","Dual Wield+1","Impervious","Spot Weakness+1","Demon Form","Pommel Strike+1","Intimidate+1","Fire Breathing+1","Feel No Pain+1","Panacea+1","Panache+1","Metallicize+1"],"relics":["Burning Blood","Ginger","Prayer Wheel","Sundial","Orichalcum","Sozu","Membership Card","Pocketwatch","Whetstone","Shovel","Shuriken","Boot","Self Forming Clay","Philosopher\u0027s Stone","Toxic Egg 2","Ancient Tea Set","Frozen Eye","Thread and Needle","Happy Flower","Pantograph","Dead Branch","Frozen Egg 2","Toy Ornithopter","Singing Bowl","Mango"],"potions_floor_usage":[7,44,50],"damage_taken":[{"damage":6,"enemies":"Cultist","floor":1,"turns":3},{"damage":2,"enemies":"2 Louse","floor":2,"turns":3},{"damage":0,"enemies":"Small Slimes","floor":4,"turns":3},{"damage":2,"enemies":"3 Louse","floor":5,"turns":4},{"damage":28,"enemies":"3 Sentries","floor":7,"turns":8},{"damage":6,"enemies":"Exordium Thugs","floor":11,"turns":3},{"damage":18,"enemies":"Gremlin Nob","floor":12,"turns":4},{"damage":6,"enemies":"Exordium Wildlife","floor":14,"turns":2},{"damage":26,"enemies":"Slime Boss","floor":16,"turns":8},{"damage":0,"enemies":"Chosen","floor":18,"turns":4},{"damage":6,"enemies":"3 Byrds","floor":21,"turns":4},{"damage":22,"enemies":"Snake Plant","floor":22,"turns":4},{"damage":45,"enemies":"Slavers","floor":23,"turns":4},{"damage":15,"enemies":"Shelled Parasite and Fungi","floor":24,"turns":4},{"damage":31,"enemies":"Gremlin Leader","floor":30,"turns":5},{"damage":6,"enemies":"3 Cultists","floor":31,"turns":4},{"damage":15,"enemies":"Champ","floor":33,"turns":10},{"damage":6,"enemies":"Orb Walker","floor":35,"turns":3},{"damage":4,"enemies":"3 Shapes","floor":38,"turns":3},{"damage":45,"enemies":"Nemesis","floor":40,"turns":5},{"damage":23,"enemies":"Spire Growth","floor":41,"turns":6},{"damage":32,"enemies":"Writhing Mass","floor":44,"turns":5},{"damage":6,"enemies":"3 Darklings","floor":48,"turns":2},{"damage":38,"enemies":"Awakened One","floor":50,"turns":8}],"seed_played":"1573552771623558963","potions_obtained":[{"floor":2,"key":"Fire Potion"},{"floor":5,"key":"LiquidBronze"},{"floor":12,"key":"BloodPotion"}],"is_trial":false,"path_per_floor":["M","M","?","M","M","?","E","R","T","?","M","E","R","M","R","B",null,"M","$","?","M","M","E","M","R","T","R","$","T","E","M","R","B",null,"M","?","?","M","$","E","M","R","T","M","$","R","$","M","R","B",null],"character_chosen":"IRONCLAD","items_purchased":["Membership Card","Fiend Fire","Apotheosis","Metallicize","Shovel","Corruption","Toxic Egg 2","Ancient Tea Set","Frozen Eye","Demon Form","Dead Branch","Frozen Egg 2","Toy Ornithopter","Feel No Pain+1","Panacea+1","Panache+1","Singing Bowl","Metallicize+1"],"campfire_rested":1,"item_purchase_floors":[19,19,19,19,28,28,39,39,39,39,45,45,45,45,45,47,47,47],"current_hp_per_floor":[80,80,69,75,79,79,57,57,57,57,57,45,45,45,45,25,80,80,80,80,80,67,44,55,55,55,55,55,55,55,72,72,76,80,80,80,80,80,80,41,30,30,30,12,12,36,36,40,54,52],"gold":42,"neow_bonus":"ONE_RARE_RELIC","is_prod":false,"is_daily":false,"chose_seed":false,"campfire_upgraded":5,"win_rate":0,"timestamp":1548726338,"path_taken":["M","?","?","M","M","?","E","R","T","?","M","E","R","M","R","BOSS","M","$","?","M","M","E","M","R","T","R","?","?","E","M","R","BOSS","M","?","?","M","$","E","M","R","T","M","$","R","?","?","R","BOSS"],"build_version":"2019-01-23","purchased_purges":3,"victory":true,"max_hp_per_floor":[80,80,80,80,80,80,80,80,80,80,80,80,80,80,80,80,80,80,80,80,80,80,80,80,80,80,80,80,80,80,80,80,80,80,80,80,80,80,80,80,80,80,80,80,80,80,80,84,98,98],"card_choices":[{"not_picked":["Headbutt","Shockwave"],"picked":"Uppercut","floor":1},{"not_picked":["Wild Strike","Reckless Charge"],"picked":"Rage","floor":2},{"not_picked":["Havoc","Evolve"],"picked":"Shrug It Off","floor":4},{"not_picked":["Shrug It Off","True Grit"],"picked":"Anger","floor":5},{"not_picked":["Exhume","Armaments"],"picked":"Offering","floor":7},{"not_picked":["Shrug It Off","Carnage"],"picked":"Anger","floor":11},{"not_picked":["Disarm","Iron Wave","Pommel Strike"],"picked":"SKIP","floor":11},{"not_picked":["Havoc","Searing Blow"],"picked":"Cleave","floor":12},{"not_picked":["Uppercut","Dropkick"],"picked":"Inflame","floor":14},{"not_picked":["Iron Wave","Wild Strike","Havoc"],"picked":"SKIP","floor":14},{"not_picked":["Barricade","Juggernaut"],"picked":"Reaper","floor":16},{"not_picked":["Shockwave","Pummel"],"picked":"Fire Breathing","floor":18},{"not_picked":["Thunderclap","Armaments+1"],"picked":"Infernal Blade+1","floor":18},{"not_picked":["Body Slam+1","Warcry"],"picked":"Rage","floor":21},{"not_picked":["Havoc","Body Slam","Thunderclap"],"picked":"SKIP","floor":21},{"not_picked":["Wild Strike","Flex"],"picked":"Flame Barrier","floor":22},{"not_picked":["Iron Wave+1","Brutality"],"picked":"Flex+1","floor":22},{"not_picked":["Dual Wield","Power Through+1"],"picked":"Pummel","floor":23},{"not_picked":["Uppercut","Hemokinesis","Pommel Strike"],"picked":"SKIP","floor":24},{"not_picked":["Twin Strike","Evolve","Blood for Blood"],"picked":"SKIP","floor":24},{"not_picked":["Cleave","Wild Strike","Heavy Blade"],"picked":"SKIP","floor":30},{"not_picked":["Pommel Strike","Twin Strike+1"],"picked":"Dual Wield+1","floor":31},{"not_picked":["Bloodletting+1","Iron Wave","Searing Blow"],"picked":"SKIP","floor":31},{"not_picked":["Berserk","Barricade"],"picked":"Impervious","floor":33},{"not_picked":["Shrug It Off","Exhume"],"picked":"Spot Weakness+1","floor":35},{"not_picked":["Armaments","Pommel Strike+1","Corruption"],"picked":"SKIP","floor":35},{"not_picked":["Headbutt","Burning Pact","Havoc"],"picked":"SKIP","floor":38},{"not_picked":["Searing Blow+1","Headbutt+1","Clash"],"picked":"SKIP","floor":38},{"not_picked":["Anger+1","Sword Boomerang"],"picked":"Pommel Strike+1","floor":40},{"not_picked":["Twin Strike","Thunderclap"],"picked":"Intimidate+1","floor":41},{"not_picked":["Battle Trance+1","Flame Barrier+1"],"picked":"Fire Breathing+1","floor":41},{"not_picked":["Uppercut","Havoc+1","Twin Strike"],"picked":"SKIP","floor":44},{"not_picked":["Iron Wave","Evolve","Sword Boomerang"],"picked":"SKIP","floor":44},{"not_picked":["Uppercut+1","Sword Boomerang+1","Battle Trance+1"],"picked":"Singing Bowl","floor":48},{"not_picked":["Pommel Strike+1","Dropkick+1","Clothesline+1"],"picked":"Singing Bowl","floor":48}],"player_experience":637630,"relics_obtained":[{"floor":7,"key":"Prayer Wheel"},{"floor":9,"key":"Sundial"},{"floor":12,"key":"Orichalcum"},{"floor":23,"key":"Pocketwatch"},{"floor":26,"key":"Whetstone"},{"floor":29,"key":"Shuriken"},{"floor":30,"key":"Boot"},{"floor":32,"key":"Self Forming Clay"},{"floor":40,"key":"Thread and Needle"},{"floor":42,"key":"Happy Flower"},{"floor":43,"key":"Pantograph"},{"floor":49,"key":"Mango"}],"event_choices":[{"damage_healed":0,"gold_gain":75,"player_choice":"Gather Gold","damage_taken":11,"max_hp_gain":0,"max_hp_loss":0,"event_name":"World of Goop","floor":3,"gold_loss":0},{"damage_healed":0,"gold_gain":61,"player_choice":"Gained Gold","damage_taken":0,"max_hp_gain":0,"max_hp_loss":0,"event_name":"Golden Wing","floor":6,"gold_loss":0},{"damage_healed":0,"gold_gain":0,"player_choice":"1 cards matched","damage_taken":0,"max_hp_gain":0,"max_hp_loss":0,"event_name":"Match and Keep!","floor":10,"gold_loss":0,"cards_obtained":["Discovery"]},{"damage_healed":0,"gold_gain":0,"player_choice":"Bought 0 Potions","damage_taken":0,"max_hp_gain":0,"max_hp_loss":0,"event_name":"The Woman in Blue","floor":20,"gold_loss":0},{"damage_healed":0,"gold_gain":0,"player_choice":"Ignored","damage_taken":0,"max_hp_gain":0,"max_hp_loss":0,"event_name":"Tomb of Lord Red Mask","floor":36,"gold_loss":0},{"damage_healed":0,"gold_gain":999,"player_choice":"Gold","damage_taken":0,"max_hp_gain":0,"max_hp_loss":0,"event_name":"MindBloom","floor":37,"gold_loss":0,"cards_obtained":["Normality","Normality"]}],"is_beta":true,"boss_relics":[{"not_picked":["Ectoplasm","Orrery"],"picked":"Sozu"},{"not_picked":["Black Blood","Snecko Eye"],"picked":"Philosopher\u0027s Stone"}],"items_purged_floors":[39,45,47],"is_endless":false,"potions_floor_spawned":[2,5,12,18,22,23,31,40,41,48],"ascension_level":1}