{"gold_per_floor":[209,19,37,57,57,57,92,92,117,135,210,240,240],"floor_reached":13,"playtime":348,"items_purged":["Defend_B"],"score":98,"play_id":"274348c6-3ec6-4572-b16e-3cc821491d82","local_time":"20181021083248","is_ascension_mode":true,"campfire_choices":[{"data":"Fusion","floor":6,"key":"SMITH"},{"floor":8,"key":"REST"}],"neow_cost":"NONE","seed_source_timestamp":90192312361717,"circlet_count":0,"master_deck":["Strike_B","Strike_B","Strike_B","Strike_B","Defend_B","Defend_B","Defend_B","Zap","Dualcast","Fusion+1","Gash"],"special_seed":0,"relics":["Cracked Core","Tiny Chest","Art of War","Emotion Chip","Orichalcum","Juzu Bracelet"],"potions_floor_usage":[7,12],"damage_taken":[{"damage":1,"enemies":"Cultist","floor":1,"turns":3},{"damage":3,"enemies":"Small Slimes","floor":3,"turns":3},{"damage":6,"enemies":"Jaw Worm","floor":4,"turns":3},{"damage":42,"enemies":"3 Sentries","floor":7,"turns":9},{"damage":4,"enemies":"Looter","floor":10,"turns":2},{"damage":22,"enemies":"Gremlin Nob","floor":12,"turns":4},{"damage":3,"enemies":"Red Slaver","floor":13,"turns":1}],"seed_played":"-7977044880365613544","potions_obtained":[{"floor":3,"key":"GamblersBrew"},{"floor":7,"key":"Poison Potion"}],"is_trial":false,"path_per_floor":["M","$","M","M","?","R","E","R","T","M","?","E"],"character_chosen":"DEFECT","items_purchased":["Tiny Chest"],"campfire_rested":1,"item_purchase_floors":[2],"current_hp_per_floor":[74,74,71,65,58,58,16,38,38,34,23,1,0],"gold":240,"neow_bonus":"HUNDRED_GOLD","is_prod":false,"is_daily":false,"chose_seed":false,"campfire_upgraded":1,"win_rate":0,"timestamp":1540125168,"path_taken":["M","$","?","M","?","R","E","R","T","?","?","E","M"],"build_version":"2018-10-19","purchased_purges":1,"victory":false,"max_hp_per_floor":[75,75,75,75,75,75,75,75,75,75,75,75,75],"card_choices":[{"not_picked":["Gash","Darkness"],"picked":"Fusion","floor":1},{"not_picked":["Recycle","Cold Snap","Barrage"],"picked":"SKIP","floor":3},{"not_picked":["Force Field","Reprogram","Cold Snap"],"picked":"SKIP","floor":4},{"not_picked":["Sweeping Beam","Conserve Battery","Cold Snap"],"picked":"SKIP","floor":7},{"not_picked":["Go for the Eyes","Gash","Turbo"],"picked":"SKIP","floor":10},{"not_picked":["Go for the Eyes","Turbo"],"picked":"Gash","floor":10},{"not_picked":["Capacitor","Coolheaded","Gash"],"picked":"SKIP","floor":12}],"player_experience":501362,"relics_obtained":[{"floor":7,"key":"Emotion Chip"},{"floor":9,"key":"Orichalcum"},{"floor":12,"key":"Juzu Bracelet"}],"event_choices":[{"damage_healed":0,"gold_gain":0,"player_choice":"Success","damage_taken":7,"relics_obtained":["Art of War"],"max_hp_gain":0,"max_hp_loss":0,"event_name":"Scrap Ooze","floor":5,"gold_loss":0},{"damage_healed":0,"gold_gain":75,"player_choice":"Gather Gold","damage_taken":11,"max_hp_gain":0,"max_hp_loss":0,"event_name":"World of Goop","floor":11,"gold_loss":0}],"is_beta":true,"boss_relics":[],"items_purged_floors":[2],"is_endless":false,"potions_floor_spawned":[3,7],"killed_by":"Red Slaver","ascension_level":1}