{"gold_per_floor":[15,190,207,15,32,32,62,80,152,181,181,194,36,36,36,137,137,150,59,59,24,43,43,43,43,116,129,148,164,25,58,58,156,156,176,52,52,64,82,82,97,97,123,143,195,195,212,226,226,226],"floor_reached":51,"playtime":1798,"items_purged":["Doubt","Strike_B","Strike_B","Strike_B"],"score":829,"play_id":"afcf1d86-3b16-483e-9375-0a01cf25b83f","local_time":"20181029213710","is_ascension_mode":false,"campfire_choices":[{"data":"Creative AI","floor":6,"key":"SMITH"},{"floor":11,"key":"REST"},{"floor":15,"key":"REST"},{"data":"Storm","floor":23,"key":"SMITH"},{"data":"Capacitor","floor":25,"key":"SMITH"},{"data":"Glacier","floor":32,"key":"SMITH"},{"floor":40,"key":"REST"},{"data":"Dualcast","floor":42,"key":"SMITH"},{"floor":46,"key":"REST"},{"floor":49,"key":"REST"}],"neow_cost":"NO_GOLD","seed_source_timestamp":67203864740237,"circlet_count":0,"master_deck":["Strike_B","Defend_B+1","Defend_B","Defend_B+1","Defend_B","Zap","Dualcast+1","Creative AI+1","Leap","Glacier+1","Bandage Up","Electrodynamics","Storm+1","Capacitor+1","Defragment+1","Panacea","Self Repair","Loop+1","Conserve Battery+1"],"relics":["Cracked Core","Membership Card","Unceasing Top","Kunai","Oddly Smooth Stone","MawBank","Philosopher\u0027s Stone","Bottled Tornado","DataDisk","Bottled Lightning","Inserter","Strawberry","Mango"],"potions_floor_usage":[10,31,31,33,44,45,50],"damage_taken":[{"damage":1,"enemies":"Jaw Worm","floor":1,"turns":3},{"damage":0,"enemies":"Small Slimes","floor":3,"turns":3},{"damage":0,"enemies":"Cultist","floor":5,"turns":4},{"damage":21,"enemies":"Lagavulin","floor":7,"turns":8},{"damage":7,"enemies":"Large Slime","floor":8,"turns":12},{"damage":29,"enemies":"Gremlin Nob","floor":10,"turns":6},{"damage":7,"enemies":"3 Louse","floor":12,"turns":7},{"damage":28,"enemies":"Hexaghost","floor":16,"turns":14},{"damage":23,"enemies":"2 Thieves","floor":18,"turns":4},{"damage":1,"enemies":"Shell Parasite","floor":22,"turns":8},{"damage":3,"enemies":"3 Cultists","floor":27,"turns":3},{"damage":8,"enemies":"Cultist and Chosen","floor":28,"turns":5},{"damage":5,"enemies":"Centurion and Healer","floor":29,"turns":8},{"damage":14,"enemies":"Slavers","floor":31,"turns":3},{"damage":27,"enemies":"Collector","floor":33,"turns":9},{"damage":3,"enemies":"3 Shapes","floor":35,"turns":4},{"damage":31,"enemies":"3 Darklings","floor":38,"turns":3},{"damage":26,"enemies":"Jaw Worm Horde","floor":39,"turns":2},{"damage":16,"enemies":"Writhing Mass","floor":41,"turns":6},{"damage":24,"enemies":"3 Darklings","floor":44,"turns":3},{"damage":46,"enemies":"2 Orb Walkers","floor":45,"turns":4},{"damage":4,"enemies":"Sphere and 2 Shapes","floor":47,"turns":5},{"damage":8,"enemies":"Spire Growth","floor":48,"turns":6},{"damage":60,"enemies":"Donu and Deca","floor":50,"turns":6}],"seed_played":"-2159625383159701287","potions_obtained":[{"floor":1,"key":"Strength Potion"},{"floor":8,"key":"SteroidPotion"},{"floor":10,"key":"SkillPotion"},{"floor":18,"key":"SteroidPotion"},{"floor":24,"key":"FairyPotion"},{"floor":24,"key":"SkillPotion"},{"floor":31,"key":"Fire Potion"},{"floor":38,"key":"SkillPotion"},{"floor":41,"key":"Weak Potion"},{"floor":44,"key":"FairyPotion"},{"floor":48,"key":"Weak Potion"}],"is_trial":false,"path_per_floor":["M","?","M","$","M","R","E","M","T","E","R","M","$","?","R","B",null,"M","$","?","$","M","R","?","R","T","M","M","M","$","E","R","B",null,"M","$","?","M","M","R","M","R","T","M","?","R","M","M","R","B"],"character_chosen":"DEFECT","items_purchased":["Membership Card","MawBank","Bandage Up","Storm","Capacitor","DataDisk","Panacea"],"campfire_rested":5,"item_purchase_floors":[4,13,13,19,21,30,36],"current_hp_per_floor":[74,74,74,74,74,74,53,46,46,17,39,32,32,17,39,15,75,56,56,42,42,45,45,45,45,45,46,42,41,41,31,31,8,80,80,80,80,49,23,47,42,42,49,32,20,50,57,60,90,34],"gold":226,"neow_bonus":"THREE_RARE_CARDS","is_prod":false,"is_daily":false,"chose_seed":false,"campfire_upgraded":5,"win_rate":0,"timestamp":1540863430,"path_taken":["M","?","M","$","M","R","E","?","T","E","R","M","$","?","R","BOSS","M","$","?","?","M","R","?","R","T","?","M","M","$","E","R","BOSS","M","$","?","?","?","R","M","R","T","M","?","R","?","M","R","BOSS"],"build_version":"2018-10-29","purchased_purges":4,"victory":true,"max_hp_per_floor":[75,75,75,75,75,75,75,75,75,75,75,75,75,75,75,75,75,75,75,80,80,80,80,80,80,80,80,80,80,80,80,80,80,80,80,80,80,80,80,80,80,80,87,87,101,101,101,101,101,101],"card_choices":[{"not_picked":["Echo Form","Seek"],"picked":"Creative AI","floor":0},{"not_picked":["Defragment","Chill"],"picked":"Leap","floor":1},{"not_picked":["Melter","Undo"],"picked":"Glacier","floor":3},{"not_picked":["Steam","Rebound","Sweeping Beam"],"picked":"SKIP","floor":5},{"not_picked":["Redo","Hello World","Rebound"],"picked":"SKIP","floor":7},{"not_picked":["Beam Cell","Streamline","Doom and Gloom"],"picked":"SKIP","floor":8},{"not_picked":["Double Energy","Cold Snap","Coolheaded"],"picked":"SKIP","floor":10},{"not_picked":["Compile Driver","Chill","Skim"],"picked":"SKIP","floor":12},{"not_picked":["Biased Cognition","Buffer"],"picked":"Electrodynamics","floor":16},{"not_picked":["Gash","Rebound","Cold Snap+1"],"picked":"SKIP","floor":18},{"not_picked":["Hello World","Compile Driver","Double Energy"],"picked":"SKIP","floor":22},{"not_picked":["Force Field","BootSequence","Redo+1"],"picked":"SKIP","floor":27},{"not_picked":["Turbo","Streamline","Compile Driver"],"picked":"SKIP","floor":28},{"not_picked":["Static Discharge","Cold Snap","Glacier"],"picked":"SKIP","floor":29},{"not_picked":["Streamline","Rebound+1","Hologram"],"picked":"SKIP","floor":31},{"not_picked":["Conserve Battery+1","Lockon"],"picked":"Defragment","floor":35},{"not_picked":["Ball Lightning","Redo","Auto Shields+1"],"picked":"SKIP","floor":38},{"not_picked":["Sweeping Beam","Redo"],"picked":"Self Repair","floor":39},{"not_picked":["Lockon","Aggregate+1","Hello World"],"picked":"SKIP","floor":41},{"not_picked":["Genetic Algorithm","Doom and Gloom"],"picked":"Loop+1","floor":44},{"not_picked":["Ball Lightning","Fusion+1","Turbo"],"picked":"SKIP","floor":47},{"not_picked":["Conserve Battery+1","Scrape","FTL"],"picked":"SKIP","floor":48},{"not_picked":["Scrape","FTL"],"picked":"Conserve Battery+1","floor":48}],"player_experience":538360,"relics_obtained":[{"floor":7,"key":"Unceasing Top"},{"floor":9,"key":"Kunai"},{"floor":10,"key":"Oddly Smooth Stone"},{"floor":26,"key":"Bottled Tornado"},{"floor":31,"key":"Bottled Lightning"},{"floor":43,"key":"Strawberry"},{"floor":45,"key":"Mango"}],"event_choices":[{"damage_healed":0,"gold_gain":175,"player_choice":"AGREE","damage_taken":0,"max_hp_gain":0,"max_hp_loss":0,"event_name":"Liars Game","floor":2,"gold_loss":0,"cards_obtained":["Doubt"]},{"damage_healed":0,"gold_gain":0,"player_choice":"Entered Light","damage_taken":15,"max_hp_gain":0,"max_hp_loss":0,"event_name":"Shining Light","floor":14,"gold_loss":0,"cards_upgraded":["Defend_B","Defend_B"]},{"damage_healed":0,"gold_gain":0,"player_choice":"Shed Blood","damage_taken":19,"max_hp_gain":5,"max_hp_loss":0,"event_name":"Forgotten Altar","floor":20,"gold_loss":0},{"damage_healed":0,"gold_gain":0,"player_choice":"Got Potions","damage_taken":0,"max_hp_gain":0,"max_hp_loss":0,"event_name":"The Lab","floor":24,"gold_loss":0},{"damage_healed":0,"gold_gain":0,"player_choice":"Forge","damage_taken":0,"max_hp_gain":0,"max_hp_loss":0,"event_name":"Accursed Blacksmith","floor":37,"gold_loss":0,"cards_upgraded":["Defragment"]},{"damage_healed":0,"gold_gain":0,"player_choice":"Fight","damage_taken":0,"max_hp_gain":0,"max_hp_loss":0,"event_name":"Mysterious Sphere","floor":45,"gold_loss":0}],"is_beta":true,"boss_relics":[{"not_picked":["Runic Dome","Runic Pyramid"],"picked":"Philosopher\u0027s Stone"},{"not_picked":["Lizard Tail","Busted Crown"],"picked":"Inserter"}],"items_purged_floors":[13,19,30,36],"is_endless":false,"potions_floor_spawned":[1,8,10,18,28,31,38,41,44,48],"ascension_level":0}