{"gold_per_floor":[111,111,121,1,12,40,51,51,77,99,141,167,212,240,252,264],"floor_reached":16,"playtime":824,"items_purged":["Strike_B"],"score":186,"play_id":"74921067-f4f6-4fec-9bad-dc65aa4d7b67","local_time":"20181210222219","is_ascension_mode":true,"campfire_choices":[{"floor":8,"key":"REST"},{"floor":15,"key":"REST"}],"neow_cost":"NONE","seed_source_timestamp":861409292824213,"circlet_count":0,"master_deck":["AscendersBane","Strike_B","Strike_B","Defend_B","Defend_B","Defend_B","Defend_B","Zap","Dualcast","Sweeping Beam","Sweeping Beam","Redo","Rebound","Sweeping Beam","Conserve Battery","Cold Snap","Cold Snap","Coolheaded","Glacier","Ball Lightning"],"relics":["Cracked Core","NeowsBlessing","DataDisk","MawBank","Bronze Scales","Potion Belt"],"potions_floor_usage":[6,11,12,13],"damage_taken":[{"damage":0,"enemies":"2 Louse","floor":1,"turns":1},{"damage":0,"enemies":"Cultist","floor":3,"turns":1},{"damage":0,"enemies":"Small Slimes","floor":5,"turns":1},{"damage":40,"enemies":"Lagavulin","floor":6,"turns":5},{"damage":18,"enemies":"Exordium Thugs","floor":7,"turns":3},{"damage":0,"enemies":"3 Louse","floor":10,"turns":1},{"damage":16,"enemies":"Gremlin Nob","floor":11,"turns":4},{"damage":0,"enemies":"Blue Slaver","floor":12,"turns":3},{"damage":8,"enemies":"Lagavulin","floor":13,"turns":6},{"damage":0,"enemies":"Exordium Wildlife","floor":14,"turns":3},{"damage":40,"enemies":"Slime Boss","floor":16,"turns":7}],"seed_played":"-4344873450217746944","potions_obtained":[{"floor":1,"key":"Swift Potion"},{"floor":5,"key":"SteroidPotion"},{"floor":7,"key":"Fire Potion"},{"floor":10,"key":"Swift Potion"}],"is_trial":false,"path_per_floor":["M","?","M","$","M","E","M","R","T","M","E","M","E","M","R","B"],"character_chosen":"DEFECT","items_purchased":["Redo"],"campfire_rested":2,"item_purchase_floors":[4],"current_hp_per_floor":[68,68,68,68,68,28,10,32,32,32,16,16,8,8,30,0],"gold":264,"neow_bonus":"THREE_ENEMY_KILL","is_prod":false,"is_daily":false,"chose_seed":false,"campfire_upgraded":0,"win_rate":0,"timestamp":1544480539,"path_taken":["M","?","M","$","M","E","M","R","T","?","E","M","E","?","R","BOSS"],"build_version":"2018-12-06","purchased_purges":1,"victory":false,"max_hp_per_floor":[75,75,75,75,75,75,75,75,75,75,75,75,75,75,75,75],"card_choices":[{"not_picked":["Heatsinks","Static Discharge"],"picked":"Sweeping Beam","floor":1},{"not_picked":["Turbo","Chill"],"picked":"Sweeping Beam","floor":3},{"not_picked":["BootSequence","Steam Power"],"picked":"Rebound","floor":5},{"not_picked":["Double Energy","Redo"],"picked":"Sweeping Beam","floor":6},{"not_picked":["Scrape","Blizzard"],"picked":"Conserve Battery","floor":7},{"not_picked":["Leap","Streamline"],"picked":"Cold Snap","floor":10},{"not_picked":["Sweeping Beam","Coolheaded"],"picked":"Cold Snap","floor":11},{"not_picked":["Reprogram","Steam Power"],"picked":"Coolheaded","floor":12},{"not_picked":["Buffer","Rebound"],"picked":"Glacier","floor":13},{"not_picked":["Rebound","Redo"],"picked":"Ball Lightning","floor":14}],"player_experience":1016794,"relics_obtained":[{"floor":6,"key":"DataDisk"},{"floor":9,"key":"MawBank"},{"floor":11,"key":"Bronze Scales"},{"floor":13,"key":"Potion Belt"}],"event_choices":[{"cards_removed":["Strike_B"],"damage_healed":0,"gold_gain":0,"player_choice":"Purged","damage_taken":0,"max_hp_gain":0,"max_hp_loss":0,"event_name":"Purifier","floor":2,"gold_loss":0}],"is_beta":false,"boss_relics":[],"items_purged_floors":[4],"is_endless":false,"potions_floor_spawned":[1,5,7,10],"killed_by":"Slime Boss","ascension_level":10}