{"gold_per_floor":[16,33,50,50,63,89,89,100,100,134,134,151,179,196,196,301,301,315,214,229,144,144,144,170,170,238,238,265,280,313,67,67,166,166,182,236,336,336,352,377,377,403,474,502,514,526,566,578,590,602],"floor_reached":51,"playtime":4209,"items_purged":["Strike_B","Strike_B"],"score":1237,"play_id":"cce675ed-e075-4f19-a314-833be9a0a1e7","local_time":"20190103201301","is_ascension_mode":true,"campfire_choices":[{"data":"Dualcast","floor":7.0,"key":"SMITH"},{"floor":11.0,"key":"REST"},{"data":"Ball Lightning","floor":15.0,"key":"SMITH"},{"data":"Echo Form","floor":23.0,"key":"SMITH"},{"data":"Cold Snap","floor":25.0,"key":"SMITH"},{"data":"Buffer","floor":32.0,"key":"SMITH"},{"data":"Machine Learning","floor":45,"key":"SMITH"},{"floor":49,"key":"REST"}],"neow_cost":"NO_GOLD","seed_source_timestamp":0,"circlet_count":0,"master_deck":["Strike_B+1","Defend_B","Defend_B","Zap+1","Dualcast+1","Genetic Algorithm","Cold Snap+1","Ball Lightning+1","Echo Form+1","Compile Driver+1","Ball Lightning+1","Leap+1","Chaos+1","Buffer+1","Machine Learning+1","Tempest+1","Force Field+1","Loop+1","Capacitor+1","Double Energy+1","Defragment+1"],"special_seed":0,"relics":["Cracked Core","Thread and Needle","Strawberry","Sundial","DataDisk","Gambling Chip","Black Star","Dream Catcher","MutagenicStrength","Pear","Bag of Marbles","Matryoshka","Darkstone Periapt","Potion Belt","WingedGreaves","Calipers","Whetstone","Astrolabe","Torii","Nunchaku","Emotion Chip","Omamori","Happy Flower","Ice Cream","Toxic Egg 2","The Courier","MawBank","Symbiotic Virus","Blue Candle","Regal Pillow"],"potions_floor_usage":[41,44,44,48,50,50],"damage_taken":[{"damage":0.0,"enemies":"Small Slimes","floor":1.0,"turns":3.0},{"damage":0.0,"enemies":"2 Louse","floor":2.0,"turns":3.0},{"damage":2.0,"enemies":"Cultist","floor":3.0,"turns":3.0},{"damage":0.0,"enemies":"Red Slaver","floor":5.0,"turns":4.0},{"damage":27.0,"enemies":"Gremlin Nob","floor":6.0,"turns":4.0},{"damage":0.0,"enemies":"Looter","floor":8.0,"turns":3.0},{"damage":28.0,"enemies":"3 Sentries","floor":10.0,"turns":7.0},{"damage":0.0,"enemies":"Blue Slaver","floor":12.0,"turns":3.0},{"damage":8.0,"enemies":"Lagavulin","floor":13.0,"turns":6.0},{"damage":0.0,"enemies":"Exordium Wildlife","floor":14.0,"turns":4.0},{"damage":0.0,"enemies":"The Guardian","floor":16.0,"turns":11.0},{"damage":8.0,"enemies":"Shell Parasite","floor":18.0,"turns":4.0},{"damage":5.0,"enemies":"2 Thieves","floor":20.0,"turns":4.0},{"damage":4.0,"enemies":"Slavers","floor":24.0,"turns":6.0},{"damage":8.0,"enemies":"Book of Stabbing","floor":28.0,"turns":5.0},{"damage":0.0,"enemies":"Snecko","floor":29.0,"turns":4.0},{"damage":0.0,"enemies":"Gremlin Leader","floor":30.0,"turns":3.0},{"damage":0.0,"enemies":"Automaton","floor":33.0,"turns":11.0},{"damage":1.0,"enemies":"Orb Walker","floor":35.0,"turns":3.0},{"damage":54.0,"enemies":"2 Orb Walkers","floor":36.0,"turns":5.0},{"damage":2.0,"enemies":"Mind Bloom Boss Battle","floor":37.0,"turns":5.0},{"damage":0,"enemies":"3 Shapes","floor":39,"turns":4},{"damage":9,"enemies":"Reptomancer","floor":40,"turns":7},{"damage":0,"enemies":"3 Darklings","floor":41,"turns":1},{"damage":8,"enemies":"Nemesis","floor":42,"turns":7},{"damage":0,"enemies":"Reptomancer","floor":44,"turns":4},{"damage":0,"enemies":"Nemesis","floor":47,"turns":5},{"damage":0,"enemies":"Transient","floor":48,"turns":1},{"damage":23,"enemies":"Donu and Deca","floor":50,"turns":7}],"seed_played":"5957421178553661868","potions_obtained":[{"floor":3.0,"key":"FearPotion"},{"floor":5.0,"key":"FearPotion"},{"floor":8.0,"key":"Explosive Potion"},{"floor":13.0,"key":"Weak Potion"},{"floor":16.0,"key":"SkillPotion"},{"floor":20.0,"key":"SmokeBomb"},{"floor":29.0,"key":"AttackPotion"},{"floor":30.0,"key":"FocusPotion"},{"floor":36.0,"key":"AttackPotion"},{"floor":37.0,"key":"SteroidPotion"},{"floor":39,"key":"SmokeBomb"},{"floor":42,"key":"AttackPotion"},{"floor":44,"key":"FocusPotion"},{"floor":47,"key":"FocusPotion"}],"is_trial":false,"path_per_floor":["M","M","M","?","M","E","R","M","T","E","R","M","E","M","R","B",null,"M","$","M","?","?","R","E","R","T","?","E","M","E","$","R","B",null,"M","?","?","?","M","E","M","E","T","E","R","?","E","M","R","B",null],"character_chosen":"DEFECT","items_purchased":["Ball Lightning","Whetstone"],"campfire_rested":2,"item_purchase_floors":[19,31],"current_hp_per_floor":[75,75,73,73,73,53,53,53,53,25,49,49,41,41,41,41,82,74,74,69,69,69,69,75,75,75,75,67,67,67,67,67,67,92,91,37,35,80,80,71,71,63,63,63,63,63,63,63,80,57],"gold":614,"neow_bonus":"ONE_RARE_RELIC","is_prod":false,"is_daily":false,"chose_seed":false,"campfire_upgraded":6,"win_rate":0,"timestamp":1546567981,"path_taken":["M","M","M","?","M","E","R","M","T","E","R","M","E","M","R","BOSS","M","$","M","?","?","R","E","R","T","?","E","?","E","?","R","BOSS","M","?","?","?","?","E","M","E","T","E","R","?","E","M","R","BOSS"],"build_version":"2019-01-03","purchased_purges":2,"victory":true,"max_hp_per_floor":[75,75,75,75,75,82,82,82,82,82,82,82,82,82,82,82,82,82,82,82,82,82,82,92,92,92,92,92,92,92,92,92,92,92,92,92,92,80,80,80,80,80,80,80,80,80,80,80,80,80],"card_choices":[{"not_picked":["Stack","Rebound","Hologram"],"picked":"SKIP","floor":1.0},{"not_picked":["Stack","Compile Driver","Turbo"],"picked":"SKIP","floor":2.0},{"not_picked":["Gash","Redo"],"picked":"Genetic Algorithm","floor":3.0},{"not_picked":["Storm","Steam Power","Leap"],"picked":"SKIP","floor":5.0},{"not_picked":["Redo","Go for the Eyes","Coolheaded"],"picked":"SKIP","floor":6.0},{"not_picked":["Steam","Stack","Consume"],"picked":"SKIP","floor":8.0},{"not_picked":["Biased Cognition","Hologram","BootSequence"],"picked":"SKIP","floor":10.0},{"not_picked":["Static Discharge","Leap"],"picked":"Cold Snap","floor":12.0},{"not_picked":["Ball Lightning","Streamline","Barrage"],"picked":"SKIP","floor":13.0},{"not_picked":["Turbo","Gash"],"picked":"Ball Lightning","floor":14.0},{"not_picked":["Core Surge","Seek"],"picked":"Echo Form","floor":16.0},{"not_picked":["Sweeping Beam+1","Barrage"],"picked":"Compile Driver+1","floor":18.0},{"not_picked":["Scrape+1","Barrage"],"picked":"Leap+1","floor":20.0},{"not_picked":["Turbo","Streamline+1"],"picked":"Chaos+1","floor":24.0},{"not_picked":["FTL","Machine Learning"],"picked":"Buffer","floor":28.0},{"not_picked":["Sweeping Beam+1","Chaos","Genetic Algorithm+1"],"picked":"SKIP","floor":29.0},{"not_picked":["Barrage","Chill","Sweeping Beam"],"picked":"SKIP","floor":30.0},{"not_picked":["Amplify","Echo Form"],"picked":"Machine Learning","floor":33.0},{"not_picked":["Stack","Hello World"],"picked":"Loop+1","floor":35.0},{"not_picked":["Beam Cell","Hologram"],"picked":"Capacitor+1","floor":36.0},{"not_picked":["Rip and Tear+1","Go for the Eyes","Auto Shields+1"],"picked":"SKIP","floor":39},{"not_picked":["Sweeping Beam+1","Doom and Gloom","Ball Lightning"],"picked":"SKIP","floor":40},{"not_picked":["Rebound+1","White Noise+1"],"picked":"Double Energy+1","floor":42},{"not_picked":["Turbo+1","Biased Cognition","Genetic Algorithm+1"],"picked":"SKIP","floor":44},{"not_picked":["Go for the Eyes","Heatsinks+1","Ball Lightning"],"picked":"SKIP","floor":47},{"not_picked":["Darkness+1","Aggregate+1"],"picked":"Defragment+1","floor":49}],"player_experience":211134,"relics_obtained":[{"floor":6.0,"key":"Strawberry"},{"floor":9.0,"key":"Sundial"},{"floor":10.0,"key":"DataDisk"},{"floor":13.0,"key":"Gambling Chip"},{"floor":24.0,"key":"Pear"},{"floor":24.0,"key":"Bag of Marbles"},{"floor":26.0,"key":"Matryoshka"},{"floor":28.0,"key":"Darkstone Periapt"},{"floor":28.0,"key":"Potion Belt"},{"floor":30.0,"key":"WingedGreaves"},{"floor":30.0,"key":"Calipers"},{"floor":36.0,"key":"Torii"},{"floor":37.0,"key":"Nunchaku"},{"floor":40,"key":"Emotion Chip"},{"floor":40,"key":"Omamori"},{"floor":42,"key":"Happy Flower"},{"floor":42,"key":"Ice Cream"},{"floor":43,"key":"Toxic Egg 2"},{"floor":43,"key":"The Courier"},{"floor":44,"key":"MawBank"},{"floor":44,"key":"Symbiotic Virus"},{"floor":47,"key":"Blue Candle"},{"floor":47,"key":"Regal Pillow"}],"event_choices":[{"damage_healed":0.0,"max_hp_gain":0.0,"max_hp_loss":0.0,"gold_gain":0.0,"event_name":"Living Wall","player_choice":"Grow","floor":4.0,"gold_loss":0.0,"damage_taken":0.0,"cards_upgraded":["Zap"]},{"damage_healed":0.0,"max_hp_gain":0.0,"max_hp_loss":0.0,"gold_gain":0.0,"event_name":"Addict","player_choice":"Obtained Relic","floor":21.0,"gold_loss":85.0,"damage_taken":0.0,"relics_obtained":["Dream Catcher"]},{"damage_healed":0.0,"max_hp_gain":0.0,"max_hp_loss":0.0,"gold_gain":0.0,"event_name":"Drug Dealer","player_choice":"Inject Mutagens","floor":22.0,"gold_loss":0.0,"damage_taken":0.0,"relics_obtained":["MutagenicStrength"]},{"damage_healed":0.0,"max_hp_gain":0.0,"max_hp_loss":0.0,"gold_gain":0.0,"cards_transformed":["Strike_B"],"event_name":"Transmorgrifier","player_choice":"Transformed","floor":27.0,"gold_loss":0.0,"damage_taken":0.0,"cards_obtained":["Sweeping Beam"]},{"damage_healed":0.0,"max_hp_gain":0.0,"max_hp_loss":0.0,"gold_gain":0.0,"event_name":"Mysterious Sphere","player_choice":"Fight","floor":36.0,"gold_loss":0.0,"damage_taken":0.0},{"damage_healed":0.0,"max_hp_gain":0.0,"max_hp_loss":0.0,"gold_gain":0.0,"event_name":"MindBloom","player_choice":"Fight","floor":37.0,"gold_loss":0.0,"damage_taken":0.0},{"damage_healed":80.0,"max_hp_gain":0.0,"max_hp_loss":12.0,"gold_gain":0.0,"event_name":"The Moai Head","player_choice":"Heal","floor":38.0,"gold_loss":0.0,"damage_taken":0.0},{"cards_removed":["Thunder Strike"],"damage_healed":0,"gold_gain":0,"player_choice":"Removed Attack","damage_taken":0,"max_hp_gain":0,"max_hp_loss":0,"event_name":"Falling","floor":46,"gold_loss":0}],"is_beta":false,"boss_relics":[{"not_picked":["Calling Bell","Tiny House"],"picked":"Black Star"},{"not_picked":["Empty Cage","Coffee Dripper"],"picked":"Astrolabe"}],"items_purged_floors":[19,31],"is_endless":false,"potions_floor_spawned":[3,5,8,13,16,20,29,30,36,37,39,42,44,47,48],"ascension_level":4}