{"gold_per_floor":[117,133,133,143,162,187,187,214,214,232,232,232,248,264,264,359,359,374,384,396,407,407,407,422,48,48,81,81,81,93,111,111,212,212,230,249,304,304,304],"floor_reached":39,"playtime":3081,"items_purged":["Defend_B"],"score":459,"play_id":"40c8d692-cb3e-4262-9e12-b34affa921bd","local_time":"20181108134823","is_ascension_mode":true,"campfire_choices":[{"floor":7,"key":"REST"},{"data":"Zap","floor":11,"key":"SMITH"},{"data":"Hologram","floor":15,"key":"SMITH"},{"data":"Creative AI","floor":23,"key":"SMITH"},{"data":"Hologram","floor":29,"key":"SMITH"},{"data":"Fission","floor":32,"key":"SMITH"}],"neow_cost":"NONE","seed_source_timestamp":686779776454185,"circlet_count":0,"master_deck":["Defend_B","Defend_B","Zap+1","Dualcast","Meteor Strike","Genetic Algorithm","Compile Driver","Loop","Ball Lightning","Sweeping Beam","Self Repair","Conserve Battery","Conserve Battery","Hologram+1","Streamline","Creative AI+1","Scrape+1","Stack+1","Rebound+1","Gash+1","Skim","Compile Driver","Melter","Turbo","Hologram+1","Fission+1","Chaos+1","Conserve Battery","Thunder Strike","Double Energy+1","Static Discharge","Leap"],"relics":["Cracked Core","Boot","Letter Opener","Meat on the Bone","Astrolabe","Gremlin Horn","Happy Flower","Potion Belt","NlothsMask","Inserter","Turnip"],"potions_floor_usage":[6,6,6,10,21,21,21,33,33,37],"damage_taken":[{"damage":1,"enemies":"2 Louse","floor":1,"turns":2},{"damage":1,"enemies":"Cultist","floor":2,"turns":4},{"damage":6,"enemies":"Jaw Worm","floor":4,"turns":4},{"damage":27,"enemies":"Large Slime","floor":5,"turns":5},{"damage":8,"enemies":"Lagavulin","floor":6,"turns":5},{"damage":23,"enemies":"Gremlin Nob","floor":8,"turns":5},{"damage":0,"enemies":"Gremlin Gang","floor":10,"turns":4},{"damage":12,"enemies":"Lots of Slimes","floor":13,"turns":2},{"damage":5,"enemies":"2 Fungi Beasts","floor":14,"turns":3},{"damage":43,"enemies":"The Guardian","floor":16,"turns":10},{"damage":53,"enemies":"Shell Parasite","floor":18,"turns":8},{"damage":21,"enemies":"Spheric Guardian","floor":19,"turns":6},{"damage":40,"enemies":"Chosen and Byrds","floor":20,"turns":6},{"damage":12,"enemies":"Snecko","floor":21,"turns":5},{"damage":19,"enemies":"Snake Plant","floor":24,"turns":5},{"damage":16,"enemies":"Gremlin Leader","floor":27,"turns":6},{"damage":13,"enemies":"Cultist and Chosen","floor":30,"turns":5},{"damage":5,"enemies":"Snecko","floor":31,"turns":4},{"damage":3,"enemies":"Champ","floor":33,"turns":8},{"damage":18,"enemies":"3 Darklings","floor":35,"turns":4},{"damage":7,"enemies":"Orb Walker","floor":36,"turns":4},{"damage":66,"enemies":"2 Orb Walkers","floor":37,"turns":5},{"damage":49,"enemies":"Time Eater","floor":39,"turns":4}],"seed_played":"-7022564892988861902","potions_obtained":[{"floor":1,"key":"PowerPotion"},{"floor":4,"key":"PowerPotion"},{"floor":5,"key":"Poison Potion"},{"floor":6,"key":"SkillPotion"},{"floor":13,"key":"Block Potion"},{"floor":16,"key":"Fire Potion"},{"floor":19,"key":"Dexterity Potion"},{"floor":21,"key":"EssenceOfSteel"},{"floor":24,"key":"SmokeBomb"},{"floor":27,"key":"Swift Potion"},{"floor":36,"key":"Regen Potion"}],"is_trial":false,"path_per_floor":["M","M","?","M","M","E","R","E","T","M","R","?","M","M","R","B",null,"M","M","M","M","?","R","M","$","T","E","?","R","M","M","R","B",null,"M","M","?","?","B"],"character_chosen":"DEFECT","items_purchased":["Gremlin Horn","Hologram"],"campfire_rested":1,"item_purchase_floors":[25,25],"current_hp_per_floor":[74,73,73,67,40,32,54,38,38,45,45,50,57,59,59,35,80,46,44,23,30,56,56,56,56,56,59,59,59,53,55,55,59,80,69,69,34,34,0],"gold":304,"neow_bonus":"TRANSFORM_CARD","is_prod":false,"is_daily":false,"chose_seed":false,"campfire_upgraded":5,"win_rate":0,"timestamp":1541702903,"path_taken":["M","M","?","M","M","E","R","E","T","?","R","?","M","M","R","BOSS","M","M","M","M","?","R","M","$","T","E","?","R","?","M","R","BOSS","M","?","?","?","BOSS"],"build_version":"2018-11-01","purchased_purges":1,"victory":false,"max_hp_per_floor":[75,75,75,75,75,75,75,75,75,75,75,80,80,80,80,80,80,80,80,80,80,80,80,80,80,80,80,80,80,80,80,80,80,80,80,80,80,80,80],"card_choices":[{"not_picked":["Steam","Redo"],"picked":"Genetic Algorithm","floor":1},{"not_picked":["Darkness","Compile Driver","Barrage"],"picked":"SKIP","floor":2},{"not_picked":["Darkness","Barrage"],"picked":"Compile Driver","floor":2},{"not_picked":["Blizzard","Stack"],"picked":"Ball Lightning","floor":4},{"not_picked":["Stack","Chill"],"picked":"Sweeping Beam","floor":5},{"not_picked":["Ball Lightning","Consume"],"picked":"Self Repair","floor":6},{"not_picked":["Redo","Rebound"],"picked":"Conserve Battery","floor":8},{"not_picked":["Biased Cognition","Rebound"],"picked":"Conserve Battery","floor":10},{"not_picked":["Ball Lightning","Force Field"],"picked":"Hologram","floor":13},{"not_picked":["Gash","Coolheaded"],"picked":"Streamline","floor":14},{"not_picked":["All For One","Hyperbeam"],"picked":"Creative AI","floor":16},{"not_picked":["Turbo","Heatsinks"],"picked":"Gash+1","floor":18},{"not_picked":["Rebound+1","Steam+1"],"picked":"Skim","floor":19},{"not_picked":["White Noise","Sunder+1"],"picked":"Compile Driver","floor":20},{"not_picked":["Tempest","Steam Power+1"],"picked":"Melter","floor":21},{"not_picked":["Streamline+1","Beam Cell"],"picked":"Turbo","floor":24},{"not_picked":["Turbo","Melter"],"picked":"Fission","floor":27},{"not_picked":["Barrage+1","Fusion"],"picked":"Chaos+1","floor":30},{"not_picked":["Fusion","Recycle"],"picked":"Conserve Battery","floor":31},{"not_picked":["Echo Form","Electrodynamics"],"picked":"Thunder Strike","floor":33},{"not_picked":["Leap","Steam"],"picked":"Double Energy+1","floor":35},{"not_picked":["Skim+1","Cold Snap+1"],"picked":"Static Discharge","floor":36},{"not_picked":["Streamline","Compile Driver"],"picked":"Leap","floor":37}],"player_experience":241438,"relics_obtained":[{"floor":6,"key":"Boot"},{"floor":8,"key":"Letter Opener"},{"floor":9,"key":"Meat on the Bone"},{"floor":26,"key":"Happy Flower"},{"floor":27,"key":"Potion Belt"},{"floor":37,"key":"Turnip"}],"event_choices":[{"damage_healed":0,"gold_gain":0,"cards_transformed":["Strike_B"],"player_choice":"Transformed","damage_taken":0,"max_hp_gain":0,"max_hp_loss":0,"event_name":"Transmorgrifier","floor":3,"gold_loss":0,"cards_obtained":["Loop"]},{"damage_healed":0,"gold_gain":0,"player_choice":"Donut","damage_taken":0,"max_hp_gain":5,"max_hp_loss":0,"event_name":"Big Fish","floor":12,"gold_loss":0},{"damage_healed":26,"gold_gain":0,"player_choice":"Heal","damage_taken":0,"max_hp_gain":0,"max_hp_loss":0,"event_name":"The Library","floor":22,"gold_loss":0},{"damage_healed":0,"gold_gain":0,"player_choice":"Trade","damage_taken":0,"relics_obtained":["NlothsMask"],"max_hp_gain":0,"max_hp_loss":0,"event_name":"FaceTrader","floor":28,"gold_loss":0},{"damage_healed":0,"gold_gain":0,"player_choice":"Fight","damage_taken":0,"max_hp_gain":0,"max_hp_loss":0,"event_name":"Mysterious Sphere","floor":37,"gold_loss":0},{"damage_healed":0,"gold_gain":0,"player_choice":"Took Portal","damage_taken":0,"max_hp_gain":0,"max_hp_loss":0,"event_name":"SecretPortal","floor":38,"gold_loss":0}],"is_beta":false,"boss_relics":[{"not_picked":["Empty Cage","Busted Crown"],"picked":"Astrolabe"},{"not_picked":["Snecko Eye","Calling Bell"],"picked":"Inserter"}],"items_purged_floors":[25],"is_endless":false,"potions_floor_spawned":[1,4,5,6,13,16,19,21,24,27,36],"killed_by":"Time Eater","ascension_level":2}