{"gold_per_floor":[10,87,107,125,300,300,335,335,335,347,374,374,386,38,38,143,143,163,163,163,27,27,86,158,158,158,158,5,33,33,43,43,143,143,158,169,119,135,41,66,0,0,0,10,41,41,71,86,86,86],"floor_reached":51,"playtime":2574,"items_purged":["Doubt","Strike_R","Warcry"],"score":1246,"play_id":"79b9c384-e566-4aa8-96b5-61fc0c94da9a","local_time":"20181219041946","is_ascension_mode":true,"campfire_choices":[{"data":"Feed","floor":6,"key":"SMITH"},{"floor":8,"key":"REST"},{"floor":12,"key":"REST"},{"data":"Disarm","floor":15,"key":"SMITH"},{"floor":25,"key":"REST"},{"data":"Metallicize","floor":27,"key":"SMITH"},{"data":"J.A.X.","floor":30,"key":"SMITH"},{"data":"Bash","floor":32,"key":"SMITH"},{"data":"Double Tap","floor":42,"key":"SMITH"},{"data":"Double Tap","floor":49,"key":"SMITH"}],"neow_cost":"NO_GOLD","seed_source_timestamp":467582533123422,"circlet_count":0,"master_deck":["Defend_R","Defend_R","Defend_R","Defend_R","Bash+1","Feed+1","Uppercut+1","Combust","Pommel Strike+1","Battle Trance","Twin Strike+1","Disarm+1","Whirlwind+1","Metallicize+1","Feed+1","Reaper+1","Pommel Strike+1","J.A.X.+1","Swift Strike+1","Bite+1","Bite+1","Bite+1","Bite+1","Bite+1","Ghostly Armor","Feel No Pain+1","Body Slam+1","Double Tap+1","Corruption+1","Shrug It Off","Metallicize+1","Flame Barrier+1","Seeing Red+1","Fire Breathing+1","Double Tap+1","Rupture+1"],"relics":["Burning Blood","Molten Egg 2","Smiling Mask","Anchor","StoneCalendar","DollysMirror","Black Star","Tiny Chest","Meat on the Bone","Bottled Tornado","Frozen Egg 2","Orichalcum","Oddly Smooth Stone","Blood Vial","Snecko Eye","PreservedInsect","Champion Belt","Red Mask","Gambling Chip","Paper Frog","Torii","Pen Nib","Bird Faced Urn"],"potions_floor_usage":[16,23,33,44,46,50,50],"damage_taken":[{"damage":6,"enemies":"Cultist","floor":1,"turns":4},{"damage":5,"enemies":"2 Louse","floor":3,"turns":3},{"damage":8,"enemies":"Small Slimes","floor":4,"turns":3},{"damage":48,"enemies":"3 Sentries","floor":7,"turns":11},{"damage":6,"enemies":"Looter","floor":10,"turns":3},{"damage":55,"enemies":"Gremlin Nob","floor":11,"turns":6},{"damage":27,"enemies":"Large Slime","floor":13,"turns":5},{"damage":13,"enemies":"Hexaghost","floor":16,"turns":9},{"damage":44,"enemies":"2 Thieves","floor":18,"turns":5},{"damage":50,"enemies":"Slavers","floor":23,"turns":4},{"damage":21,"enemies":"Gremlin Leader","floor":29,"turns":7},{"damage":6,"enemies":"Shell Parasite","floor":31,"turns":7},{"damage":49,"enemies":"Champ","floor":33,"turns":9},{"damage":17,"enemies":"Orb Walker","floor":35,"turns":4},{"damage":50,"enemies":"3 Darklings","floor":36,"turns":7},{"damage":23,"enemies":"Writhing Mass","floor":38,"turns":5},{"damage":47,"enemies":"Giant Head","floor":40,"turns":7},{"damage":24,"enemies":"Spire Growth","floor":44,"turns":5},{"damage":28,"enemies":"Nemesis","floor":45,"turns":5},{"damage":1,"enemies":"3 Darklings","floor":46,"turns":2},{"damage":3,"enemies":"Giant Head","floor":47,"turns":4},{"damage":13,"enemies":"Jaw Worm Horde","floor":48,"turns":5},{"damage":53,"enemies":"Time Eater","floor":50,"turns":11}],"seed_played":"8456725931942150399","potions_obtained":[{"floor":1,"key":"SmokeBomb"},{"floor":4,"key":"FairyPotion"},{"floor":13,"key":"PowerPotion"},{"floor":16,"key":"AttackPotion"},{"floor":23,"key":"BloodPotion"},{"floor":29,"key":"PowerPotion"},{"floor":35,"key":"FearPotion"},{"floor":44,"key":"PowerPotion"},{"floor":47,"key":"SpeedPotion"}],"is_trial":false,"path_per_floor":["M","T","M","M","?","R","E","R","T","M","E","R","M","$","R","B",null,"M","?","?","$","?","E","T","R","T","R","$","E","R","M","R","B",null,"M","M","$","M","$","E","?","R","T","M","E","M","E","M","R","B",null],"character_chosen":"IRONCLAD","items_purchased":["Whirlwind+1","Metallicize","DollysMirror","Swift Strike+1","Orichalcum","Shrug It Off","Metallicize+1"],"campfire_rested":3,"item_purchase_floors":[14,14,14,21,28,39,39],"current_hp_per_floor":[75,75,79,80,80,80,42,69,69,73,28,58,41,41,41,34,87,63,63,41,41,41,19,19,43,43,43,43,70,70,87,87,59,80,83,75,75,85,85,82,82,82,82,85,85,92,103,107,107,93],"gold":86,"neow_bonus":"THREE_RARE_CARDS","is_prod":false,"is_daily":false,"chose_seed":false,"campfire_upgraded":7,"win_rate":0,"timestamp":1545211186,"path_taken":["M","?","M","M","?","R","E","R","T","M","E","R","M","$","R","BOSS","M","?","?","$","?","E","?","R","T","R","?","E","R","M","R","BOSS","M","?","$","M","$","E","?","R","T","M","E","M","E","M","R","BOSS"],"build_version":"2018-12-13","purchased_purges":3,"victory":true,"max_hp_per_floor":[83,83,86,89,89,89,93,93,93,97,101,101,105,105,105,105,105,109,109,114,114,79,83,83,83,83,83,83,87,87,87,87,87,87,91,91,91,95,95,95,95,95,95,99,103,103,103,107,107,107],"card_choices":[{"not_picked":["Reaper","Impervious"],"picked":"Feed","floor":0},{"not_picked":["Pummel","Body Slam"],"picked":"Warcry","floor":1},{"not_picked":["Pummel+1","Wild Strike+1"],"picked":"Uppercut+1","floor":3},{"not_picked":["Perfected Strike+1","Cleave+1"],"picked":"Combust","floor":4},{"not_picked":["Rupture","Warcry"],"picked":"Pommel Strike+1","floor":7},{"not_picked":["Pommel Strike+1","Dual Wield"],"picked":"Battle Trance","floor":10},{"not_picked":["Berserk","Flex"],"picked":"Twin Strike+1","floor":11},{"not_picked":["Armaments","Flex"],"picked":"Disarm","floor":13},{"not_picked":["Barricade","Berserk"],"picked":"Reaper+1","floor":16},{"not_picked":["Twin Strike+1","Iron Wave+1"],"picked":"Pommel Strike+1","floor":18},{"not_picked":["Dark Embrace","Havoc"],"picked":"Ghostly Armor","floor":23},{"not_picked":["Havoc","Flex"],"picked":"Feel No Pain+1","floor":29},{"not_picked":["Infernal Blade","Clash+1"],"picked":"Body Slam+1","floor":31},{"not_picked":["Dark Embrace+1","Limit Break"],"picked":"Double Tap","floor":33},{"not_picked":["Armaments","Burning Pact+1","Havoc"],"picked":"SKIP","floor":35},{"not_picked":["Bloodletting","Wild Strike+1"],"picked":"Corruption+1","floor":36},{"not_picked":["Iron Wave+1","Perfected Strike+1","Wild Strike+1"],"picked":"SKIP","floor":38},{"not_picked":["Burning Pact","Intimidate+1"],"picked":"Flame Barrier+1","floor":40},{"not_picked":["Pommel Strike+1","Iron Wave+1"],"picked":"Seeing Red+1","floor":44},{"not_picked":["Rage","Second Wind+1"],"picked":"Fire Breathing+1","floor":45},{"not_picked":["Clothesline+1","Armaments"],"picked":"Double Tap","floor":47},{"not_picked":["Cleave+1","Infernal Blade+1"],"picked":"Rupture+1","floor":48}],"player_experience":407891,"relics_obtained":[{"floor":2,"key":"Molten Egg 2"},{"floor":7,"key":"Smiling Mask"},{"floor":9,"key":"Anchor"},{"floor":11,"key":"StoneCalendar"},{"floor":23,"key":"Tiny Chest"},{"floor":23,"key":"Meat on the Bone"},{"floor":24,"key":"Bottled Tornado"},{"floor":26,"key":"Frozen Egg 2"},{"floor":29,"key":"Oddly Smooth Stone"},{"floor":29,"key":"Blood Vial"},{"floor":40,"key":"PreservedInsect"},{"floor":40,"key":"Champion Belt"},{"floor":43,"key":"Gambling Chip"},{"floor":45,"key":"Paper Frog"},{"floor":45,"key":"Torii"},{"floor":47,"key":"Pen Nib"},{"floor":47,"key":"Bird Faced Urn"}],"event_choices":[{"damage_healed":0,"gold_gain":175,"player_choice":"AGREE","damage_taken":0,"max_hp_gain":0,"max_hp_loss":0,"event_name":"Liars Game","floor":5,"gold_loss":0,"cards_obtained":["Doubt"]},{"damage_healed":0,"gold_gain":0,"player_choice":"Obtain J.A.X.","damage_taken":0,"max_hp_gain":0,"max_hp_loss":0,"event_name":"Drug Dealer","floor":19,"gold_loss":0,"cards_obtained":["J.A.X."]},{"damage_healed":0,"gold_gain":0,"player_choice":"Shed Blood","damage_taken":27,"max_hp_gain":5,"max_hp_loss":0,"event_name":"Forgotten Altar","floor":20,"gold_loss":0},{"damage_healed":0,"gold_gain":0,"player_choice":"Became a vampire","damage_taken":0,"max_hp_gain":0,"max_hp_loss":35,"event_name":"Vampires","floor":22,"gold_loss":0,"cards_obtained":["Bite","Bite","Bite","Bite","Bite"]},{"damage_healed":0,"gold_gain":0,"player_choice":"Paid","damage_taken":0,"relics_obtained":["Red Mask"],"max_hp_gain":0,"max_hp_loss":0,"event_name":"Tomb of Lord Red Mask","floor":41,"gold_loss":66}],"is_beta":false,"boss_relics":[{"not_picked":["Eternal Feather","Fusion Hammer"],"picked":"Black Star"},{"not_picked":["Lizard Tail","White Beast Statue"],"picked":"Snecko Eye"}],"items_purged_floors":[14,21,37],"is_endless":false,"potions_floor_spawned":[1,4,13,16,23,29,35,44,46,47],"ascension_level":9}