{"gold_per_floor":[112,112,131,149,164,193,205,205,205,256,286,61,61,80,80,204,204,219,399,412,437,4,56,56,56,56,90,90,5,16,48,48,153,153,170,170,170,190,44,44,60,60,129,129],"floor_reached":44,"playtime":3170,"items_purged":["Strike_G","Strike_G"],"score":805,"play_id":"d498363e-fbea-49e7-ada5-fdcc345af957","local_time":"20181214211145","is_ascension_mode":true,"campfire_choices":[{"floor":8,"key":"REST"},{"data":"Storm of Steel","floor":15,"key":"SMITH"},{"floor":24,"key":"REST"},{"data":"Adrenaline","floor":32,"key":"SMITH"},{"data":"Accuracy","floor":40,"key":"SMITH"},{"data":"Tools of the Trade","floor":42,"key":"SMITH"}],"neow_cost":"NONE","seed_source_timestamp":95704904634622,"circlet_count":0,"master_deck":["Survivor","Neutralize+1","Prepared+1","Blur","Blade Dance","Infinite Blades","Well Laid Plans","Choke+1","Crippling Poison","After Image","Injury","Storm of Steel+1","Adrenaline+1","Reflex+1","Cloak And Dagger","Cloak And Dagger+1","Accuracy+1","Endless Agony+1","Leg Sweep","Blur","Finisher+1","Ghostly","Ghostly","Ghostly","Ghostly","Ghostly","Footwork+1","Backflip","Malaise","Tools of the Trade+1","Leg Sweep","Reflex","Dagger Throw+1","Catalyst","Dash+1","Blade Dance+1","Dark Shackles","Bandage Up","Madness+1","Cloak And Dagger+1","Deflect+1"],"relics":["Ring of the Snake","Centennial Puzzle","Dream Catcher","Molten Egg 2","Oddly Smooth Stone","Darkstone Periapt","Bloody Idol","WristBlade","Happy Flower","Bag of Preparation","Bottled Lightning","Bronze Scales","Kunai","Whetstone","Pandora\u0027s Box","War Paint","Question Card"],"potions_floor_usage":[16,16,21,27,31,44],"damage_taken":[{"damage":1,"enemies":"2 Louse","floor":1,"turns":3},{"damage":4,"enemies":"Cultist","floor":3,"turns":5},{"damage":1,"enemies":"Small Slimes","floor":4,"turns":5},{"damage":6,"enemies":"Looter","floor":5,"turns":4},{"damage":32,"enemies":"3 Sentries","floor":6,"turns":10},{"damage":3,"enemies":"Blue Slaver","floor":7,"turns":6},{"damage":0,"enemies":"Large Slime","floor":14,"turns":9},{"damage":35,"enemies":"Hexaghost","floor":16,"turns":12},{"damage":19,"enemies":"Chosen","floor":18,"turns":5},{"damage":3,"enemies":"Shell Parasite","floor":20,"turns":5},{"damage":13,"enemies":"Cultist and Chosen","floor":21,"turns":6},{"damage":0,"enemies":"Gremlin Leader","floor":27,"turns":5},{"damage":9,"enemies":"Sentry and Sphere","floor":30,"turns":6},{"damage":15,"enemies":"Slavers","floor":31,"turns":6},{"damage":0,"enemies":"Champ","floor":33,"turns":10},{"damage":0,"enemies":"3 Shapes","floor":35,"turns":4},{"damage":0,"enemies":"Orb Walker","floor":38,"turns":4},{"damage":3,"enemies":"Spire Growth","floor":41,"turns":4},{"damage":42,"enemies":"Giant Head","floor":44,"turns":7}],"seed_played":"-4408480295828088385","potions_obtained":[{"floor":1,"key":"SteroidPotion"},{"floor":6,"key":"Strength Potion"},{"floor":7,"key":"Dexterity Potion"},{"floor":16,"key":"Fruit Juice"},{"floor":20,"key":"Ancient Potion"},{"floor":21,"key":"Energy Potion"},{"floor":30,"key":"PowerPotion"},{"floor":33,"key":"Dexterity Potion"}],"is_trial":false,"path_per_floor":["M","?","M","M","M","E","M","R","T","T","?","$","?","M","R","B",null,"M","?","M","M","$","T","R","?","T","E","?","?","M","E","R","B",null,"M","?","?","M","$","R","M","R","T","E"],"character_chosen":"THE_SILENT","items_purchased":["After Image","Accuracy","Endless Agony+1","Leg Sweep","Happy Flower","War Paint"],"campfire_rested":2,"item_purchase_floors":[12,22,22,22,22,39],"current_hp_per_floor":[62,62,58,57,51,19,16,37,37,37,37,37,43,43,43,13,64,45,21,18,5,5,5,29,29,29,34,34,34,30,20,20,25,36,40,30,30,35,35,35,40,40,40,0],"gold":129,"neow_bonus":"RANDOM_COMMON_RELIC","is_prod":false,"is_daily":false,"chose_seed":false,"campfire_upgraded":4,"win_rate":0,"timestamp":1544839905,"path_taken":["M","?","M","?","M","E","M","R","T","?","?","$","?","?","R","BOSS","M","?","?","M","$","?","R","?","T","E","?","?","M","E","R","BOSS","M","?","?","M","$","R","M","R","T","E"],"build_version":"2018-12-13","purchased_purges":2,"victory":false,"max_hp_per_floor":[70,70,70,70,70,70,70,70,70,70,70,70,76,76,76,81,81,81,81,81,81,81,81,81,81,81,81,40,40,40,40,40,40,40,40,40,40,40,40,40,40,40,40,40],"card_choices":[{"not_picked":["Reflex","Acrobatics"],"picked":"Prepared","floor":1},{"not_picked":["Bouncing Flask","Cloak And Dagger"],"picked":"Blur","floor":3},{"not_picked":["PiercingWail","Prepared"],"picked":"Blade Dance","floor":4},{"not_picked":["Dagger Throw","Reflex"],"picked":"Infinite Blades","floor":5},{"not_picked":["Riddle With Holes","Bane"],"picked":"Well Laid Plans","floor":6},{"not_picked":["Setup","Quick Slash"],"picked":"Choke","floor":7},{"not_picked":["Underhanded Strike","Dodge and Roll"],"picked":"Crippling Poison","floor":8},{"not_picked":["Deadly Poison","Predator+1"],"picked":"Storm of Steel","floor":14},{"not_picked":["Phantasmal Killer","Malaise"],"picked":"Adrenaline","floor":16},{"not_picked":["Poisoned Stab+1","PiercingWail+1"],"picked":"Reflex+1","floor":18},{"not_picked":["Dagger Throw+1","Outmaneuver"],"picked":"Cloak And Dagger","floor":20},{"not_picked":["Leg Sweep","Dagger Spray+1"],"picked":"Cloak And Dagger+1","floor":21},{"not_picked":["Dagger Throw+1","PiercingWail"],"picked":"Blur","floor":24},{"not_picked":["Prepared","Sucker Punch+1"],"picked":"Finisher+1","floor":27},{"not_picked":["Prepared","Caltrops+1"],"picked":"Footwork+1","floor":30},{"not_picked":["PiercingWail+1","Eviscerate+1"],"picked":"Backflip","floor":31},{"not_picked":["Phantasmal Killer","Bullet Time"],"picked":"Malaise","floor":33},{"not_picked":["Caltrops","Poisoned Stab+1"],"picked":"Blade Dance+1","floor":35},{"not_picked":["Blind","Purity"],"picked":"Dark Shackles","floor":36},{"not_picked":["Mayhem","Deep Breath"],"picked":"Bandage Up","floor":36},{"not_picked":["Forethought","Enlightenment"],"picked":"Madness","floor":36},{"not_picked":["PiercingWail+1","Prepared+1"],"picked":"Cloak And Dagger+1","floor":38},{"not_picked":["Bane+1","Deadly Poison+1"],"picked":"Deflect+1","floor":41}],"player_experience":395031,"relics_obtained":[{"floor":6,"key":"Dream Catcher"},{"floor":9,"key":"Molten Egg 2"},{"floor":10,"key":"Oddly Smooth Stone"},{"floor":23,"key":"Bag of Preparation"},{"floor":26,"key":"Bottled Lightning"},{"floor":27,"key":"Bronze Scales"},{"floor":31,"key":"Whetstone"},{"floor":43,"key":"Question Card"}],"event_choices":[{"cards_removed":["Strike_G"],"damage_healed":0,"gold_gain":0,"player_choice":"Purged","damage_taken":0,"max_hp_gain":0,"max_hp_loss":0,"event_name":"Purifier","floor":2,"gold_loss":0},{"damage_healed":0,"gold_gain":30,"player_choice":"Searched \u00272\u0027 times","damage_taken":0,"relics_obtained":["Darkstone Periapt"],"max_hp_gain":0,"max_hp_loss":0,"event_name":"Dead Adventurer","floor":11,"gold_loss":0},{"damage_healed":0,"gold_gain":0,"player_choice":"Take Wound","damage_taken":0,"relics_obtained":["Golden Idol"],"max_hp_gain":0,"max_hp_loss":0,"event_name":"Golden Idol","floor":13,"gold_loss":0,"cards_obtained":["Injury"]},{"damage_healed":0,"gold_gain":180,"player_choice":"GOLD GOLD ","damage_taken":24,"max_hp_gain":0,"max_hp_loss":0,"event_name":"Knowing Skull","floor":19,"potions_obtained":[],"gold_loss":0,"cards_obtained":[]},{"damage_healed":0,"gold_gain":0,"player_choice":"Gave Idol","damage_taken":0,"relics_obtained":["Bloody Idol"],"max_hp_gain":0,"max_hp_loss":0,"event_name":"Forgotten Altar","floor":25,"relics_lost":["Golden Idol"],"gold_loss":0},{"damage_healed":0,"gold_gain":0,"player_choice":"Became a Ghost","damage_taken":0,"max_hp_gain":0,"max_hp_loss":41,"event_name":"Ghosts","floor":28,"gold_loss":0,"cards_obtained":["Ghostly","Ghostly","Ghostly","Ghostly","Ghostly"]},{"damage_healed":0,"gold_gain":0,"player_choice":"Obtained Relic","damage_taken":0,"relics_obtained":["Kunai"],"max_hp_gain":0,"max_hp_loss":0,"event_name":"Addict","floor":29,"gold_loss":85},{"damage_healed":0,"gold_gain":0,"player_choice":"Memory 3","damage_taken":10,"max_hp_gain":0,"max_hp_loss":0,"event_name":"SensoryStone","floor":36,"gold_loss":0},{"cards_removed":["Tactician"],"damage_healed":0,"gold_gain":0,"player_choice":"Removed Skill","damage_taken":0,"max_hp_gain":0,"max_hp_loss":0,"event_name":"Falling","floor":37,"gold_loss":0}],"is_beta":false,"boss_relics":[{"not_picked":["Eternal Feather","HoveringKite"],"picked":"WristBlade"},{"not_picked":["Orrery","Black Star"],"picked":"Pandora\u0027s Box"}],"items_purged_floors":[12,22],"is_endless":false,"potions_floor_spawned":[1,6,7,16,20,21,30,33],"killed_by":"Giant Head","ascension_level":9}