{"gold_per_floor":[118,129,32,42,54,85,85,113,140,65,65,65,94,94,94,192,192,208,220,135,235,235],"floor_reached":22,"playtime":1189,"items_purged":["Strike_B"],"score":323,"play_id":"6bf4db25-5b9b-44d2-990f-cfae0a338040","local_time":"20190115110133","is_ascension_mode":true,"campfire_choices":[{"floor":7,"key":"REST"},{"floor":12,"key":"REST"},{"data":"Creative AI","floor":15,"key":"SMITH"}],"neow_cost":"NONE","seed_source_timestamp":519289488819556,"circlet_count":0,"master_deck":["AscendersBane","Defend_B","Defend_B","Defend_B","Defend_B","Zap","Dualcast","Cold Snap","Redo","Static Discharge","Ball Lightning","Creative AI+1","Cold Snap","Streamline","Cold Snap","Consume","Thunder Strike","Skim+1","Turbo+1","Compile Driver+1"],"relics":["Cracked Core","NeowsBlessing","Whetstone","DataDisk","Pen Nib","Gremlin Horn","Omamori","Astrolabe","The Courier"],"potions_floor_usage":[6,8,16,19],"damage_taken":[{"damage":0,"enemies":"Cultist","floor":1,"turns":1},{"damage":0,"enemies":"Jaw Worm","floor":2,"turns":1},{"damage":0,"enemies":"Small Slimes","floor":4,"turns":1},{"damage":15,"enemies":"2 Fungi Beasts","floor":5,"turns":6},{"damage":3,"enemies":"3 Sentries","floor":6,"turns":3},{"damage":14,"enemies":"Gremlin Nob","floor":8,"turns":3},{"damage":5,"enemies":"Lagavulin","floor":13,"turns":7},{"damage":38,"enemies":"Slime Boss","floor":16,"turns":8},{"damage":35,"enemies":"3 Byrds","floor":18,"turns":5},{"damage":20,"enemies":"Spheric Guardian","floor":19,"turns":4},{"damage":13,"enemies":"Cultist and Chosen","floor":22,"turns":4}],"seed_played":"7198201352733756978","potions_obtained":[{"floor":2,"key":"PowerPotion"},{"floor":4,"key":"FearPotion"},{"floor":13,"key":"LiquidBronze"},{"floor":18,"key":"Fire Potion"}],"is_trial":false,"path_per_floor":["M","M","$","M","M","E","R","E","T","$","T","R","E","?","R","B",null,"M","M","?","?","M"],"character_chosen":"DEFECT","items_purchased":["Static Discharge","Ball Lightning"],"campfire_rested":2,"item_purchase_floors":[3,3],"current_hp_per_floor":[68,68,68,68,53,50,72,58,58,58,58,75,70,70,70,32,64,29,9,9,9,0],"gold":235,"neow_bonus":"THREE_ENEMY_KILL","is_prod":false,"is_daily":false,"chose_seed":false,"campfire_upgraded":1,"win_rate":0,"timestamp":1547550093,"path_taken":["M","M","$","?","M","E","R","E","T","$","?","R","E","?","R","BOSS","M","M","?","?","M"],"build_version":"2019-01-10","purchased_purges":1,"victory":false,"max_hp_per_floor":[75,75,75,75,75,75,75,75,75,75,75,75,75,75,75,75,75,75,75,75,75,75],"card_choices":[{"not_picked":["Gash","Leap"],"picked":"Cold Snap","floor":1},{"not_picked":["Steam","Turbo"],"picked":"Redo","floor":2},{"not_picked":["Rebound","Go for the Eyes"],"picked":"Creative AI","floor":4},{"not_picked":["Force Field","Gash"],"picked":"Cold Snap","floor":5},{"not_picked":["Leap","Steam"],"picked":"Streamline","floor":6},{"not_picked":["Compile Driver","Gash"],"picked":"Cold Snap","floor":8},{"not_picked":["Conserve Battery","BootSequence"],"picked":"Consume","floor":13},{"not_picked":["Fission","Multi-Cast"],"picked":"Thunder Strike","floor":16},{"not_picked":["Compile Driver","Go for the Eyes","Rebound"],"picked":"SKIP","floor":18},{"not_picked":["Scrape+1","Fusion+1","Hello World"],"picked":"SKIP","floor":19}],"player_experience":1181774,"relics_obtained":[{"floor":6,"key":"Whetstone"},{"floor":8,"key":"DataDisk"},{"floor":9,"key":"Pen Nib"},{"floor":11,"key":"Gremlin Horn"},{"floor":13,"key":"Omamori"}],"event_choices":[{"damage_healed":0,"gold_gain":0,"player_choice":"Ignored","damage_taken":0,"max_hp_gain":0,"max_hp_loss":0,"event_name":"Liars Game","floor":14,"gold_loss":0},{"damage_healed":0,"gold_gain":0,"player_choice":"Obtained Relic","damage_taken":0,"relics_obtained":["The Courier"],"max_hp_gain":0,"max_hp_loss":0,"event_name":"Addict","floor":20,"gold_loss":85},{"damage_healed":0,"gold_gain":100,"player_choice":"Pray","damage_taken":0,"max_hp_gain":0,"max_hp_loss":0,"event_name":"Golden Shrine","floor":21,"gold_loss":0}],"is_beta":false,"boss_relics":[{"not_picked":["Orrery","FrozenCore"],"picked":"Astrolabe"}],"items_purged_floors":[10],"is_endless":false,"potions_floor_spawned":[2,4,13,18],"killed_by":"Cultist and Chosen","ascension_level":12}