{"gold_per_floor":[114,134,149,166,166,196,196,228,279,279],"floor_reached":10,"playtime":434,"items_purged":[],"score":125,"play_id":"0cc1ab31-0433-4594-8a8b-65235b29e951","local_time":"20190130195142","is_ascension_mode":true,"campfire_choices":[],"neow_cost":"NONE","seed_source_timestamp":5241265370305,"circlet_count":0,"master_deck":["AscendersBane","Defend_G","Defend_G","Defend_G","Defend_G","Defend_G","Strike_G+1","Strike_G","Strike_G+1","Strike_G","Strike_G","Survivor","Neutralize","Noxious Fumes+1","Choke","Infinite Blades","All Out Attack","Dash"],"special_seed":0,"relics":["Fusion Hammer","NlothsMask","Whetstone","Bottled Flame"],"potions_floor_usage":[],"damage_taken":[{"damage":0.0,"enemies":"2 Louse","floor":1.0,"turns":4.0},{"damage":0.0,"enemies":"Cultist","floor":2.0,"turns":4.0},{"damage":0.0,"enemies":"Small Slimes","floor":3.0,"turns":4.0},{"damage":10.0,"enemies":"Exordium Thugs","floor":4.0,"turns":6.0},{"damage":33.0,"enemies":"Gremlin Nob","floor":6.0,"turns":5.0},{"damage":16.0,"enemies":"Lagavulin","floor":8.0,"turns":6.0}],"seed_played":"-1232269917395566718","potions_obtained":[{"floor":1.0,"key":"SkillPotion"},{"floor":2.0,"key":"Block Potion"},{"floor":8,"key":"Fire Potion"}],"is_trial":false,"path_per_floor":["M","M","M","M","?","E","?","E","T","?"],"character_chosen":"THE_SILENT","items_purchased":[],"campfire_rested":0,"item_purchase_floors":[],"current_hp_per_floor":[63,63,63,53,53,20,20,4,4,0],"gold":279,"neow_bonus":"BOSS_RELIC","is_prod":false,"is_daily":false,"chose_seed":false,"campfire_upgraded":0,"win_rate":0,"timestamp":1548899502,"path_taken":["M","M","M","M","?","E","?","E","T","?"],"build_version":"2019-01-23","purchased_purges":0,"victory":false,"max_hp_per_floor":[70,70,70,70,70,70,70,70,70,70],"card_choices":[{"not_picked":["Prepared","Blur"],"picked":"Noxious Fumes","floor":1.0},{"not_picked":["Dodge and Roll","Cloak And Dagger"],"picked":"Choke","floor":2.0},{"not_picked":["Sucker Punch","Unload"],"picked":"Infinite Blades","floor":3.0},{"not_picked":["Quick Slash","Outmaneuver","Flying Knee"],"picked":"SKIP","floor":4.0},{"not_picked":["Flechettes","Bane"],"picked":"All Out Attack","floor":6.0},{"not_picked":["Heel Hook","Glass Knife"],"picked":"Dash","floor":8}],"player_experience":230658,"relics_obtained":[{"floor":6.0,"key":"Whetstone"},{"floor":8,"key":"Bottled Flame"}],"event_choices":[{"damage_healed":0.0,"max_hp_gain":0.0,"max_hp_loss":0.0,"gold_gain":0.0,"event_name":"FaceTrader","player_choice":"Trade","floor":5.0,"gold_loss":0.0,"damage_taken":0.0,"relics_obtained":["NlothsMask"]},{"damage_healed":0.0,"max_hp_gain":0.0,"max_hp_loss":0.0,"gold_gain":0.0,"event_name":"Living Wall","player_choice":"Grow","floor":7.0,"gold_loss":0.0,"damage_taken":0.0,"cards_upgraded":["Noxious Fumes"]}],"is_beta":false,"boss_relics":[],"items_purged_floors":[],"is_endless":false,"potions_floor_spawned":[1,2,8],"ascension_level":12}