{"gold_per_floor":[111,186,111,125,138,138,157,157,157,157,157,168,185,219,219,293,293,304,304,181,199,11,11,11,11,11,11,11,30,40,40,40,40],"floor_reached":33,"playtime":1689,"items_purged":["Strike_R","Strike_R"],"score":451,"play_id":"ca6a7449-d379-4190-a0ad-3948db9bb4c6","local_time":"20181206122921","is_ascension_mode":true,"campfire_choices":[{"data":"Uppercut","floor":6,"key":"SMITH"},{"data":"Rampage","floor":8,"key":"SMITH"},{"data":"Thunderclap","floor":10,"key":"SMITH"},{"floor":15,"key":"REST"},{"floor":23,"key":"REST"},{"floor":25,"key":"REST"},{"floor":27,"key":"REST"},{"floor":32,"key":"REST"}],"neow_cost":"NONE","seed_source_timestamp":479359002303481,"circlet_count":0,"master_deck":["AscendersBane","Defend_R+1","Defend_R+1","Defend_R+1","Defend_R+1","Bash","Thunderclap+1","Uppercut+1","Headbutt","Rampage+1","Thunderclap","True Grit","Double Tap","Double Tap","Sword Boomerang","Shrug It Off","Cleave","Violence","Battle Trance","Shrug It Off"],"relics":["Burning Blood","NeowsBlessing","Juzu Bracelet","Singing Bowl","Magic Flower"],"potions_floor_usage":[7,16,16,24,24,33],"damage_taken":[{"damage":0,"enemies":"2 Louse","floor":1,"turns":1},{"damage":0,"enemies":"Small Slimes","floor":4,"turns":1},{"damage":0,"enemies":"Cultist","floor":5,"turns":1},{"damage":9,"enemies":"2 Fungi Beasts","floor":7,"turns":2},{"damage":12,"enemies":"Large Slime","floor":12,"turns":5},{"damage":11,"enemies":"3 Louse","floor":13,"turns":3},{"damage":28,"enemies":"Gremlin Nob","floor":14,"turns":4},{"damage":37,"enemies":"Slime Boss","floor":16,"turns":8},{"damage":21,"enemies":"3 Byrds","floor":18,"turns":5},{"damage":5,"enemies":"Chosen","floor":21,"turns":5},{"damage":55,"enemies":"Book of Stabbing","floor":24,"turns":5},{"damage":20,"enemies":"3 Cultists","floor":29,"turns":4},{"damage":28,"enemies":"Snake Plant","floor":30,"turns":3},{"damage":68,"enemies":"Collector","floor":33,"turns":4}],"seed_played":"-6149020546840234214","potions_obtained":[{"floor":1,"key":"Explosive Potion"},{"floor":14,"key":"EntropicBrew"},{"floor":16,"key":"FearPotion"},{"floor":18,"key":"SmokeBomb"},{"floor":30,"key":"Poison Potion"}],"is_trial":false,"path_per_floor":["M","?","$","M","M","R","M","R","T","R","?","M","M","E","R","B",null,"M","?","$","M","$","R","E","R","T","R","?","M","M","?","R","B"],"character_chosen":"IRONCLAD","items_purchased":["Shrug It Off","Violence"],"campfire_rested":5,"item_purchase_floors":[20,22],"current_hp_per_floor":[74,63,63,69,75,75,72,72,72,72,72,66,61,39,61,30,64,51,51,51,52,52,75,26,49,49,72,72,61,42,42,65,0],"gold":40,"neow_bonus":"THREE_ENEMY_KILL","is_prod":false,"is_daily":false,"chose_seed":false,"campfire_upgraded":3,"win_rate":0,"timestamp":1544099361,"path_taken":["M","?","$","M","M","R","M","R","T","R","?","M","M","E","R","BOSS","M","?","$","M","$","R","E","R","T","R","?","M","M","?","R","BOSS"],"build_version":"2018-11-15","purchased_purges":2,"victory":false,"max_hp_per_floor":[75,75,75,75,75,75,75,75,75,75,75,75,75,75,75,75,75,77,77,77,77,77,77,77,77,77,77,77,77,77,77,77,77],"card_choices":[{"not_picked":["Bloodletting","Flex"],"picked":"Thunderclap","floor":1},{"not_picked":["Shrug It Off","Pommel Strike"],"picked":"Uppercut","floor":4},{"not_picked":["Evolve","Seeing Red"],"picked":"Headbutt","floor":5},{"not_picked":["True Grit","Dark Embrace"],"picked":"Rampage","floor":7},{"not_picked":["Clothesline","True Grit"],"picked":"Thunderclap","floor":12},{"not_picked":["Warcry","Thunderclap","Dual Wield"],"picked":"SKIP","floor":13},{"not_picked":["Wild Strike","Uppercut"],"picked":"True Grit","floor":14},{"not_picked":["Barricade","Dark Embrace"],"picked":"Double Tap","floor":16},{"not_picked":["Body Slam","Iron Wave","Heavy Blade"],"picked":"Singing Bowl","floor":18},{"not_picked":["Flex+1","Flame Barrier"],"picked":"Cleave","floor":21},{"not_picked":["Uppercut","Pummel+1"],"picked":"Battle Trance","floor":29},{"not_picked":["Anger","Headbutt"],"picked":"Shrug It Off","floor":30}],"player_experience":977716,"relics_obtained":[{"floor":9,"key":"Juzu Bracelet"},{"floor":14,"key":"Singing Bowl"},{"floor":26,"key":"Magic Flower"}],"event_choices":[{"damage_healed":0,"gold_gain":75,"player_choice":"Gather Gold","damage_taken":11,"max_hp_gain":0,"max_hp_loss":0,"event_name":"World of Goop","floor":2,"gold_loss":0},{"cards_removed":["Strike_R"],"damage_healed":0,"gold_gain":0,"player_choice":"Offered Basic","damage_taken":0,"max_hp_gain":0,"max_hp_loss":0,"event_name":"Bonfire Elementals","floor":11,"gold_loss":0},{"damage_healed":0,"gold_gain":0,"cards_transformed":["Strike_R","Strike_R"],"player_choice":"Became Test Subject","damage_taken":0,"max_hp_gain":0,"max_hp_loss":0,"event_name":"Drug Dealer","floor":19,"gold_loss":0,"cards_obtained":["Double Tap","Sword Boomerang"]},{"damage_healed":0,"gold_gain":0,"player_choice":"Simplicity","damage_taken":0,"max_hp_gain":0,"max_hp_loss":0,"event_name":"Back to Basics","floor":28,"gold_loss":0,"cards_upgraded":["Defend_R","Defend_R","Defend_R","Defend_R"]},{"damage_healed":0,"gold_gain":0,"player_choice":"Ignored","damage_taken":0,"max_hp_gain":0,"max_hp_loss":0,"event_name":"Beggar","floor":31,"gold_loss":0}],"is_beta":false,"boss_relics":[{"not_picked":["Calling Bell","Ectoplasm","Runic Dome"]}],"items_purged_floors":[3,20],"is_endless":false,"potions_floor_spawned":[1,14,16,18,24,30],"killed_by":"Collector","ascension_level":14}