{"gold_per_floor":[116,116,116,131,206,206,250,268,295,295,319,319],"floor_reached":12,"playtime":207,"items_purged":[],"score":129,"play_id":"30a0e0a8-b851-4d1f-907d-f85148921af4","local_time":"20190120205324","is_ascension_mode":true,"campfire_choices":[{"data":"Burst","floor":6,"key":"SMITH"},{"data":"Catalyst","floor":10,"key":"SMITH"}],"neow_cost":"NONE","seed_source_timestamp":74153752061700,"circlet_count":0,"master_deck":["Defend_G","Defend_G","Defend_G","Defend_G","Defend_G","Strike_G","Strike_G","Strike_G","Strike_G","Survivor","Neutralize","PiercingWail","Burst+1","Backstab","Catalyst+1","Well Laid Plans"],"relics":["Ring of the Snake","NeowsBlessing","Golden Idol","Juzu Bracelet","Ancient Tea Set"],"potions_floor_usage":[],"damage_taken":[{"damage":0,"enemies":"Small Slimes","floor":1,"turns":1},{"damage":0,"enemies":"Jaw Worm","floor":4,"turns":1},{"damage":0,"enemies":"Lagavulin","floor":7,"turns":1},{"damage":0,"enemies":"Cultist","floor":8,"turns":5},{"damage":3,"enemies":"3 Louse","floor":11,"turns":4},{"damage":19,"enemies":"Gremlin Nob","floor":12,"turns":4}],"seed_played":"-2233265267343482513","potions_obtained":[{"floor":11,"key":"Dexterity Potion"}],"is_trial":false,"path_per_floor":["M","?","?","M","?","R","E","M","T","R","M","E"],"character_chosen":"THE_SILENT","items_purchased":[],"campfire_rested":0,"item_purchase_floors":[],"current_hp_per_floor":[70,65,65,65,54,54,54,54,54,54,51,32],"gold":319,"neow_bonus":"THREE_ENEMY_KILL","is_prod":false,"is_daily":false,"chose_seed":false,"campfire_upgraded":2,"win_rate":0,"timestamp":1548014004,"path_taken":["M","?","?","?","?","R","E","M","T","R","M","E"],"build_version":"2019-01-17v2","purchased_purges":0,"victory":false,"max_hp_per_floor":[70,65,65,65,65,65,65,65,65,65,65,65],"card_choices":[{"not_picked":["Blade Dance","Setup"],"picked":"PiercingWail","floor":1},{"not_picked":["Finisher","Deflect","Cloak And Dagger"],"picked":"SKIP","floor":4},{"not_picked":["Reflex","Accuracy"],"picked":"Backstab","floor":7},{"not_picked":["Prepared","Deadly Poison"],"picked":"Catalyst","floor":8},{"not_picked":["Cloak And Dagger","Slice"],"picked":"Well Laid Plans","floor":11}],"player_experience":845836,"relics_obtained":[{"floor":7,"key":"Juzu Bracelet"},{"floor":9,"key":"Ancient Tea Set"}],"event_choices":[{"damage_healed":0,"gold_gain":0,"player_choice":"Lose Max HP","damage_taken":0,"relics_obtained":["Golden Idol"],"max_hp_gain":0,"max_hp_loss":5,"event_name":"Golden Idol","floor":2,"gold_loss":0},{"damage_healed":0,"gold_gain":0,"cards_transformed":["Strike_G"],"player_choice":"Transformed","damage_taken":0,"max_hp_gain":0,"max_hp_loss":0,"event_name":"Transmorgrifier","floor":3,"gold_loss":0,"cards_obtained":["Burst"]},{"damage_healed":0,"gold_gain":75,"player_choice":"Gather Gold","damage_taken":11,"max_hp_gain":0,"max_hp_loss":0,"event_name":"World of Goop","floor":5,"gold_loss":0}],"is_beta":false,"boss_relics":[],"items_purged_floors":[],"is_endless":false,"potions_floor_spawned":[11],"killed_by":"Gremlin Nob","ascension_level":5}