{"gold_per_floor":[109,109,125,44,59,88,88,114,114,114,130,130,130,141,141,244,244,257,257,79,90,102,130,130,162,242,242,262,262,274,293,293,391,391,406,422,422,11,11,11,37,37,37,65,65,65,98,110,110,110],"floor_reached":51,"playtime":1725,"items_purged":["Strike_R","Shame"],"score":1040,"play_id":"02c12159-767b-4ba1-8b93-905cd9972e5d","local_time":"20190114163931","is_ascension_mode":true,"campfire_choices":[{"data":"Uppercut","floor":7.0,"key":"SMITH"},{"data":"Inflame","floor":10.0,"key":"SMITH"},{"data":"Heavy Blade","floor":13.0,"key":"SMITH"},{"data":"Power Through","floor":15.0,"key":"SMITH"},{"floor":24.0,"key":"REST"},{"floor":29.0,"key":"REST"},{"data":"Whirlwind","floor":32.0,"key":"SMITH"},{"data":"Double Tap","floor":40.0,"key":"SMITH"},{"floor":46.0,"key":"REST"},{"floor":49.0,"key":"REST"}],"neow_cost":"TEN_PERCENT_HP_LOSS","seed_source_timestamp":54689128675989,"circlet_count":0,"master_deck":["Strike_R","Strike_R+1","Strike_R","Strike_R+1","Defend_R","Defend_R","Defend_R","Defend_R","Bash","Bludgeon+1","Twin Strike","Heavy Blade+1","Uppercut+1","Power Through+1","Inflame+1","Double Tap+1","Shrug It Off+1","Whirlwind+1","Inflame","Pommel Strike+1","Heavy Blade+1","Ghostly Armor+1","Sword Boomerang","Offering","True Grit+1","Master of Strategy","Madness","Madness","Dropkick","Reaper"],"special_seed":0,"relics":["Burning Blood","Ancient Tea Set","Pear","Juzu Bracelet","Cursed Key","Bag of Marbles","Matryoshka","Anchor","Dodecahedron","Sozu","Omamori","Pocketwatch","Whetstone","Oddly Smooth Stone","Frozen Egg 2","Mercury Hourglass"],"potions_floor_usage":[50],"damage_taken":[{"damage":7.0,"enemies":"Small Slimes","floor":1.0,"turns":2.0},{"damage":7.0,"enemies":"2 Louse","floor":3.0,"turns":3.0},{"damage":9.0,"enemies":"Jaw Worm","floor":5.0,"turns":4.0},{"damage":26.0,"enemies":"Lagavulin","floor":6.0,"turns":6.0},{"damage":6.0,"enemies":"Gremlin Nob","floor":8.0,"turns":3.0},{"damage":0.0,"enemies":"Blue Slaver","floor":11.0,"turns":2.0},{"damage":0.0,"enemies":"2 Fungi Beasts","floor":14.0,"turns":1.0},{"damage":40.0,"enemies":"The Guardian","floor":16.0,"turns":7.0},{"damage":10.0,"enemies":"3 Byrds","floor":18.0,"turns":6.0},{"damage":15.0,"enemies":"Shell Parasite","floor":21.0,"turns":3.0},{"damage":7.0,"enemies":"Centurion and Healer","floor":22.0,"turns":4.0},{"damage":29.0,"enemies":"Slavers","floor":23.0,"turns":6.0},{"damage":10.0,"enemies":"Book of Stabbing","floor":25.0,"turns":3.0},{"damage":13.0,"enemies":"Snecko","floor":28.0,"turns":3.0},{"damage":4.0,"enemies":"Snake Plant","floor":30.0,"turns":3.0},{"damage":0.0,"enemies":"Centurion and Healer","floor":31.0,"turns":4.0},{"damage":70.0,"enemies":"Collector","floor":33.0,"turns":9.0},{"damage":4.0,"enemies":"3 Darklings","floor":35.0,"turns":6.0},{"damage":0.0,"enemies":"3 Shapes","floor":36.0,"turns":3.0},{"damage":38.0,"enemies":"Giant Head","floor":41.0,"turns":6.0},{"damage":22.0,"enemies":"Reptomancer","floor":44.0,"turns":3.0},{"damage":12.0,"enemies":"Nemesis","floor":47.0,"turns":5.0},{"damage":25.0,"enemies":"Maw","floor":48.0,"turns":5.0},{"damage":46,"enemies":"Time Eater","floor":50,"turns":7}],"seed_played":"5011484076507529049","potions_obtained":[{"floor":3.0,"key":"FearPotion"},{"floor":6.0,"key":"Ancient Potion"},{"floor":8.0,"key":"Fire Potion"},{"floor":11.0,"key":"AttackPotion"},{"floor":16.0,"key":"Strength Potion"},{"floor":18.0,"key":"SteroidPotion"},{"floor":28.0,"key":"LiquidBronze"},{"floor":33.0,"key":"Regen Potion"}],"is_trial":false,"path_per_floor":["M","?","M","$","M","E","R","E","T","R","M","?","R","M","R","B",null,"M","?","$","M","M","E","R","E","T","?","M","R","M","M","R","B",null,"M","M","?","$","?","R","E","?","T","E","?","R","E","M","R","B",null],"character_chosen":"IRONCLAD","items_purchased":["Uppercut","Whirlwind","Inflame","Master of Strategy","Omamori"],"campfire_rested":4,"item_purchase_floors":[4,20,20,38,38],"current_hp_per_floor":[71,71,70,70,67,47,47,57,57,57,63,68,68,74,74,40,75,71,71,71,62,61,38,64,60,60,43,36,63,65,71,71,7,71,73,79,79,79,67,67,35,35,35,28,19,46,40,21,48,8],"gold":110,"neow_bonus":"THREE_RARE_CARDS","is_prod":false,"is_daily":false,"chose_seed":false,"campfire_upgraded":6,"win_rate":0,"timestamp":1547505571,"path_taken":["M","?","M","$","M","E","R","E","T","R","M","?","R","M","R","BOSS","M","?","$","M","M","E","R","E","T","?","M","R","M","M","R","BOSS","M","M","?","$","?","R","E","?","T","E","?","R","E","M","R","BOSS"],"build_version":"2019-01-10","purchased_purges":2,"victory":true,"max_hp_per_floor":[72,72,72,72,72,72,72,82,82,82,82,87,87,87,87,87,87,87,87,87,87,87,87,87,87,87,92,92,92,92,92,92,92,92,92,92,92,92,92,92,92,92,92,92,92,92,92,92,92,92],"card_choices":[{"not_picked":["Brutality","Berserk"],"picked":"Bludgeon","floor":0.0},{"not_picked":["Searing Blow","Perfected Strike"],"picked":"Twin Strike","floor":1.0},{"not_picked":["Body Slam","Corruption"],"picked":"Heavy Blade","floor":3.0},{"not_picked":["True Grit","Anger"],"picked":"Power Through","floor":5.0},{"not_picked":["Brutality","Perfected Strike","Thunderclap"],"picked":"SKIP","floor":6.0},{"not_picked":["Combust","Cleave"],"picked":"Inflame","floor":8.0},{"not_picked":["Anger","Perfected Strike","Fire Breathing"],"picked":"SKIP","floor":11.0},{"not_picked":["Armaments","Iron Wave","Juggernaut"],"picked":"SKIP","floor":14.0},{"not_picked":["Feed","Fiend Fire"],"picked":"Double Tap","floor":16.0},{"not_picked":["Clash","Headbutt+1"],"picked":"Shrug It Off+1","floor":18.0},{"not_picked":["Havoc","Sever Soul+1","Blood for Blood+1"],"picked":"SKIP","floor":21.0},{"not_picked":["Burning Pact","Armaments","Feel No Pain"],"picked":"SKIP","floor":22.0},{"not_picked":["Armaments+1","Demon Form"],"picked":"Pommel Strike+1","floor":23.0},{"not_picked":["Twin Strike","Body Slam"],"picked":"Shrug It Off","floor":25.0},{"not_picked":["Cleave","Clash"],"picked":"Heavy Blade+1","floor":28.0},{"not_picked":["Armaments","Fire Breathing+1"],"picked":"Ghostly Armor+1","floor":30.0},{"not_picked":["Infernal Blade+1","Fire Breathing"],"picked":"Sword Boomerang","floor":31.0},{"not_picked":["Dark Embrace","Berserk"],"picked":"Offering","floor":33.0},{"not_picked":["Body Slam+1","Pommel Strike","Thunderclap"],"picked":"SKIP","floor":35.0},{"not_picked":["Second Wind","Thunderclap"],"picked":"True Grit+1","floor":36.0},{"not_picked":["Thunderclap","Hemokinesis+1","Dark Embrace"],"picked":"SKIP","floor":41.0},{"not_picked":["True Grit+1","Armaments+1"],"picked":"Dropkick","floor":44.0},{"not_picked":["Dual Wield","Inflame+1"],"picked":"Reaper","floor":47.0},{"not_picked":["True Grit","Havoc","Cleave"],"picked":"SKIP","floor":48.0}],"player_experience":163025,"relics_obtained":[{"floor":6.0,"key":"Ancient Tea Set"},{"floor":8.0,"key":"Pear"},{"floor":9.0,"key":"Juzu Bracelet"},{"floor":23.0,"key":"Bag of Marbles"},{"floor":25.0,"key":"Matryoshka"},{"floor":26.0,"key":"Anchor"},{"floor":26.0,"key":"Dodecahedron"},{"floor":41.0,"key":"Pocketwatch"},{"floor":43.0,"key":"Whetstone"},{"floor":43.0,"key":"Oddly Smooth Stone"},{"floor":44.0,"key":"Frozen Egg 2"},{"floor":47.0,"key":"Mercury Hourglass"}],"event_choices":[{"damage_healed":0.0,"max_hp_gain":0.0,"max_hp_loss":0.0,"gold_gain":0.0,"event_name":"Living Wall","player_choice":"Grow","floor":2.0,"gold_loss":0.0,"damage_taken":0.0,"cards_upgraded":["Bludgeon"]},{"damage_healed":0.0,"max_hp_gain":5.0,"max_hp_loss":0.0,"gold_gain":0.0,"event_name":"Big Fish","player_choice":"Donut","floor":12.0,"gold_loss":0.0,"damage_taken":0.0},{"damage_healed":0.0,"max_hp_gain":0.0,"max_hp_loss":0.0,"gold_gain":0.0,"event_name":"Ghosts","player_choice":"Ignored","floor":19.0,"gold_loss":0.0,"damage_taken":0.0},{"damage_healed":0.0,"max_hp_gain":5.0,"max_hp_loss":0.0,"gold_gain":0.0,"event_name":"Forgotten Altar","player_choice":"Shed Blood","floor":27.0,"gold_loss":0.0,"damage_taken":22.0},{"cards_removed":["Shrug It Off"],"damage_healed":0.0,"max_hp_gain":0.0,"max_hp_loss":0.0,"gold_gain":0.0,"event_name":"Falling","player_choice":"Removed Skill","floor":37.0,"gold_loss":0.0,"damage_taken":0.0},{"damage_healed":0.0,"max_hp_gain":0.0,"max_hp_loss":0.0,"gold_gain":0.0,"event_name":"Winding Halls","player_choice":"Embrace Madness","floor":39.0,"gold_loss":0.0,"damage_taken":12.0,"cards_obtained":["Madness","Madness"]},{"damage_healed":0.0,"max_hp_gain":0.0,"max_hp_loss":0.0,"gold_gain":0.0,"event_name":"Mysterious Sphere","player_choice":"Ignored","floor":42.0,"gold_loss":0.0,"damage_taken":0.0},{"damage_healed":0.0,"max_hp_gain":0.0,"max_hp_loss":0.0,"gold_gain":0.0,"event_name":"Wheel of Change","player_choice":"Damaged","floor":45.0,"gold_loss":0.0,"damage_taken":9.0}],"is_beta":false,"boss_relics":[{"not_picked":["Snecko Eye","Coffee Dripper"],"picked":"Cursed Key"},{"not_picked":["Runic Cube","Runic Pyramid"],"picked":"Sozu"}],"items_purged_floors":[20,38],"is_endless":false,"potions_floor_spawned":[3,6,8,11,16,18,28,31,33,35,41,44],"ascension_level":7}