{"gold_per_floor":[119,44,63,238,238,263,277,277,301,313,348,368,379,210,210,210],"floor_reached":16,"playtime":883,"items_purged":["Strike_R","Doubt"],"score":151,"play_id":"db66e522-0755-4996-8a7e-34cae2830619","local_time":"20190111131251","is_ascension_mode":true,"campfire_choices":[{"data":"Battle Trance","floor":8,"key":"SMITH"},{"floor":15,"key":"RECALL"}],"neow_cost":"NONE","seed_source_timestamp":147839269969784,"circlet_count":0,"master_deck":["Strike_R","Strike_R","Strike_R","Strike_R","Defend_R","Defend_R","Defend_R","Defend_R","Bash","Rampage","Battle Trance+1","Dropkick"],"relics":["Burning Blood","NeowsBlessing","Bottled Flame","Art of War","Dream Catcher"],"potions_floor_usage":[11,12,16],"damage_taken":[{"damage":0,"enemies":"Cultist","floor":1,"turns":1},{"damage":0,"enemies":"Small Slimes","floor":3,"turns":1},{"damage":0,"enemies":"3 Sentries","floor":6,"turns":2},{"damage":4,"enemies":"Jaw Worm","floor":7,"turns":4},{"damage":11,"enemies":"Blue Slaver","floor":10,"turns":5},{"damage":30,"enemies":"Gremlin Nob","floor":11,"turns":6},{"damage":19,"enemies":"Lots of Slimes","floor":12,"turns":4},{"damage":8,"enemies":"Red Slaver","floor":13,"turns":5},{"damage":36,"enemies":"Hexaghost","floor":16,"turns":9}],"seed_played":"6351306199423147742","potions_obtained":[{"floor":3,"key":"Block Potion"},{"floor":7,"key":"Strength Potion"},{"floor":12,"key":"Ancient Potion"},{"floor":13,"key":"SkillPotion"}],"is_trial":false,"path_per_floor":["M","$","M","?","T","E","M","R","T","M","E","M","M","$","R","B"],"character_chosen":"IRONCLAD","items_purchased":["Dropkick"],"campfire_rested":0,"item_purchase_floors":[14],"current_hp_per_floor":[80,80,80,80,80,80,80,80,80,75,51,38,36,36,36,0],"gold":210,"neow_bonus":"THREE_ENEMY_KILL","is_prod":false,"is_daily":false,"chose_seed":false,"campfire_upgraded":1,"win_rate":0,"timestamp":1547233971,"path_taken":["M","?","M","?","?","E","M","R","T","M","E","M","M","?","R","BOSS"],"build_version":"2019-01-10","purchased_purges":2,"victory":false,"max_hp_per_floor":[80,80,80,80,80,80,80,80,80,80,80,80,80,80,80,80],"card_choices":[{"not_picked":["Flex","Iron Wave","Heavy Blade"],"picked":"SKIP","floor":1},{"not_picked":["Headbutt","Entrench"],"picked":"Rampage","floor":3},{"not_picked":["Twin Strike","Perfected Strike"],"picked":"Battle Trance","floor":6},{"not_picked":["True Grit","Clash","Wild Strike"],"picked":"SKIP","floor":7},{"not_picked":["Cleave","Inflame","Thunderclap"],"picked":"SKIP","floor":10},{"not_picked":["Flex","Double Tap","Reckless Charge"],"picked":"SKIP","floor":11},{"not_picked":["Clothesline","Flame Barrier","Armaments"],"picked":"SKIP","floor":12},{"not_picked":["Wild Strike","True Grit","Thunderclap"],"picked":"SKIP","floor":13}],"player_experience":219076,"relics_obtained":[{"floor":6,"key":"Bottled Flame"},{"floor":9,"key":"Art of War"},{"floor":11,"key":"Dream Catcher"}],"event_choices":[{"damage_healed":0,"gold_gain":175,"player_choice":"AGREE","damage_taken":0,"max_hp_gain":0,"max_hp_loss":0,"event_name":"Liars Game","floor":4,"gold_loss":0,"cards_obtained":["Doubt"]}],"is_beta":false,"boss_relics":[],"items_purged_floors":[2,14],"is_endless":false,"potions_floor_spawned":[3,7,12,13],"killed_by":"Hexaghost","ascension_level":2}