{"gold_per_floor":[116,66,81,92,107,107,134,1,50,77,77,77,91,109,109,211,211,228,228,241,15,27,27,53,53,107,118,118,130,130,156,156,259,259,269,282,301,317,24,24,24,24,24,24,24,24,24,34,34,34],"floor_reached":51,"playtime":4635,"items_purged":["Strike_G+1"],"score":706,"play_id":"0bdb9bed-ee1e-473f-923c-fb05adf7c162","local_time":"20180904142911","is_ascension_mode":true,"campfire_choices":[{"data":"Neutralize","floor":6,"key":"SMITH"},{"data":"Catalyst","floor":11,"key":"SMITH"},{"data":"Catalyst","floor":15,"key":"SMITH"},{"data":"Well Laid Plans","floor":23,"key":"SMITH"},{"data":"Noxious Fumes","floor":25,"key":"SMITH"},{"data":"Noxious Fumes","floor":30,"key":"SMITH"},{"floor":32,"key":"REST"},{"data":"Burst","floor":40,"key":"SMITH"},{"data":"Leg Sweep","floor":42,"key":"SMITH"},{"data":"Crippling Poison","floor":44,"key":"SMITH"},{"data":"Night Terror","floor":46,"key":"SMITH"},{"floor":49,"key":"REST"}],"neow_cost":"NONE","seed_source_timestamp":1227853838929303,"circlet_count":0,"master_deck":["Defend_G+1","Defend_G","Defend_G","Defend_G","Strike_G+1","Survivor","Neutralize+1","Endless Agony+1","Catalyst+1","Backstab","Cloak And Dagger","Sucker Punch","Catalyst+1","Deadly Poison","Deadly Poison","Leg Sweep+1","Die Die Die","Bullet Time+1","Backstab+1","Noxious Fumes+1","Night Terror+1","Well Laid Plans+1","Escape Plan","Noxious Fumes+1","Backflip+1","Burst+1","Crippling Poison+1","Backflip+1","Deadly Poison"],"relics":["Ring of the Snake","Lantern","The Courier","Whetstone","Potion Belt","Astrolabe","Anchor","Vajra","Centennial Puzzle","Snake Skull","Philosopher\u0027s Stone","Paper Crane","Regal Pillow"],"potions_floor_usage":[7,18,24,33,48,50,50],"damage_taken":[{"damage":0,"enemies":"2 Louse","floor":1,"turns":3},{"damage":0,"enemies":"Small Slimes","floor":3,"turns":3},{"damage":0,"enemies":"Jaw Worm","floor":4,"turns":5},{"damage":3,"enemies":"Looter","floor":5,"turns":4},{"damage":12,"enemies":"3 Sentries","floor":7,"turns":13},{"damage":0,"enemies":"2 Fungi Beasts","floor":13,"turns":2},{"damage":0,"enemies":"Blue Slaver","floor":14,"turns":3},{"damage":11,"enemies":"Hexaghost","floor":16,"turns":7},{"damage":3,"enemies":"Chosen","floor":18,"turns":3},{"damage":3,"enemies":"3 Byrds","floor":20,"turns":4},{"damage":13,"enemies":"Shelled Parasite and Fungi","floor":22,"turns":3},{"damage":7,"enemies":"Book of Stabbing","floor":24,"turns":5},{"damage":0,"enemies":"Cultist and Chosen","floor":27,"turns":4},{"damage":6,"enemies":"Centurion and Healer","floor":29,"turns":5},{"damage":20,"enemies":"Automaton","floor":33,"turns":6},{"damage":0,"enemies":"3 Shapes","floor":35,"turns":5},{"damage":0,"enemies":"Orb Walker","floor":36,"turns":3},{"damage":0,"enemies":"Sphere and 2 Shapes","floor":37,"turns":3},{"damage":0,"enemies":"Transient","floor":38,"turns":5},{"damage":8,"enemies":"Maw","floor":48,"turns":4},{"damage":15,"enemies":"Time Eater","floor":50,"turns":9}],"seed_played":"-8501388612308423319","potions_obtained":[{"floor":4,"key":"Swift Potion"},{"floor":7,"key":"Weak Potion"},{"floor":14,"key":"EssenceOfSteel"},{"floor":16,"key":"AttackPotion"},{"floor":22,"key":"GhostInAJar"},{"floor":24,"key":"FairyPotion"},{"floor":33,"key":"LiquidBronze"},{"floor":38,"key":"EssenceOfSteel"},{"floor":48,"key":"SpeedPotion"}],"is_trial":false,"path_per_floor":["M","?","M","M","M","R","E","$","T","T","R","?","M","M","R","B",null,"M","?","M","$","M","R","E","R","T","M","?","M","R","T","R","B",null,"M","M","M","M","$","R","$","R","T","R","?","R","?","M","R","B"],"character_chosen":"THE_SILENT","items_purchased":["Catalyst","Deadly Poison","Deadly Poison","Night Terror","Well Laid Plans","Escape Plan","Paper Crane","Deadly Poison"],"campfire_rested":2,"item_purchase_floors":[8,8,8,21,21,21,39,39],"current_hp_per_floor":[70,70,70,70,67,67,55,55,55,55,55,41,41,41,41,30,70,67,67,64,64,51,51,44,44,44,44,44,38,38,38,59,39,70,70,70,70,70,70,70,70,70,70,70,70,70,70,62,70,55],"gold":34,"neow_bonus":"RANDOM_COMMON_RELIC","is_prod":false,"is_daily":false,"chose_seed":false,"campfire_upgraded":10,"win_rate":0,"timestamp":1536085751,"path_taken":["M","?","M","M","M","R","E","$","T","?","R","?","M","M","R","BOSS","M","?","M","$","M","R","E","R","T","M","?","M","R","?","R","BOSS","M","M","M","?","$","R","$","R","T","R","?","R","?","M","R","BOSS"],"build_version":"2018-08-30","purchased_purges":1,"victory":true,"max_hp_per_floor":[70,70,70,70,70,70,70,70,70,70,70,70,70,70,70,70,70,70,70,70,70,70,70,70,70,70,70,70,70,70,70,70,70,70,70,70,70,70,70,70,70,70,70,70,70,70,70,70,70,70],"card_choices":[{"not_picked":["Acrobatics","Choke"],"picked":"Endless Agony","floor":1},{"not_picked":["Tactician","Dagger Throw"],"picked":"Catalyst","floor":3},{"not_picked":["Prepared","Tactician"],"picked":"Backstab","floor":4},{"not_picked":["Dagger Throw","Reflex"],"picked":"Cloak And Dagger","floor":5},{"not_picked":["Acrobatics","Dagger Throw"],"picked":"Sucker Punch","floor":7},{"not_picked":["Sucker Punch","PiercingWail"],"picked":"Leg Sweep","floor":13},{"not_picked":["Endless Agony","All Out Attack","Masterful Stab"],"picked":"SKIP","floor":14},{"not_picked":["Doppelganger","Storm of Steel"],"picked":"Die Die Die","floor":16},{"not_picked":["Deflect","Infinite Blades"],"picked":"Noxious Fumes","floor":18},{"not_picked":["Flying Knee","Bane","Dodge and Roll"],"picked":"SKIP","floor":20},{"not_picked":["Flying Knee","Cloak And Dagger","Prepared"],"picked":"SKIP","floor":22},{"not_picked":["Prepared","Reflex"],"picked":"Noxious Fumes","floor":24},{"not_picked":["All Out Attack+1","Caltrops+1","Blade Dance+1"],"picked":"SKIP","floor":27},{"not_picked":["Calculated Gamble","Slice+1"],"picked":"Backflip+1","floor":29},{"not_picked":["Unload","Storm of Steel"],"picked":"Burst","floor":33},{"not_picked":["Outmaneuver+1","Eviscerate+1","Setup"],"picked":"SKIP","floor":35},{"not_picked":["Deflect","Setup+1","Blur"],"picked":"SKIP","floor":36},{"not_picked":["Terror","Backflip"],"picked":"Crippling Poison","floor":37},{"not_picked":["Poisoned Stab+1","Noxious Fumes+1"],"picked":"Backflip+1","floor":38},{"not_picked":["Backflip","Outmaneuver+1","Deflect+1"],"picked":"SKIP","floor":48}],"player_experience":2616179,"relics_obtained":[{"floor":7,"key":"The Courier"},{"floor":9,"key":"Whetstone"},{"floor":10,"key":"Potion Belt"},{"floor":24,"key":"Anchor"},{"floor":26,"key":"Vajra"},{"floor":31,"key":"Snake Skull"},{"floor":43,"key":"Regal Pillow"}],"event_choices":[{"event_name":"The Cleric","player_choice":"Card Removal","floor":2,"damage_taken":0},{"event_name":"Shining Light","player_choice":"Entered Light","floor":12,"damage_taken":0},{"event_name":"Ghosts","player_choice":"Ignored","floor":19,"damage_taken":0},{"event_name":"WeMeetAgain","player_choice":"Card","floor":28,"damage_taken":0},{"event_name":"SecretPortal","player_choice":"Rejected Portal.","floor":45,"damage_taken":0},{"event_name":"Mysterious Sphere","player_choice":"Ignore","floor":47,"damage_taken":0}],"is_beta":false,"boss_relics":[{"not_picked":["WristBlade","Snecko Eye"],"picked":"Astrolabe"},{"not_picked":["HoveringKite","Ring of the Serpent"],"picked":"Philosopher\u0027s Stone"}],"items_purged_floors":[39],"is_endless":false,"potions_floor_spawned":[4,7,14,16,22,24,33,38,48],"ascension_level":2}