{"gold_per_floor":[117,130,305,305,317,317,342,352,401,31,48,58,58,70,70,172,172,187,187,187],"floor_reached":20,"playtime":716,"items_purged":["Strike_R"],"score":264,"play_id":"7c07e8d5-5fb7-4016-a4e7-1d420a25dadc","local_time":"20181222231152","is_ascension_mode":true,"campfire_choices":[{"data":"Rupture","floor":6,"key":"SMITH"},{"floor":15,"key":"REST"}],"neow_cost":"NONE","seed_source_timestamp":796581936840231,"circlet_count":0,"master_deck":["AscendersBane","Strike_R+1","Strike_R","Strike_R","Strike_R","Defend_R","Defend_R","Defend_R","Defend_R","Bash+1","Hemokinesis","Rupture+1","Doubt","Clothesline+1","True Grit","Rupture","Combust","Ghostly Armor","Whirlwind","Sword Boomerang","Reaper","Shrug It Off","Reaper","Shockwave"],"relics":["Burning Blood","Meat on the Bone","Dream Catcher","Whetstone","Ornamental Fan","Mark of Pain"],"potions_floor_usage":[7,7,16,16,20],"damage_taken":[{"damage":6,"enemies":"Cultist","floor":1,"turns":4},{"damage":14,"enemies":"2 Louse","floor":2,"turns":2},{"damage":12,"enemies":"Jaw Worm","floor":5,"turns":3},{"damage":46,"enemies":"3 Sentries","floor":7,"turns":8},{"damage":10,"enemies":"Red Slaver","floor":8,"turns":5},{"damage":13,"enemies":"3 Louse","floor":11,"turns":3},{"damage":19,"enemies":"Blue Slaver","floor":12,"turns":4},{"damage":22,"enemies":"Exordium Thugs","floor":14,"turns":5},{"damage":23,"enemies":"Slime Boss","floor":16,"turns":6},{"damage":46,"enemies":"Spheric Guardian","floor":18,"turns":6},{"damage":55,"enemies":"Masked Bandits","floor":20,"turns":3}],"seed_played":"3339059718130555888","potions_obtained":[{"floor":1,"key":"FearPotion"},{"floor":4,"key":"Fire Potion"},{"floor":4,"key":"Swift Potion"},{"floor":7,"key":"Weak Potion"},{"floor":16,"key":"Regen Potion"}],"is_trial":false,"path_per_floor":["M","M","?","?","M","R","E","M","T","$","M","M","T","M","R","B",null,"M","?","?"],"character_chosen":"IRONCLAD","items_purchased":["Whetstone","Combust","Ghostly Armor"],"campfire_rested":1,"item_purchase_floors":[10,10,10],"current_hp_per_floor":[72,64,64,64,58,58,18,26,26,26,31,30,30,26,50,45,71,43,28,0],"gold":187,"neow_bonus":"UPGRADE_CARD","is_prod":false,"is_daily":false,"chose_seed":false,"campfire_upgraded":1,"win_rate":0,"timestamp":1545538312,"path_taken":["M","M","?","?","M","R","E","?","T","$","M","M","?","?","R","BOSS","M","?","?"],"build_version":"2018-12-20","purchased_purges":1,"victory":false,"max_hp_per_floor":[80,80,80,80,80,80,80,80,80,80,80,80,80,80,80,80,80,80,85,85],"card_choices":[{"not_picked":["Evolve","Sword Boomerang"],"picked":"Hemokinesis","floor":1},{"not_picked":["Evolve","Warcry"],"picked":"Rupture","floor":2},{"not_picked":["Infernal Blade","Anger"],"picked":"Clothesline","floor":5},{"not_picked":["Heavy Blade","Anger"],"picked":"True Grit","floor":7},{"not_picked":["Berserk","True Grit"],"picked":"Rupture","floor":8},{"not_picked":["Heavy Blade","Pummel"],"picked":"Whirlwind","floor":11},{"not_picked":["Headbutt","Thunderclap"],"picked":"Sword Boomerang","floor":12},{"not_picked":["Armaments","Headbutt"],"picked":"Reaper","floor":14},{"not_picked":["Iron Wave","Warcry"],"picked":"Shrug It Off","floor":15},{"not_picked":["Feed","Demon Form"],"picked":"Reaper","floor":16},{"not_picked":["Dropkick","Corruption"],"picked":"Shockwave","floor":18}],"player_experience":422544,"relics_obtained":[{"floor":7,"key":"Meat on the Bone"},{"floor":9,"key":"Dream Catcher"},{"floor":13,"key":"Ornamental Fan"}],"event_choices":[{"damage_healed":0,"gold_gain":175,"player_choice":"AGREE","damage_taken":0,"max_hp_gain":0,"max_hp_loss":0,"event_name":"Liars Game","floor":3,"gold_loss":0,"cards_obtained":["Doubt"]},{"damage_healed":0,"gold_gain":0,"player_choice":"Got Potions","damage_taken":0,"max_hp_gain":0,"max_hp_loss":0,"event_name":"Lab","floor":4,"gold_loss":0},{"damage_healed":0,"gold_gain":0,"player_choice":"Shed Blood","damage_taken":20,"max_hp_gain":5,"max_hp_loss":0,"event_name":"Forgotten Altar","floor":19,"gold_loss":0},{"damage_healed":0,"gold_gain":0,"player_choice":"Fought Bandits","damage_taken":0,"max_hp_gain":0,"max_hp_loss":0,"event_name":"Masked Bandits","floor":20,"gold_loss":0}],"is_beta":false,"boss_relics":[{"not_picked":["Orrery","Empty Cage"],"picked":"Mark of Pain"}],"items_purged_floors":[10],"is_endless":false,"potions_floor_spawned":[1,5,7,16],"killed_by":"Masked Bandits","ascension_level":10}