{"gold_per_floor":[111,127,127,1,16,49,63,96,96,114,189,205,237,137,137,241,241,255,273,273,73,73,104,104,129,153,63,73,105,123,136,136,232,232,252,252,271,271,171,199,16,45,114,114,114,127,140,166,178,190],"floor_reached":51,"playtime":2978,"items_purged":["Defend_R","Strike_R","Defend_R","Defend_R"],"score":1096,"play_id":"41793065-01c5-4580-a809-f6c1f4b6e37e","local_time":"20190115153508","is_ascension_mode":true,"campfire_choices":[{"data":"Uppercut","floor":15,"key":"SMITH"},{"floor":32,"key":"REST"},{"floor":44,"key":"REST"},{"floor":49,"key":"REST"}],"neow_cost":"NONE","seed_source_timestamp":136739335412951,"circlet_count":0,"master_deck":["Strike_R","Strike_R+1","Strike_R","Defend_R","Bash","Inflame","Flame Barrier","Uppercut+1","Shrug It Off","Twin Strike","Shrug It Off","Sword Boomerang","Limit Break","Infernal Blade+1","Warcry+1","Flex+1","Metallicize","Twin Strike","Cleave","Reaper","Perfected Strike+1","Secret Technique","Battle Trance","Twin Strike+1","Inflame+1"],"relics":["Burning Blood","Thread and Needle","Bottled Lightning","Singing Bowl","Letter Opener","Fusion Hammer","Blue Candle","HandDrill","The Courier","Orichalcum","Bottled Tornado","Ancient Tea Set","Bronze Scales","Sozu","Blood Vial","Molten Egg 2","Darkstone Periapt","MawBank"],"potions_floor_usage":[6,8,16,18,25,33,50,50],"damage_taken":[{"damage":10,"enemies":"Small Slimes","floor":1,"turns":5},{"damage":1,"enemies":"Cultist","floor":2,"turns":3},{"damage":1,"enemies":"2 Louse","floor":5,"turns":3},{"damage":11,"enemies":"3 Sentries","floor":6,"turns":11},{"damage":1,"enemies":"Blue Slaver","floor":7,"turns":4},{"damage":15,"enemies":"Gremlin Nob","floor":8,"turns":5},{"damage":2,"enemies":"Exordium Thugs","floor":10,"turns":5},{"damage":0,"enemies":"Large Slime","floor":12,"turns":6},{"damage":28,"enemies":"3 Sentries","floor":13,"turns":8},{"damage":2,"enemies":"Slime Boss","floor":16,"turns":7},{"damage":22,"enemies":"2 Thieves","floor":18,"turns":4},{"damage":0,"enemies":"Chosen","floor":19,"turns":3},{"damage":30,"enemies":"Gremlin Leader","floor":23,"turns":6},{"damage":22,"enemies":"Book of Stabbing","floor":25,"turns":5},{"damage":0,"enemies":"3 Cultists","floor":28,"turns":4},{"damage":22,"enemies":"Gremlin Leader","floor":29,"turns":6},{"damage":0,"enemies":"Centurion and Healer","floor":30,"turns":4},{"damage":0,"enemies":"Sentry and Sphere","floor":31,"turns":3},{"damage":26,"enemies":"Automaton","floor":33,"turns":7},{"damage":12,"enemies":"3 Shapes","floor":35,"turns":5},{"damage":14,"enemies":"3 Darklings","floor":37,"turns":3},{"damage":12,"enemies":"Nemesis","floor":40,"turns":7},{"damage":12,"enemies":"Reptomancer","floor":42,"turns":5},{"damage":24,"enemies":"4 Shapes","floor":46,"turns":2},{"damage":5,"enemies":"Jaw Worm Horde","floor":47,"turns":3},{"damage":27,"enemies":"Giant Head","floor":48,"turns":6},{"damage":70,"enemies":"Donu and Deca","floor":50,"turns":7}],"seed_played":"7003444008848251649","potions_obtained":[{"floor":1,"key":"EssenceOfSteel"},{"floor":3,"key":"GamblersBrew"},{"floor":3,"key":"SteroidPotion"},{"floor":6,"key":"AttackPotion"},{"floor":10,"key":"SteroidPotion"},{"floor":12,"key":"Weak Potion"},{"floor":13,"key":"AttackPotion"},{"floor":19,"key":"Swift Potion"},{"floor":28,"key":"Weak Potion"},{"floor":31,"key":"EssenceOfSteel"},{"floor":33,"key":"Poison Potion"}],"is_trial":false,"path_per_floor":["M","M","?","$","M","E","M","E","T","M","?","M","E","$","R","B",null,"M","M","?","$","T","E","?","E","T","?","M","E","M","M","R","B",null,"M","?","M","?","$","E","$","E","T","R","?","M","M","E","R","B",null],"character_chosen":"IRONCLAD","items_purchased":["Shrug It Off","HandDrill","Battle Trance"],"campfire_rested":3,"item_purchase_floors":[4,21,41],"current_hp_per_floor":[68,73,73,73,78,73,78,69,69,75,75,81,61,61,61,65,79,63,69,69,69,69,47,47,31,31,31,37,21,29,35,61,41,76,70,70,88,88,88,92,92,92,92,92,87,87,89,70,91,39],"gold":202,"neow_bonus":"TRANSFORM_CARD","is_prod":false,"is_daily":false,"chose_seed":false,"campfire_upgraded":1,"win_rate":0,"timestamp":1547588108,"path_taken":["M","M","?","?","M","E","M","E","T","M","?","M","E","$","R","BOSS","M","M","?","$","?","E","?","E","T","?","M","E","M","?","R","BOSS","M","?","M","?","$","E","$","E","T","R","?","M","M","E","R","BOSS"],"build_version":"2019-01-10","purchased_purges":4,"victory":true,"max_hp_per_floor":[80,80,80,80,80,80,80,80,80,82,82,82,84,84,84,84,84,84,84,84,84,84,86,86,86,86,86,86,86,88,88,88,88,88,88,88,90,90,90,92,92,92,92,92,87,87,89,91,91,91],"card_choices":[{"not_picked":["Fire Breathing","Havoc"],"picked":"Flame Barrier","floor":1},{"not_picked":["Flex","Anger"],"picked":"Uppercut","floor":2},{"not_picked":["Havoc","Perfected Strike","Armaments"],"picked":"SKIP","floor":5},{"not_picked":["Metallicize","Headbutt"],"picked":"Twin Strike","floor":6},{"not_picked":["Thunderclap","Berserk","Twin Strike"],"picked":"SKIP","floor":7},{"not_picked":["Fire Breathing","Dual Wield"],"picked":"Shrug It Off","floor":8},{"not_picked":["Flex","Anger","Warcry"],"picked":"Singing Bowl","floor":10},{"not_picked":["Dual Wield","Body Slam"],"picked":"Sword Boomerang","floor":12},{"not_picked":["Wild Strike","Impervious","Iron Wave"],"picked":"Singing Bowl","floor":13},{"not_picked":["Demon Form","Offering"],"picked":"Limit Break","floor":16},{"not_picked":["Perfected Strike","Clash+1"],"picked":"Infernal Blade+1","floor":18},{"not_picked":["Rupture","Anger"],"picked":"Warcry+1","floor":19},{"not_picked":["Wild Strike+1","Anger","Power Through"],"picked":"Singing Bowl","floor":23},{"not_picked":["Evolve+1","Feed"],"picked":"Flex+1","floor":25},{"not_picked":["Iron Wave","Wild Strike+1"],"picked":"Metallicize","floor":28},{"not_picked":["Havoc","Rage+1"],"picked":"Twin Strike","floor":29},{"not_picked":["Pommel Strike","Flex+1","Barricade"],"picked":"Singing Bowl","floor":30},{"not_picked":["Second Wind","Twin Strike"],"picked":"Cleave","floor":31},{"not_picked":["Dark Embrace","Feed"],"picked":"Reaper","floor":33},{"not_picked":["Thunderclap+1","True Grit+1"],"picked":"Perfected Strike+1","floor":35},{"not_picked":["Rampage+1","Feel No Pain","Ghostly Armor"],"picked":"Singing Bowl","floor":37},{"not_picked":["Deep Breath","Impatience"],"picked":"Secret Technique","floor":38},{"not_picked":["Havoc","Warcry","Rampage+1"],"picked":"Singing Bowl","floor":40},{"not_picked":["Clothesline","Anger+1"],"picked":"Twin Strike","floor":42},{"not_picked":["Intimidate","Spot Weakness+1"],"picked":"Inflame+1","floor":46},{"not_picked":["Sword Boomerang+1","Feed+1","Cleave+1"],"picked":"Singing Bowl","floor":47},{"not_picked":["Entrench","Demon Form","Wild Strike+1"],"picked":"Singing Bowl","floor":48}],"player_experience":168710,"relics_obtained":[{"floor":6,"key":"Thread and Needle"},{"floor":8,"key":"Bottled Lightning"},{"floor":9,"key":"Singing Bowl"},{"floor":13,"key":"Letter Opener"},{"floor":22,"key":"The Courier"},{"floor":23,"key":"Orichalcum"},{"floor":25,"key":"Bottled Tornado"},{"floor":26,"key":"Ancient Tea Set"},{"floor":29,"key":"Bronze Scales"},{"floor":40,"key":"Blood Vial"},{"floor":42,"key":"Molten Egg 2"},{"floor":43,"key":"Darkstone Periapt"},{"floor":48,"key":"MawBank"}],"event_choices":[{"damage_healed":0,"gold_gain":0,"player_choice":"Got Potions","damage_taken":0,"max_hp_gain":0,"max_hp_loss":0,"event_name":"Lab","floor":3,"gold_loss":0},{"damage_healed":0,"gold_gain":75,"player_choice":"Gained Gold","damage_taken":0,"max_hp_gain":0,"max_hp_loss":0,"event_name":"Golden Wing","floor":11,"gold_loss":0},{"damage_healed":0,"gold_gain":0,"player_choice":"Gave Potion","damage_taken":0,"relics_obtained":["Blue Candle"],"max_hp_gain":0,"max_hp_loss":0,"event_name":"WeMeetAgain","floor":20,"gold_loss":0},{"damage_healed":0,"gold_gain":0,"player_choice":"Smashed Altar","damage_taken":0,"max_hp_gain":0,"max_hp_loss":0,"event_name":"Forgotten Altar","floor":24,"gold_loss":0,"cards_obtained":["Decay"]},{"cards_removed":["Decay"],"damage_healed":0,"gold_gain":0,"player_choice":"Upgrade and Remove","damage_taken":0,"max_hp_gain":0,"max_hp_loss":0,"event_name":"Designer","floor":27,"gold_loss":90,"cards_upgraded":["Strike_R"]},{"damage_healed":0,"gold_gain":0,"player_choice":"Ignored","damage_taken":0,"max_hp_gain":0,"max_hp_loss":0,"event_name":"Tomb of Lord Red Mask","floor":36,"gold_loss":0},{"damage_healed":0,"gold_gain":0,"player_choice":"Memory 1","damage_taken":0,"max_hp_gain":0,"max_hp_loss":0,"event_name":"SensoryStone","floor":38,"gold_loss":0},{"damage_healed":0,"gold_gain":0,"player_choice":"Max HP","damage_taken":0,"max_hp_gain":0,"max_hp_loss":5,"event_name":"Winding Halls","floor":45,"gold_loss":0}],"is_beta":false,"boss_relics":[{"not_picked":["Calling Bell","Tiny House"],"picked":"Fusion Hammer"},{"not_picked":["Runic Cube","Pandora\u0027s Box"],"picked":"Sozu"}],"items_purged_floors":[4,14,39,41],"is_endless":false,"potions_floor_spawned":[1,6,10,12,13,19,28,31,33,35,42,46],"ascension_level":8}