{"gold_per_floor":[112,129,129,142,160,160,185,185,185,198,198,198,228,246,246,246],"floor_reached":16,"playtime":458,"items_purged":[],"score":134,"play_id":"9ab9a3b0-9817-4e26-a6a5-a05280c55df5","local_time":"20181222134930","is_ascension_mode":true,"campfire_choices":[{"data":"Dash","floor":6,"key":"SMITH"},{"floor":8,"key":"RECALL"},{"data":"Deadly Poison","floor":12,"key":"SMITH"},{"floor":15,"key":"REST"}],"neow_cost":"NONE","seed_source_timestamp":411774643518000,"circlet_count":0,"master_deck":["Defend_G","Defend_G","Defend_G","Defend_G","Defend_G","Strike_G","Strike_G","Strike_G","Strike_G","Strike_G","Survivor","Neutralize","Dash+1","Deadly Poison+1","Deflect","Leg Sweep","Catalyst"],"relics":["Ring of the Snake","NeowsBlessing","FaceOfCleric","Bronze Scales","Dream Catcher","Mummified Hand"],"potions_floor_usage":[7,7,16,16,16,16],"damage_taken":[{"damage":0,"enemies":"Cultist","floor":1,"turns":1},{"damage":0,"enemies":"2 Louse","floor":2,"turns":1},{"damage":0,"enemies":"Jaw Worm","floor":4,"turns":1},{"damage":4,"enemies":"3 Louse","floor":5,"turns":4},{"damage":4,"enemies":"Lagavulin","floor":7,"turns":5},{"damage":0,"enemies":"Exordium Wildlife","floor":10,"turns":3},{"damage":37,"enemies":"Gremlin Nob","floor":13,"turns":4},{"damage":11,"enemies":"2 Fungi Beasts","floor":14,"turns":3},{"damage":66,"enemies":"Slime Boss","floor":16,"turns":9}],"seed_played":"-3674072323406472562","potions_obtained":[{"floor":2,"key":"SneckoOil"},{"floor":4,"key":"Weak Potion"},{"floor":5,"key":"AttackPotion"},{"floor":13,"key":"EntropicBrew"}],"is_trial":false,"path_per_floor":["M","M","?","M","M","R","E","R","T","M","?","R","E","M","R","B"],"character_chosen":"THE_SILENT","items_purchased":[],"campfire_rested":1,"item_purchase_floors":[],"current_hp_per_floor":[70,70,70,71,68,68,65,65,65,66,71,71,35,25,49,0],"gold":246,"neow_bonus":"THREE_ENEMY_KILL","is_prod":false,"is_daily":false,"chose_seed":false,"campfire_upgraded":2,"win_rate":0,"timestamp":1545482970,"path_taken":["M","?","?","M","?","R","E","R","T","?","?","R","E","M","R","BOSS"],"build_version":"2018-12-20","purchased_purges":0,"victory":false,"max_hp_per_floor":[70,70,70,71,72,72,73,73,73,74,79,79,80,81,81,81],"card_choices":[{"not_picked":["Deadly Poison","Cloak And Dagger"],"picked":"Dash","floor":1},{"not_picked":["Sucker Punch","Slice","Blade Dance"],"picked":"SKIP","floor":2},{"not_picked":["Setup","Poisoned Stab"],"picked":"Deadly Poison","floor":4},{"not_picked":["Quick Slash","Deadly Poison","Riddle With Holes"],"picked":"SKIP","floor":5},{"not_picked":["Backflip","Setup","Sucker Punch"],"picked":"SKIP","floor":7},{"not_picked":["Crippling Poison","Expertise"],"picked":"Deflect","floor":10},{"not_picked":["Deflect","Phantasmal Killer"],"picked":"Leg Sweep","floor":13},{"not_picked":["Poisoned Stab","Eviscerate","PiercingWail"],"picked":"SKIP","floor":14},{"not_picked":["Flechettes","Underhanded Strike"],"picked":"Catalyst","floor":15}],"player_experience":812094,"relics_obtained":[{"floor":7,"key":"Bronze Scales"},{"floor":9,"key":"Dream Catcher"},{"floor":13,"key":"Mummified Hand"}],"event_choices":[{"damage_healed":0,"gold_gain":0,"player_choice":"Trade","damage_taken":0,"relics_obtained":["FaceOfCleric"],"max_hp_gain":0,"max_hp_loss":0,"event_name":"FaceTrader","floor":3,"gold_loss":0},{"damage_healed":0,"gold_gain":0,"player_choice":"Donut","damage_taken":0,"max_hp_gain":5,"max_hp_loss":0,"event_name":"Big Fish","floor":11,"gold_loss":0}],"is_beta":false,"boss_relics":[],"items_purged_floors":[],"is_endless":false,"potions_floor_spawned":[2,4,5,13],"killed_by":"Slime Boss","ascension_level":4}