{"gold_per_floor":[113,113,130,146,96,96,129,129,129,204,6,6,6,25,25,25],"floor_reached":16,"playtime":422,"items_purged":[],"score":167,"play_id":"43dcf1fc-22fd-4a05-ad8f-6c6a10d0dd07","local_time":"20190116225802","is_ascension_mode":true,"campfire_choices":[{"data":"Fusion","floor":6,"key":"SMITH"},{"floor":8,"key":"REST"},{"floor":12,"key":"REST"},{"data":"Zap","floor":15,"key":"SMITH"}],"neow_cost":"NONE","seed_source_timestamp":450399177032162,"circlet_count":0,"master_deck":["AscendersBane","Strike_B","Strike_B","Defend_B","Defend_B","Defend_B","Defend_B","Zap+1","Dualcast","Skim","Redo","Fusion+1","Redo","Cold Snap"],"relics":["Cracked Core","Sundial","Letter Opener","Runic Capacitor"],"potions_floor_usage":[7,16,16],"damage_taken":[{"damage":5,"enemies":"Small Slimes","floor":1,"turns":5},{"damage":0,"enemies":"2 Louse","floor":3,"turns":3},{"damage":1,"enemies":"Cultist","floor":4,"turns":3},{"damage":37,"enemies":"Lagavulin","floor":7,"turns":8},{"damage":17,"enemies":"Lots of Slimes","floor":14,"turns":2},{"damage":37,"enemies":"The Guardian","floor":16,"turns":6}],"seed_played":"-6395827717429399195","potions_obtained":[{"floor":0,"key":"SmokeBomb"},{"floor":0,"key":"FocusPotion"},{"floor":3,"key":"LiquidBronze"},{"floor":14,"key":"Explosive Potion"}],"is_trial":false,"path_per_floor":["M","?","M","M","?","R","E","R","T","?","$","R","?","M","R","B"],"character_chosen":"DEFECT","items_purchased":["Runic Capacitor"],"campfire_rested":2,"item_purchase_floors":[11],"current_hp_per_floor":[59,59,59,58,58,58,21,42,42,31,31,52,52,35,35,0],"gold":25,"neow_bonus":"THREE_SMALL_POTIONS","is_prod":false,"is_daily":false,"chose_seed":false,"campfire_upgraded":2,"win_rate":0,"timestamp":1547697482,"path_taken":["M","?","M","M","?","R","E","R","T","?","$","R","?","?","R","BOSS"],"build_version":"2019-01-10","purchased_purges":0,"victory":false,"max_hp_per_floor":[71,71,71,71,71,71,71,71,71,71,71,71,71,71,71,71],"card_choices":[{"not_picked":["Stack","Coolheaded"],"picked":"Skim","floor":1},{"not_picked":["Chaos","Coolheaded"],"picked":"Redo","floor":3},{"not_picked":["Tempest","Darkness"],"picked":"Fusion","floor":4},{"not_picked":["Undo","Leap"],"picked":"Redo","floor":7},{"not_picked":["Force Field","Amplify"],"picked":"Cold Snap","floor":14}],"player_experience":503890,"relics_obtained":[{"floor":7,"key":"Sundial"},{"floor":9,"key":"Letter Opener"}],"event_choices":[{"damage_healed":0,"gold_gain":0,"player_choice":"Ignored","damage_taken":0,"max_hp_gain":0,"max_hp_loss":0,"event_name":"Liars Game","floor":2,"gold_loss":0},{"cards_removed":["Strike_B"],"damage_healed":0,"gold_gain":0,"player_choice":"Card Removal","damage_taken":0,"max_hp_gain":0,"max_hp_loss":0,"event_name":"The Cleric","floor":5,"gold_loss":50},{"damage_healed":0,"gold_gain":75,"player_choice":"Gather Gold","damage_taken":11,"max_hp_gain":0,"max_hp_loss":0,"event_name":"World of Goop","floor":10,"gold_loss":0},{"cards_removed":["Strike_B"],"damage_healed":0,"gold_gain":0,"player_choice":"Purged","damage_taken":0,"max_hp_gain":0,"max_hp_loss":0,"event_name":"Purifier","floor":13,"gold_loss":0}],"is_beta":false,"boss_relics":[],"items_purged_floors":[],"is_endless":false,"potions_floor_spawned":[3,14],"killed_by":"The Guardian","ascension_level":14}