{"gold_per_floor":[111,111,12,12,12,12,12,23,23,23,23,40,53,77,77,77],"floor_reached":16,"playtime":517,"items_purged":["Choke"],"score":88,"play_id":"e8a0dd7a-fd34-464f-a246-4d12dab0fbdd","local_time":"20181214185402","daily_mods":["SealedDeck","Heirloom","Flight"],"is_ascension_mode":false,"campfire_choices":[{"data":"Well Laid Plans","floor":6,"key":"SMITH"},{"data":"Acrobatics","floor":15,"key":"SMITH"}],"neow_cost":"","seed_source_timestamp":89132793809488,"circlet_count":0,"master_deck":["Deflect","Acrobatics+1","Quick Slash","Endless Agony","Well Laid Plans+1","Sucker Punch","Heel Hook","Underhanded Strike","Reflex+1","Expertise+1"],"relics":["Unceasing Top","Nunchaku","Gambling Chip","Toxic Egg 2","Odd Mushroom"],"potions_floor_usage":[],"damage_taken":[{"damage":0,"enemies":"Cultist","floor":1,"turns":3},{"damage":4,"enemies":"Jaw Worm","floor":8,"turns":2},{"damage":0,"enemies":"2 Louse","floor":12,"turns":1},{"damage":0,"enemies":"2 Fungi Beasts","floor":13,"turns":2},{"damage":5,"enemies":"The Mushroom Lair","floor":14,"turns":3},{"damage":0,"enemies":"Hexaghost","floor":16,"turns":2}],"seed_played":"-6577468749050679297","potions_obtained":[{"floor":8,"key":"Weak Potion"},{"floor":12,"key":"FairyPotion"},{"floor":13,"key":"SteroidPotion"}],"is_trial":true,"path_per_floor":["M","T","$","?","?","R","?","M","T","$","?","M","M","?","R","B"],"character_chosen":"THE_SILENT","items_purchased":["Underhanded Strike"],"campfire_rested":0,"item_purchase_floors":[3],"current_hp_per_floor":[70,70,70,63,63,63,68,64,64,64,64,64,64,59,59,59],"gold":77,"neow_bonus":"","is_prod":false,"is_daily":false,"chose_seed":false,"campfire_upgraded":2,"win_rate":0,"timestamp":1544831642,"path_taken":["M","?","$","?","?","R","?","?","T","?","?","M","?","?","R","BOSS"],"build_version":"2018-12-13","purchased_purges":1,"victory":false,"max_hp_per_floor":[70,70,70,70,70,70,75,75,75,75,75,75,75,75,75,75],"card_choices":[{"not_picked":["Riddle With Holes","Poisoned Stab","Sucker Punch"],"picked":"SKIP","floor":1},{"not_picked":["Masterful Stab","Flying Knee","Bane"],"picked":"SKIP","floor":8},{"not_picked":["Dagger Spray","Dagger Throw"],"picked":"Expertise+1","floor":12},{"not_picked":["Outmaneuver+1","Noxious Fumes","Sucker Punch"],"picked":"SKIP","floor":13}],"player_experience":394329,"relics_obtained":[{"floor":2,"key":"Gambling Chip"},{"floor":9,"key":"Toxic Egg 2"},{"floor":14,"key":"Odd Mushroom"}],"event_choices":[{"cards_removed":["Outmaneuver"],"damage_healed":0,"gold_gain":0,"player_choice":"Card Removal","damage_taken":7,"max_hp_gain":0,"max_hp_loss":0,"event_name":"Golden Wing","floor":4,"gold_loss":0},{"damage_healed":0,"gold_gain":0,"player_choice":"Ignored","damage_taken":0,"max_hp_gain":0,"max_hp_loss":0,"event_name":"Liars Game","floor":5,"gold_loss":0},{"damage_healed":0,"gold_gain":0,"player_choice":"Donut","damage_taken":0,"max_hp_gain":5,"max_hp_loss":0,"event_name":"Big Fish","floor":7,"gold_loss":0},{"damage_healed":0,"gold_gain":0,"cards_transformed":["Outmaneuver"],"player_choice":"Transformed","damage_taken":0,"max_hp_gain":0,"max_hp_loss":0,"event_name":"Transmorgrifier","floor":11,"gold_loss":0,"cards_obtained":["Reflex"]},{"damage_healed":0,"gold_gain":0,"player_choice":"Fought Mushrooms","damage_taken":0,"max_hp_gain":0,"max_hp_loss":0,"event_name":"Mushrooms","floor":14,"gold_loss":0}],"is_beta":false,"boss_relics":[],"items_purged_floors":[3],"is_endless":false,"potions_floor_spawned":[8,12,13],"killed_by":"Hexaghost","ascension_level":0}