{"gold_per_floor":[110,120,132,145,145,145,177,177,177,31,42,42,74,93,93,188,188,200,200,200,200,216,131,131,81,81,81,31,31,31,46,46,142,142,152,71,90,28,40,40,58,58,58,58,78,107,118,3,3,3],"floor_reached":51,"playtime":2278,"items_purged":["Strike_R","Strike_R","Defend_R","Defend_R"],"score":685,"play_id":"c972668f-a936-4fc7-8ffc-423d54be6553","local_time":"20190211013950","is_ascension_mode":false,"campfire_choices":[{"data":"Heavy Blade","floor":6,"key":"SMITH"},{"data":"Inflame","floor":8,"key":"SMITH"},{"data":"Inflame","floor":15,"key":"SMITH"},{"floor":24,"key":"DIG"},{"floor":27,"key":"DIG"},{"floor":29,"key":"DIG"},{"floor":32,"key":"REST"},{"floor":42,"key":"REST"},{"floor":44,"key":"DIG"},{"floor":49,"key":"DIG"}],"neow_cost":"NONE","seed_source_timestamp":12151255054500,"circlet_count":0,"master_deck":["Defend_R","Defend_R","Bash+1","Inflame+1","Inflame+1","Heavy Blade+1","Metallicize","Inflame","Reaper+1","Heavy Blade","Double Tap","Metallicize","Whirlwind+1","Metallicize","Heavy Blade+1","Whirlwind"],"relics":["Burning Blood","Orichalcum","Ancient Tea Set","Potion Belt","Vajra","The Courier","Lizard Tail","Shovel","Smiling Mask","Red Skull","Oddly Smooth Stone","Whetstone","Busted Crown","Prayer Wheel","Boot","Omamori","Self Forming Clay"],"potions_floor_usage":[3,4,16,18,22,37,45,46,47,50],"damage_taken":[{"damage":7,"enemies":"Small Slimes","floor":1,"turns":5},{"damage":4,"enemies":"Cultist","floor":2,"turns":4},{"damage":1,"enemies":"2 Louse","floor":3,"turns":2},{"damage":10,"enemies":"Large Slime","floor":4,"turns":4},{"damage":18,"enemies":"3 Sentries","floor":7,"turns":8},{"damage":0,"enemies":"2 Fungi Beasts","floor":11,"turns":3},{"damage":5,"enemies":"Gremlin Nob","floor":13,"turns":3},{"damage":3,"enemies":"3 Louse","floor":14,"turns":3},{"damage":34,"enemies":"Hexaghost","floor":16,"turns":5},{"damage":32,"enemies":"3 Byrds","floor":18,"turns":5},{"damage":13,"enemies":"Shell Parasite","floor":22,"turns":5},{"damage":9,"enemies":"Shelled Parasite and Fungi","floor":31,"turns":4},{"damage":121,"enemies":"Automaton","floor":33,"turns":11},{"damage":13,"enemies":"Orb Walker","floor":35,"turns":3},{"damage":16,"enemies":"3 Shapes","floor":37,"turns":4},{"damage":34,"enemies":"Jaw Worm Horde","floor":39,"turns":4},{"damage":13,"enemies":"4 Shapes","floor":41,"turns":2},{"damage":15,"enemies":"Sphere and 2 Shapes","floor":45,"turns":4},{"damage":27,"enemies":"Reptomancer","floor":46,"turns":4},{"damage":1,"enemies":"Jaw Worm Horde","floor":47,"turns":2},{"damage":47,"enemies":"Time Eater","floor":50,"turns":7}],"seed_played":"2885431497265927158","potions_obtained":[{"floor":1,"key":"Energy Potion"},{"floor":3,"key":"Strength Potion"},{"floor":7,"key":"Energy Potion"},{"floor":16,"key":"SteroidPotion"},{"floor":18,"key":"SkillPotion"},{"floor":33,"key":"Explosive Potion"},{"floor":41,"key":"Regen Potion"},{"floor":45,"key":"Dexterity Potion"},{"floor":46,"key":"BloodPotion"},{"floor":47,"key":"Weak Potion"}],"is_trial":false,"path_per_floor":["M","M","M","M","?","R","E","R","T","$","M","?","E","M","R","B",null,"M","?","?","?","M","?","R","$","T","R","$","R","?","M","R","B",null,"M","$","M","$","M","?","M","R","T","R","M","E","M","$","R","B",null],"character_chosen":"IRONCLAD","items_purchased":["Vajra","Metallicize","Metallicize","Whirlwind"],"campfire_rested":2,"item_purchase_floors":[10,36,38,48],"current_hp_per_floor":[79,80,80,76,76,76,64,64,64,64,70,70,71,74,74,46,80,77,62,62,62,66,66,66,66,66,66,66,66,66,63,85,32,85,78,78,68,68,40,40,33,58,58,58,85,64,77,77,77,50],"gold":3,"neow_bonus":"RANDOM_COMMON_RELIC","is_prod":false,"is_daily":false,"chose_seed":false,"campfire_upgraded":3,"win_rate":0.0,"timestamp":1549877990,"path_taken":["M","M","M","M","?","R","E","R","T","$","?","?","E","M","R","BOSS","M","?","?","?","M","?","R","$","T","R","$","R","?","M","R","BOSS","M","$","M","$","M","?","M","R","T","R","M","E","M","$","R","BOSS"],"build_version":"2019-01-23","purchased_purges":4,"victory":true,"max_hp_per_floor":[80,80,80,80,80,80,80,80,80,80,80,80,80,80,80,80,80,80,85,85,85,85,85,85,85,85,85,85,85,85,85,85,85,85,85,85,85,85,85,85,85,85,85,85,85,85,85,85,85,85],"card_choices":[{"not_picked":["Wild Strike","Hemokinesis"],"picked":"Inflame","floor":1},{"not_picked":["Seeing Red","Armaments"],"picked":"Inflame","floor":2},{"not_picked":["Sword Boomerang","Infernal Blade"],"picked":"Heavy Blade","floor":3},{"not_picked":["Clash","Anger","Warcry"],"picked":"SKIP","floor":4},{"not_picked":["Anger","Berserk"],"picked":"Metallicize","floor":7},{"not_picked":["Rage","Corruption"],"picked":"Inflame","floor":11},{"not_picked":["Hemokinesis","Warcry","Perfected Strike"],"picked":"SKIP","floor":13},{"not_picked":["Rupture","Anger","Clash"],"picked":"SKIP","floor":14},{"not_picked":["Offering","Juggernaut"],"picked":"Reaper","floor":16},{"not_picked":["Anger","Pommel Strike+1","Rage"],"picked":"SKIP","floor":18},{"not_picked":["Armaments","Fire Breathing","Carnage"],"picked":"SKIP","floor":22},{"not_picked":["Feel No Pain","Dropkick"],"picked":"Heavy Blade","floor":31},{"not_picked":["Juggernaut","Barricade"],"picked":"Double Tap","floor":33},{"not_picked":["True Grit+1"],"picked":"SKIP","floor":35},{"not_picked":[],"picked":"Whirlwind+1","floor":37},{"not_picked":["Bloodletting+1"],"picked":"SKIP","floor":39},{"not_picked":["Twin Strike+1"],"picked":"SKIP","floor":41},{"not_picked":[],"picked":"Heavy Blade+1","floor":45},{"not_picked":["Wild Strike"],"picked":"SKIP","floor":45},{"not_picked":["Rupture+1"],"picked":"SKIP","floor":46},{"not_picked":["Feel No Pain+1"],"picked":"SKIP","floor":47},{"not_picked":["Ghostly Armor"],"picked":"SKIP","floor":47}],"player_experience":119171,"relics_obtained":[{"floor":7,"key":"Ancient Tea Set"},{"floor":9,"key":"Potion Belt"},{"floor":13,"key":"The Courier"},{"floor":24,"key":"Smiling Mask"},{"floor":26,"key":"Red Skull"},{"floor":27,"key":"Oddly Smooth Stone"},{"floor":29,"key":"Whetstone"},{"floor":43,"key":"Prayer Wheel"},{"floor":44,"key":"Boot"},{"floor":46,"key":"Omamori"},{"floor":49,"key":"Self Forming Clay"}],"event_choices":[{"cards_removed":["Strike_R"],"damage_healed":0,"gold_gain":0,"player_choice":"Purged","damage_taken":0,"max_hp_gain":0,"max_hp_loss":0,"event_name":"Purifier","floor":5,"gold_loss":0},{"cards_removed":["Strike_R"],"damage_healed":0,"gold_gain":0,"player_choice":"Forget","damage_taken":0,"max_hp_gain":0,"max_hp_loss":0,"event_name":"Living Wall","floor":12,"gold_loss":0},{"damage_healed":0,"gold_gain":0,"player_choice":"Shed Blood","damage_taken":20,"max_hp_gain":5,"max_hp_loss":0,"event_name":"Forgotten Altar","floor":19,"gold_loss":0},{"damage_healed":0,"gold_gain":0,"player_choice":"Ignored","damage_taken":0,"max_hp_gain":0,"max_hp_loss":0,"event_name":"Ghosts","floor":20,"gold_loss":0},{"cards_removed":["Strike_R"],"damage_healed":0,"gold_gain":0,"player_choice":"Elegance","damage_taken":0,"max_hp_gain":0,"max_hp_loss":0,"event_name":"Back to Basics","floor":21,"gold_loss":0},{"damage_healed":0,"gold_gain":0,"player_choice":"Obtained Relic","damage_taken":0,"relics_obtained":["Shovel"],"max_hp_gain":0,"max_hp_loss":0,"event_name":"Addict","floor":23,"gold_loss":85},{"damage_healed":0,"gold_gain":0,"player_choice":"Ignored","damage_taken":0,"max_hp_gain":0,"max_hp_loss":0,"event_name":"Vampires","floor":30,"gold_loss":0},{"damage_healed":0,"gold_gain":0,"player_choice":"Memory 1","damage_taken":0,"max_hp_gain":0,"max_hp_loss":0,"event_name":"SensoryStone","floor":40,"gold_loss":0}],"is_beta":false,"boss_relics":[{"not_picked":["Philosopher\u0027s Stone","Pandora\u0027s Box"],"picked":"Lizard Tail"},{"not_picked":["White Beast Statue","Orrery"],"picked":"Busted Crown"}],"items_purged_floors":[25,28,36,48],"is_endless":false,"potions_floor_spawned":[1,3,7,16,18,33,41,45,46,47],"ascension_level":0}