{"gold_per_floor":[20,40,40,58,82,125,125,161,161,161,184,184,184,130,130,249,249,274,47,63,0,0,40,40,80,80,80,115,115,155,70,70,189,189,210,210,210,160,184,184,218,218,218,249,273,18,54,54,54,54],"floor_reached":51,"playtime":2705,"items_purged":["Strike_G","Parasite","Regret"],"score":1249,"play_id":"22315b1b-a01a-4d27-8762-689110681e7c","local_time":"20190201171159","is_ascension_mode":true,"campfire_choices":[{"data":"Footwork","floor":7.0,"key":"SMITH"},{"floor":12.0,"key":"REST"},{"data":"Neutralize","floor":15.0,"key":"SMITH"},{"data":"Cloak And Dagger","floor":24.0,"key":"SMITH"},{"floor":27.0,"key":"REST"},{"floor":32.0,"key":"REST"},{"data":"Accuracy","floor":40.0,"key":"SMITH"},{"data":"Blade Dance","floor":42.0,"key":"SMITH"},{"data":"A Thousand Cuts","floor":49,"key":"SMITH"}],"neow_cost":"NO_GOLD","seed_source_timestamp":47870728685983,"circlet_count":0,"master_deck":["AscendersBane","Defend_G","Defend_G","Defend_G","Defend_G","Strike_G","Strike_G","Survivor","Neutralize+1","Cloak And Dagger+1","Poisoned Stab","Footwork+1","Predator","PiercingWail","Infinite Blades","Accuracy+1","Cloak And Dagger+1","Backflip","Cloak And Dagger+1","Distraction+1","A Thousand Cuts+1","Expertise+1","Master of Strategy","Well Laid Plans+1","Blade Dance+1","Finisher+1","Backflip"],"special_seed":0,"relics":["Ring of the Snake","Golden Idol","Vajra","Bag of Marbles","Shuriken","Darkstone Periapt","Cursed Key","Question Card","Tingsha","Smiling Mask","Bronze Scales","Letter Opener","Happy Flower","HoveringKite","Centennial Puzzle","Lantern","Pantograph","Potion Belt","Ninja Scroll"],"potions_floor_usage":[50,50],"damage_taken":[{"damage":0.0,"enemies":"Small Slimes","floor":1.0,"turns":5.0},{"damage":1.0,"enemies":"2 Louse","floor":2.0,"turns":4.0},{"damage":0.0,"enemies":"Cultist","floor":4.0,"turns":4.0},{"damage":3.0,"enemies":"2 Fungi Beasts","floor":5.0,"turns":4.0},{"damage":20.0,"enemies":"Gremlin Nob","floor":6.0,"turns":4.0},{"damage":28.0,"enemies":"Lagavulin","floor":8.0,"turns":8.0},{"damage":6.0,"enemies":"Looter","floor":11.0,"turns":4.0},{"damage":6.0,"enemies":"The Guardian","floor":16.0,"turns":11.0},{"damage":0.0,"enemies":"Chosen","floor":18.0,"turns":4.0},{"damage":0.0,"enemies":"3 Byrds","floor":20.0,"turns":5.0},{"damage":9.0,"enemies":"Slavers","floor":23.0,"turns":6.0},{"damage":24.0,"enemies":"Book of Stabbing","floor":25.0,"turns":5.0},{"damage":13.0,"enemies":"Gremlin Leader","floor":28.0,"turns":6.0},{"damage":11.0,"enemies":"Slavers","floor":30.0,"turns":5.0},{"damage":24.0,"enemies":"Collector","floor":33.0,"turns":8.0},{"damage":0.0,"enemies":"Orb Walker","floor":35.0,"turns":3.0},{"damage":0.0,"enemies":"3 Shapes","floor":39.0,"turns":2.0},{"damage":1.0,"enemies":"Nemesis","floor":41.0,"turns":7.0},{"damage":29.0,"enemies":"Reptomancer","floor":44.0,"turns":4.0},{"damage":2,"enemies":"3 Darklings","floor":45,"turns":3},{"damage":1,"enemies":"Giant Head","floor":47,"turns":5},{"damage":39,"enemies":"Time Eater","floor":50,"turns":7}],"seed_played":"-16752415427483999","potions_obtained":[{"floor":2.0,"key":"Strength Potion"},{"floor":5.0,"key":"Weak Potion"},{"floor":8.0,"key":"Strength Potion"},{"floor":11.0,"key":"Block Potion"},{"floor":23.0,"key":"Strength Potion"},{"floor":25.0,"key":"Ancient Potion"},{"floor":33.0,"key":"FearPotion"}],"is_trial":false,"path_per_floor":["M","M","?","M","M","E","R","E","T","?","M","R","?","?","R","B",null,"M","$","M","?","?","E","R","E","T","R","E","?","E","?","R","B",null,"M","?","?","$","M","R","E","R","T","E","M","$","E","?","R","B",null],"character_chosen":"THE_SILENT","items_purchased":["Cloak And Dagger","Flash of Steel","Potion Belt","Energy Potion"],"campfire_rested":3,"item_purchase_floors":[19,19,46,46],"current_hp_per_floor":[63,62,62,62,59,39,39,11,11,11,5,24,24,24,24,18,53,53,53,53,53,53,44,44,20,26,47,34,34,23,23,44,20,58,58,58,58,58,58,58,57,57,63,34,32,32,31,31,31,17],"gold":54,"neow_bonus":"REMOVE_TWO","is_prod":false,"is_daily":false,"chose_seed":false,"campfire_upgraded":6,"win_rate":0,"timestamp":1549062719,"path_taken":["M","M","?","M","M","E","R","E","T","?","M","R","?","?","R","BOSS","M","$","?","?","?","E","R","E","T","R","E","?","E","?","R","BOSS","M","?","?","?","M","R","E","R","T","E","?","$","E","?","R","BOSS"],"build_version":"2019-01-23","purchased_purges":3,"victory":true,"max_hp_per_floor":[70,70,65,65,65,65,65,65,65,65,65,65,65,65,65,65,65,65,65,65,65,65,65,65,65,71,71,71,71,71,71,71,71,71,71,71,71,68,68,68,68,68,74,74,74,74,74,74,74,74],"card_choices":[{"not_picked":["Endless Agony","Deflect"],"picked":"Cloak And Dagger","floor":1.0},{"not_picked":["Underhanded Strike","Flechettes"],"picked":"Poisoned Stab","floor":2.0},{"not_picked":["Catalyst","Flying Knee"],"picked":"Footwork","floor":4.0},{"not_picked":["Deflect","Poisoned Stab"],"picked":"Predator","floor":5.0},{"not_picked":["Outmaneuver","Bane"],"picked":"PiercingWail","floor":6.0},{"not_picked":["Tactician","Heel Hook"],"picked":"Infinite Blades","floor":8.0},{"not_picked":["Tactician","Underhanded Strike","Endless Agony"],"picked":"SKIP","floor":11.0},{"not_picked":["PiercingWail+1","Dodge and Roll"],"picked":"Accuracy","floor":18.0},{"not_picked":["Heel Hook","Outmaneuver"],"picked":"Backflip","floor":20.0},{"not_picked":["Acrobatics","Poisoned Stab","Venomology"],"picked":"SKIP","floor":23.0},{"not_picked":["Finisher","Backflip","Terror"],"picked":"Cloak And Dagger+1","floor":25.0},{"not_picked":["Poisoned Stab","Cloak And Dagger","PiercingWail","Deadly Poison"],"picked":"SKIP","floor":28.0},{"not_picked":["Tactician","Sucker Punch","Predator+1"],"picked":"Distraction+1","floor":30.0},{"not_picked":["Venomology","Grand Finale","Doppelganger"],"picked":"A Thousand Cuts","floor":33.0},{"not_picked":["Tactician","Leg Sweep","Terror+1"],"picked":"Expertise+1","floor":35.0},{"not_picked":["Forethought","Panache","Blind"],"picked":"Master of Strategy","floor":37.0},{"not_picked":["Deadly Poison+1","Predator","Dagger Spray"],"picked":"Well Laid Plans+1","floor":39.0},{"not_picked":["Slice","Skewer","Quick Slash"],"picked":"Blade Dance","floor":41.0},{"not_picked":["Deadly Poison+1","Bouncing Flask","Sucker Punch"],"picked":"Finisher+1","floor":44.0},{"not_picked":["Outmaneuver+1","Blur","Terror"],"picked":"Backflip","floor":45},{"not_picked":["Blade Dance+1","Prepared","Dagger Throw+1","Underhanded Strike+1"],"picked":"SKIP","floor":47}],"player_experience":239499,"relics_obtained":[{"floor":6.0,"key":"Vajra"},{"floor":8.0,"key":"Bag of Marbles"},{"floor":9.0,"key":"Shuriken"},{"floor":23.0,"key":"Question Card"},{"floor":25.0,"key":"Tingsha"},{"floor":26.0,"key":"Smiling Mask"},{"floor":28.0,"key":"Bronze Scales"},{"floor":30.0,"key":"Letter Opener"},{"floor":41.0,"key":"Centennial Puzzle"},{"floor":43.0,"key":"Lantern"},{"floor":44.0,"key":"Pantograph"},{"floor":47,"key":"Ninja Scroll"}],"event_choices":[{"damage_healed":0.0,"max_hp_gain":0.0,"max_hp_loss":5.0,"gold_gain":0.0,"event_name":"Golden Idol","player_choice":"Lose Max HP","floor":3.0,"gold_loss":0.0,"damage_taken":0.0,"relics_obtained":["Golden Idol"]},{"damage_healed":0.0,"max_hp_gain":0.0,"max_hp_loss":0.0,"gold_gain":0.0,"event_name":"Living Wall","player_choice":"Grow","floor":10.0,"gold_loss":0.0,"damage_taken":0.0,"cards_upgraded":["Cloak And Dagger"]},{"damage_healed":0.0,"max_hp_gain":0.0,"max_hp_loss":0.0,"gold_gain":0.0,"event_name":"Shining Light","player_choice":"Ignored","floor":13.0,"gold_loss":0.0,"damage_taken":0.0},{"damage_healed":0.0,"max_hp_gain":0.0,"max_hp_loss":0.0,"gold_gain":0.0,"event_name":"WeMeetAgain","player_choice":"Paid Gold","floor":14.0,"gold_loss":54.0,"damage_taken":0.0,"relics_obtained":["Darkstone Periapt"]},{"damage_healed":0.0,"max_hp_gain":0.0,"max_hp_loss":0.0,"gold_gain":0.0,"event_name":"Masked Bandits","player_choice":"Paid Fearfully","floor":21.0,"gold_loss":63.0,"damage_taken":0.0},{"cards_removed":["Strike_G"],"damage_healed":0.0,"max_hp_gain":0.0,"max_hp_loss":0.0,"gold_gain":0.0,"event_name":"Back to Basics","player_choice":"Elegance","floor":22.0,"gold_loss":0.0,"damage_taken":0.0},{"damage_healed":0.0,"max_hp_gain":0.0,"max_hp_loss":0.0,"gold_gain":0.0,"event_name":"Vampires","player_choice":"Ignored","floor":29.0,"gold_loss":0.0,"damage_taken":0.0},{"damage_healed":0.0,"max_hp_gain":0.0,"max_hp_loss":0.0,"gold_gain":0.0,"event_name":"Addict","player_choice":"Obtained Relic","floor":31.0,"gold_loss":85.0,"damage_taken":0.0,"relics_obtained":["Happy Flower"]},{"damage_healed":0.0,"max_hp_gain":0.0,"max_hp_loss":0.0,"gold_gain":0.0,"event_name":"Tomb of Lord Red Mask","player_choice":"Ignored","floor":36.0,"gold_loss":0.0,"damage_taken":0.0},{"damage_healed":0.0,"max_hp_gain":0.0,"max_hp_loss":0.0,"gold_gain":0.0,"event_name":"SensoryStone","player_choice":"Memory 1","floor":37.0,"gold_loss":0.0,"damage_taken":0.0},{"cards_removed":["Flash of Steel"],"damage_healed":0,"gold_gain":0,"player_choice":"Removed Attack","damage_taken":0,"max_hp_gain":0,"max_hp_loss":0,"event_name":"Falling","floor":48,"gold_loss":0}],"is_beta":false,"boss_relics":[{"not_picked":["Velvet Choker","WristBlade"],"picked":"Cursed Key"},{"not_picked":["Coffee Dripper","Orrery"],"picked":"HoveringKite"}],"items_purged_floors":[19,38,46],"is_endless":false,"potions_floor_spawned":[2,5,8,11,16,23,25,33,35,45],"ascension_level":12}