{"gold_per_floor":[109,126,6,6,22,22,55,55,79,91,91,116,116,116,116,212,212,226,126,138,138,138,138,202,202,227,323,340,354,374,393,393,490,490,508,833,571,631,594,594,364,374,374,374,390,458,471,486,486,486],"floor_reached":51,"playtime":3879,"items_purged":["Strike_G","Pain"],"score":940,"play_id":"4fea834f-0913-4f56-ac83-c06122d08b62","local_time":"20181122195545","is_ascension_mode":true,"campfire_choices":[{"data":"Dagger Spray","floor":6,"key":"SMITH"},{"data":"Deadly Poison","floor":8,"key":"SMITH"},{"floor":13,"key":"REST"},{"floor":15,"key":"REST"},{"floor":23,"key":"REST"},{"floor":25,"key":"REST"},{"floor":32,"key":"REST"},{"floor":40,"key":"REST"},{"floor":44,"key":"REST"},{"floor":49,"key":"REST"}],"neow_cost":"NONE","seed_source_timestamp":71206344526363,"circlet_count":0,"master_deck":["Defend_G","Defend_G","Defend_G","Defend_G","Defend_G","Survivor","Neutralize+1","Blur","Poisoned Stab","Dagger Spray+1","Cloak And Dagger","Deadly Poison+1","Quick Slash","Catalyst","Bullet Time","Predator+1","Slice+1","A Thousand Cuts+1","Bouncing Flask","Blade Dance","Leg Sweep","Backstab","Poisoned Stab","Burst","Blur","Catalyst","Apotheosis","Flying Knee+1","Bouncing Flask","Footwork","Poisoned Stab+1","Backflip+1","Envenom","Bouncing Flask+1","PiercingWail"],"relics":["Ring of the Snake","WarpedTongs","Snake Skull","Regal Pillow","Anchor","Astrolabe","SsserpentHead","Bronze Scales","Omamori","Lizard Tail","TwistedFunnel","Pantograph"],"potions_floor_usage":[7,7,16,18,29,33,33,33,47,47,50,50],"damage_taken":[{"damage":12,"enemies":"Small Slimes","floor":1,"turns":6},{"damage":0,"enemies":"Cultist","floor":2,"turns":4},{"damage":3,"enemies":"Jaw Worm","floor":5,"turns":3},{"damage":12,"enemies":"Gremlin Nob","floor":7,"turns":4},{"damage":7,"enemies":"Large Slime","floor":10,"turns":4},{"damage":25,"enemies":"3 Sentries","floor":12,"turns":9},{"damage":10,"enemies":"Hexaghost","floor":16,"turns":11},{"damage":7,"enemies":"2 Thieves","floor":18,"turns":4},{"damage":12,"enemies":"3 Byrds","floor":20,"turns":3},{"damage":36,"enemies":"Sentry and Sphere","floor":24,"turns":6},{"damage":0,"enemies":"Snake Plant","floor":28,"turns":2},{"damage":0,"enemies":"3 Cultists","floor":29,"turns":4},{"damage":7,"enemies":"Shelled Parasite and Fungi","floor":30,"turns":4},{"damage":19,"enemies":"Snake Plant","floor":31,"turns":3},{"damage":64,"enemies":"Champ","floor":33,"turns":12},{"damage":2,"enemies":"Orb Walker","floor":35,"turns":3},{"damage":9,"enemies":"3 Shapes","floor":38,"turns":5},{"damage":37,"enemies":"Sphere and 2 Shapes","floor":42,"turns":5},{"damage":15,"enemies":"Writhing Mass","floor":45,"turns":3},{"damage":4,"enemies":"4 Shapes","floor":46,"turns":4},{"damage":28,"enemies":"Sphere and 2 Shapes","floor":47,"turns":4},{"damage":3,"enemies":"Maw","floor":48,"turns":6},{"damage":104,"enemies":"Donu and Deca","floor":50,"turns":9}],"seed_played":"-1622113476795846426","potions_obtained":[{"floor":1,"key":"Regen Potion"},{"floor":5,"key":"FearPotion"},{"floor":10,"key":"Dexterity Potion"},{"floor":12,"key":"SteroidPotion"},{"floor":24,"key":"Weak Potion"},{"floor":28,"key":"SkillPotion"},{"floor":29,"key":"Swift Potion"},{"floor":31,"key":"LiquidBronze"},{"floor":33,"key":"Poison Potion"},{"floor":38,"key":"Regen Potion"},{"floor":42,"key":"Energy Potion"},{"floor":47,"key":"Block Potion"}],"is_trial":false,"path_per_floor":["M","M","$","?","M","R","E","R","T","M","$","E","R","?","R","B",null,"M","$","M","?","?","R","M","R","T","T","M","M","M","M","R","B",null,"M","?","$","M","$","R","$","M","T","R","M","M","M","M","R","B",null],"character_chosen":"THE_SILENT","items_purchased":["Dagger Spray","Catalyst","Apotheosis","Bouncing Flask","TwistedFunnel","Footwork"],"campfire_rested":8,"item_purchase_floors":[3,37,37,39,41,41],"current_hp_per_floor":[51,51,51,51,48,48,48,48,48,41,41,16,52,45,70,60,68,61,61,49,49,49,70,34,70,70,70,70,70,63,44,70,6,54,52,52,52,43,43,70,70,33,33,69,54,50,27,24,60,10],"gold":486,"neow_bonus":"UPGRADE_CARD","is_prod":false,"is_daily":false,"chose_seed":false,"campfire_upgraded":2,"win_rate":0,"timestamp":1542916545,"path_taken":["M","M","$","?","?","R","E","R","T","M","$","E","R","?","R","BOSS","M","$","M","?","?","R","?","R","T","?","M","M","M","M","R","BOSS","M","?","$","?","$","R","?","M","T","R","M","?","M","M","R","BOSS"],"build_version":"2018-11-15","purchased_purges":2,"victory":true,"max_hp_per_floor":[70,70,70,70,70,70,70,70,70,70,70,70,70,70,70,70,70,70,70,70,70,70,70,70,70,70,70,70,70,70,70,70,70,70,70,70,70,70,70,70,70,70,70,70,70,70,70,70,70,70],"card_choices":[{"not_picked":["Underhanded Strike","Cloak And Dagger"],"picked":"Blur","floor":1},{"not_picked":["Quick Slash","Backflip"],"picked":"Poisoned Stab","floor":2},{"not_picked":["Bane","Choke"],"picked":"Cloak And Dagger","floor":5},{"not_picked":["Flechettes","Slice"],"picked":"Deadly Poison","floor":7},{"not_picked":["Malaise","Heel Hook"],"picked":"Quick Slash","floor":10},{"not_picked":["PiercingWail","Underhanded Strike"],"picked":"Catalyst","floor":12},{"not_picked":["Venomology","Phantasmal Killer"],"picked":"Bullet Time","floor":16},{"not_picked":["Endless Agony+1","Prepared","Calculated Gamble"],"picked":"SKIP","floor":18},{"not_picked":["Distraction","Prepared"],"picked":"Bouncing Flask","floor":20},{"not_picked":["Deflect","Dodge and Roll"],"picked":"Blade Dance","floor":24},{"not_picked":["Concentrate","All Out Attack"],"picked":"Leg Sweep","floor":28},{"not_picked":["Prepared","Leg Sweep"],"picked":"Backstab","floor":29},{"not_picked":["Quick Slash","Finisher","Choke+1"],"picked":"SKIP","floor":30},{"not_picked":["Acrobatics","Prepared"],"picked":"Poisoned Stab","floor":31},{"not_picked":["A Thousand Cuts","After Image"],"picked":"Burst","floor":33},{"not_picked":["Flying Knee+1","Dagger Throw+1"],"picked":"Blur","floor":35},{"not_picked":["Slice+1","Dagger Spray"],"picked":"Flying Knee+1","floor":38},{"not_picked":["Quick Slash+1","Blade Dance+1"],"picked":"Poisoned Stab+1","floor":42},{"not_picked":["Prepared+1","Cloak And Dagger+1"],"picked":"Backflip+1","floor":45},{"not_picked":["Backflip+1","Predator"],"picked":"Envenom","floor":46},{"not_picked":["Concentrate+1","Quick Slash"],"picked":"Bouncing Flask+1","floor":47},{"not_picked":["Prepared","Predator+1"],"picked":"PiercingWail","floor":48}],"player_experience":874033,"relics_obtained":[{"floor":7,"key":"Snake Skull"},{"floor":9,"key":"Regal Pillow"},{"floor":12,"key":"Anchor"},{"floor":26,"key":"Bronze Scales"},{"floor":27,"key":"Omamori"},{"floor":43,"key":"Pantograph"}],"event_choices":[{"damage_healed":0,"gold_gain":0,"player_choice":"Rummage","damage_taken":0,"relics_obtained":["WarpedTongs"],"max_hp_gain":0,"max_hp_loss":0,"event_name":"Accursed Blacksmith","floor":4,"gold_loss":0,"cards_obtained":["Pain"]},{"cards_removed":["Strike_G"],"damage_healed":0,"gold_gain":0,"player_choice":"Card Removal","damage_taken":7,"max_hp_gain":0,"max_hp_loss":0,"event_name":"Golden Wing","floor":14,"gold_loss":0},{"damage_healed":0,"gold_gain":0,"player_choice":"Ignored","damage_taken":0,"max_hp_gain":0,"max_hp_loss":0,"event_name":"Vampires","floor":21,"gold_loss":0},{"damage_healed":0,"gold_gain":0,"player_choice":"Trade","damage_taken":0,"relics_obtained":["SsserpentHead"],"max_hp_gain":0,"max_hp_loss":0,"event_name":"FaceTrader","floor":22,"gold_loss":0},{"damage_healed":0,"gold_gain":275,"player_choice":"Desecrate","damage_taken":0,"max_hp_gain":0,"max_hp_loss":0,"event_name":"Golden Shrine","floor":36,"gold_loss":0,"cards_obtained":["Regret"]}],"is_beta":false,"boss_relics":[{"not_picked":["White Beast Statue","Busted Crown"],"picked":"Astrolabe"},{"not_picked":["HoveringKite","Ring of the Serpent"],"picked":"Lizard Tail"}],"items_purged_floors":[3,19],"is_endless":false,"potions_floor_spawned":[1,5,10,12,24,28,29,31,33,38,42,46,47],"ascension_level":8}