{"gold_per_floor":[114,128,3,18,18,53,53,115,115,127,302,302,337,337,337,440,440,451,361,50,61,71,71,97,97,151,168,168,267,278,297,297,393,443,454,454,454,470,484,484,523,49,49,49,79,79,99,119,119,119,119,119,52,78,78],"floor_reached":55,"playtime":4776,"items_purged":["Strike_G","Strike_G","Choke"],"score":1016,"play_id":"47f2626a-4304-4af8-adad-20d4c1441552","local_time":"20190209130737","is_ascension_mode":true,"campfire_choices":[{"data":"Footwork","floor":7.0,"key":"SMITH"},{"floor":12.0,"key":"DIG"},{"data":"Noxious Fumes","floor":15.0,"key":"SMITH"},{"data":"Dodge and Roll","floor":23.0,"key":"SMITH"},{"data":"Catalyst","floor":25.0,"key":"SMITH"},{"floor":28.0,"key":"REST"},{"data":"Dodge and Roll","floor":32.0,"key":"SMITH"},{"floor":40.0,"key":"DIG"},{"data":"Catalyst","floor":44.0,"key":"SMITH"},{"data":"Blur","floor":46.0,"key":"SMITH"},{"floor":49.0,"key":"RECALL"},{"floor":52.0,"key":"DIG"}],"neow_cost":"NONE","seed_source_timestamp":0,"circlet_count":0,"master_deck":["Defend_G","Defend_G","Defend_G","Defend_G","Defend_G","Strike_G+1","Strike_G+1","Survivor+1","Neutralize","Bane","Footwork+1","Dodge and Roll+1","Crippling Poison","Noxious Fumes+1","Corpse Explosion+1","Blur","Catalyst+1","Noxious Fumes","Dodge and Roll+1","Catalyst+1","Blur+1","Leg Sweep","Malaise","Blind","Footwork+1","Dodge and Roll+1","Purity","Blur","PiercingWail+1"],"special_seed":0,"relics":["Ring of the Snake","NeowsBlessing","The Specimen","Boot","Shovel","Letter Opener","Strawberry","Velvet Choker","Potion Belt","Tiny House","MawBank","Ancient Tea Set","Lee\u0027s Waffle","FossilizedHelix","Pantograph","Bottled Lightning","Whetstone"],"potions_floor_usage":[55,55,55],"damage_taken":[{"damage":0.0,"enemies":"Cultist","floor":1.0,"turns":1.0},{"damage":0.0,"enemies":"2 Louse","floor":2.0,"turns":1.0},{"damage":0.0,"enemies":"Small Slimes","floor":4.0,"turns":1.0},{"damage":17.0,"enemies":"Gremlin Nob","floor":6.0,"turns":4.0},{"damage":23.0,"enemies":"3 Sentries","floor":8.0,"turns":13.0},{"damage":0.0,"enemies":"2 Fungi Beasts","floor":10.0,"turns":4.0},{"damage":14.0,"enemies":"3 Sentries","floor":13.0,"turns":18.0},{"damage":26.0,"enemies":"Slime Boss","floor":16.0,"turns":11.0},{"damage":6.0,"enemies":"3 Byrds","floor":18.0,"turns":3.0},{"damage":22.0,"enemies":"2 Thieves","floor":21.0,"turns":4.0},{"damage":6.0,"enemies":"Sentry and Sphere","floor":22.0,"turns":5.0},{"damage":15.0,"enemies":"Gremlin Leader","floor":24.0,"turns":5.0},{"damage":14.0,"enemies":"Snake Plant","floor":27.0,"turns":4.0},{"damage":1.0,"enemies":"3 Cultists","floor":30.0,"turns":3.0},{"damage":4.0,"enemies":"Centurion and Healer","floor":31.0,"turns":4.0},{"damage":3.0,"enemies":"Champ","floor":33.0,"turns":10.0},{"damage":14.0,"enemies":"3 Shapes","floor":35.0,"turns":3.0},{"damage":0.0,"enemies":"Orb Walker","floor":38.0,"turns":5.0},{"damage":0.0,"enemies":"Maw","floor":39.0,"turns":10.0},{"damage":30.0,"enemies":"Giant Head","floor":41.0,"turns":11.0},{"damage":0.0,"enemies":"Nemesis","floor":45.0,"turns":9.0},{"damage":18.0,"enemies":"Transient","floor":47.0,"turns":5.0},{"damage":10.0,"enemies":"Sphere and 2 Shapes","floor":48.0,"turns":4.0},{"damage":0.0,"enemies":"Time Eater","floor":50.0,"turns":8.0},{"damage":22.0,"enemies":"Shield and Spear","floor":54.0,"turns":7.0},{"damage":89,"enemies":"The Heart","floor":55,"turns":11}],"seed_played":"3747791814757858056","potions_obtained":[{"floor":4.0,"key":"Weak Potion"},{"floor":6.0,"key":"Regen Potion"},{"floor":8.0,"key":"Dexterity Potion"},{"floor":22.0,"key":"FearPotion"},{"floor":27.0,"key":"PowerPotion"},{"floor":33.0,"key":"Strength Potion"},{"floor":34.0,"key":"GamblersBrew"},{"floor":38.0,"key":"Ancient Potion"},{"floor":39.0,"key":"SkillPotion"},{"floor":48.0,"key":"Dexterity Potion"}],"is_trial":false,"path_per_floor":["M","M","$","M","?","E","R","?","T","M","?","R","E","?","R","B",null,"M","?","$","M","M","R","E","R","T","M","R","?","M","M","R","B",null,"M","?","?","M","M","R","E","$","T","R","E","R","M","M","R","B",null,"R","$","E","B"],"character_chosen":"THE_SILENT","items_purchased":["Fire Potion","Blur","Catalyst","Noxious Fumes","Lee\u0027s Waffle","Purity","EssenceOfSteel","Blur"],"campfire_rested":1,"item_purchase_floors":[3,20,20,20,42,42,42,53],"current_hp_per_floor":[70,70,70,70,63,46,46,38,38,38,38,38,31,56,56,30,77,71,71,71,49,43,43,28,28,28,14,37,37,36,32,32,29,82,68,68,68,68,68,68,38,89,89,89,89,89,71,61,61,86,89,89,89,67,0],"gold":78,"neow_bonus":"THREE_ENEMY_KILL","is_prod":false,"is_daily":false,"chose_seed":false,"campfire_upgraded":7,"win_rate":0,"timestamp":1549739257,"path_taken":["M","M","$","?","?","E","R","?","T","M","?","R","E","?","R","BOSS","M","?","?","M","M","R","E","R","T","M","R","?","M","M","R","BOSS","M","?","?","?","M","R","E","$","T","R","E","R","M","M","R","BOSS","R","$","E","BOSS"],"build_version":"2019-01-23","purchased_purges":3,"victory":false,"max_hp_per_floor":[70,70,70,70,70,70,70,70,70,70,70,70,77,77,77,77,77,77,77,77,77,77,77,77,77,77,77,77,77,77,77,77,77,82,82,82,82,82,82,82,82,89,89,89,89,89,89,89,89,89,89,89,89,89,89],"card_choices":[{"not_picked":["Prepared","Flying Knee"],"picked":"Bane","floor":1.0},{"not_picked":["PiercingWail","Backflip"],"picked":"Footwork","floor":2.0},{"not_picked":["Riddle With Holes","Bane"],"picked":"Choke","floor":4.0},{"not_picked":["Sucker Punch","Caltrops"],"picked":"Dodge and Roll","floor":6.0},{"not_picked":["Sucker Punch","Prepared"],"picked":"Crippling Poison","floor":10.0},{"not_picked":["Deflect","Skewer"],"picked":"Noxious Fumes","floor":13.0},{"not_picked":["Adrenaline","Glass Knife"],"picked":"Corpse Explosion","floor":16.0},{"not_picked":["Finisher","Acrobatics","Prepared+1"],"picked":"SKIP","floor":18.0},{"not_picked":["Dagger Throw","Endless Agony"],"picked":"Dodge and Roll","floor":21.0},{"not_picked":["Outmaneuver","Bane+1"],"picked":"Catalyst","floor":22.0},{"not_picked":["Bouncing Flask","Dagger Spray"],"picked":"Blur","floor":24.0},{"not_picked":["Cloak And Dagger","Choke+1","Doppelganger"],"picked":"SKIP","floor":27.0},{"not_picked":["Deadly Poison+1","Slice","Cloak And Dagger"],"picked":"SKIP","floor":30.0},{"not_picked":["Bane","Sucker Punch+1"],"picked":"Leg Sweep","floor":31.0},{"not_picked":["Wraith Form v2","Corpse Explosion"],"picked":"Malaise","floor":33.0},{"not_picked":["Cloak And Dagger+1","Outmaneuver","Acrobatics"],"picked":"SKIP","floor":35.0},{"not_picked":["Flash of Steel","Madness"],"picked":"Blind","floor":36.0},{"not_picked":["Flying Knee+1","Caltrops"],"picked":"Dodge and Roll+1","floor":38.0},{"not_picked":["Accuracy","Masterful Stab","Cloak And Dagger"],"picked":"SKIP","floor":39.0},{"not_picked":["Expertise+1","Deadly Poison+1","Phantasmal Killer"],"picked":"SKIP","floor":41.0},{"not_picked":["Deflect+1","Eviscerate","After Image"],"picked":"SKIP","floor":45.0},{"not_picked":["Deflect+1","Deadly Poison","Slice"],"picked":"SKIP","floor":47.0},{"not_picked":["Bane+1","Cloak And Dagger","Deadly Poison"],"picked":"SKIP","floor":48.0},{"not_picked":["Eviscerate","Noxious Fumes+1"],"picked":"PiercingWail+1","floor":54.0}],"player_experience":332996,"relics_obtained":[{"floor":6.0,"key":"The Specimen"},{"floor":9.0,"key":"Shovel"},{"floor":12.0,"key":"Letter Opener"},{"floor":13.0,"key":"Strawberry"},{"floor":24.0,"key":"Potion Belt"},{"floor":40.0,"key":"MawBank"},{"floor":41.0,"key":"Ancient Tea Set"},{"floor":43.0,"key":"FossilizedHelix"},{"floor":45.0,"key":"Pantograph"},{"floor":52.0,"key":"Bottled Lightning"},{"floor":54.0,"key":"Whetstone"}],"event_choices":[{"cards_removed":["Strike_G"],"damage_healed":0.0,"max_hp_gain":0.0,"max_hp_loss":0.0,"gold_gain":0.0,"event_name":"Golden Wing","player_choice":"Card Removal","floor":5.0,"gold_loss":0.0,"damage_taken":7.0},{"damage_healed":0.0,"max_hp_gain":0.0,"max_hp_loss":0.0,"gold_gain":0.0,"event_name":"Dead Adventurer","player_choice":"Searched \u00272\u0027 times","floor":8.0,"gold_loss":0.0,"damage_taken":0.0,"relics_obtained":["Boot"]},{"damage_healed":0.0,"max_hp_gain":0.0,"max_hp_loss":0.0,"gold_gain":175.0,"event_name":"Liars Game","player_choice":"AGREE","floor":11.0,"gold_loss":0.0,"damage_taken":0.0,"cards_obtained":["Doubt"]},{"damage_healed":25.0,"max_hp_gain":0.0,"max_hp_loss":0.0,"gold_gain":0.0,"event_name":"Big Fish","player_choice":"Banana","floor":14.0,"gold_loss":0.0,"damage_taken":0.0},{"cards_removed":["Doubt"],"damage_healed":0.0,"max_hp_gain":0.0,"max_hp_loss":0.0,"gold_gain":0.0,"event_name":"Designer","player_choice":"Upgrade and Remove","floor":19.0,"gold_loss":90.0,"damage_taken":0.0,"cards_upgraded":["Corpse Explosion"]},{"damage_healed":0.0,"max_hp_gain":0.0,"max_hp_loss":0.0,"gold_gain":99.0,"event_name":"Nest","player_choice":"Stole From Cult","floor":29.0,"gold_loss":0.0,"damage_taken":0.0},{"damage_healed":0.0,"max_hp_gain":0.0,"max_hp_loss":0.0,"gold_gain":0.0,"event_name":"SensoryStone","player_choice":"Memory 1","floor":36.0,"gold_loss":0.0,"damage_taken":0.0},{"damage_healed":0.0,"max_hp_gain":0.0,"max_hp_loss":0.0,"gold_gain":0.0,"event_name":"Duplicator","player_choice":"Copied","floor":37.0,"gold_loss":0.0,"damage_taken":0.0,"cards_obtained":["Footwork"]}],"is_beta":false,"boss_relics":[{"not_picked":["Eternal Feather","Astrolabe"],"picked":"Velvet Choker"},{"not_picked":["Philosopher\u0027s Stone","WristBlade"],"picked":"Tiny House"}],"items_purged_floors":[3,20,42],"is_endless":false,"potions_floor_spawned":[4,6,8,22,27,33,38,39,48],"killed_by":"The Heart","ascension_level":4}