{"gold_per_floor":[20,20,37,112,112,112,123,123,146,146,226,226,226,239,239,334,334,347,347,363,80,80,80,91,91,91,111,122,141,156,56,56,158,158,175,175,50,50,64,64,75,86,112,61,61,74,88,101,101,101],"floor_reached":51,"playtime":1278,"items_purged":["Strike_R","Strike_R","Strike_R"],"score":666,"play_id":"0097d42a-64ab-48f5-9821-beb1f496a58d","local_time":"20180919132217","is_ascension_mode":false,"campfire_choices":[{"data":"Bash","floor":6,"key":"SMITH"},{"data":"Thunderclap","floor":8,"key":"SMITH"},{"data":"Defend_R","floor":10,"key":"SMITH"},{"data":"Strike_R","floor":13,"key":"SMITH"},{"data":"Strike_R","floor":15,"key":"SMITH"},{"data":"Limit Break","floor":25,"key":"SMITH"},{"floor":32,"key":"REST"},{"data":"Heavy Blade","floor":40,"key":"SMITH"},{"data":"Demon Form","floor":45,"key":"SMITH"},{"data":"Battle Trance","floor":49,"key":"SMITH"}],"neow_cost":"NO_GOLD","seed_source_timestamp":691038372592794,"circlet_count":0,"master_deck":["Strike_R+1","Strike_R+1","Defend_R+1","Bash+1","Thunderclap+1","Limit Break+1","Demon Form+1","Thunderclap+1","Heavy Blade+1","Battle Trance+1","Flex","Cleave","Reaper","Whirlwind+1","Secret Technique","Headbutt+1","Headbutt"],"relics":["Burning Blood","Pantograph","Runic Dome","Chemical X","Nloth\u0027s Gift","MutagenicStrength","Blue Candle","Sozu","Orichalcum"],"potions_floor_usage":[28,28,33,50],"damage_taken":[{"damage":11,"enemies":"Jaw Worm","floor":1,"turns":2},{"damage":5,"enemies":"Small Slimes","floor":3,"turns":3},{"damage":5,"enemies":"2 Louse","floor":7,"turns":2},{"damage":21,"enemies":"Exordium Wildlife","floor":14,"turns":3},{"damage":55,"enemies":"Slime Boss","floor":16,"turns":12},{"damage":23,"enemies":"3 Byrds","floor":18,"turns":5},{"damage":10,"enemies":"Chosen","floor":20,"turns":3},{"damage":12,"enemies":"Centurion and Healer","floor":24,"turns":3},{"damage":15,"enemies":"Snecko","floor":27,"turns":3},{"damage":15,"enemies":"Snake Plant","floor":28,"turns":4},{"damage":12,"enemies":"3 Cultists","floor":29,"turns":3},{"damage":6,"enemies":"Centurion and Healer","floor":30,"turns":3},{"damage":26,"enemies":"Champ","floor":33,"turns":5},{"damage":0,"enemies":"3 Shapes","floor":35,"turns":1},{"damage":10,"enemies":"Orb Walker","floor":39,"turns":2},{"damage":0,"enemies":"Transient","floor":41,"turns":5},{"damage":12,"enemies":"Sphere and 2 Shapes","floor":42,"turns":1},{"damage":23,"enemies":"Maw","floor":46,"turns":4},{"damage":21,"enemies":"Transient","floor":47,"turns":5},{"damage":0,"enemies":"Reptomancer","floor":48,"turns":2},{"damage":34,"enemies":"Donu and Deca","floor":50,"turns":3}],"seed_played":"-7002295446753036448","potions_obtained":[{"floor":1,"key":"Weak Potion"},{"floor":7,"key":"SmokeBomb"},{"floor":27,"key":"SkillPotion"},{"floor":29,"key":"EssenceOfSteel"},{"floor":33,"key":"PowerPotion"}],"is_trial":false,"path_per_floor":["M","?","M","?","?","R","M","R","T","R","T","?","R","M","R","B",null,"M","?","M","$","?","?","M","R","T","M","M","M","M","$","R","B",null,"M","?","$","?","M","R","M","M","T","$","R","M","M","M","R","B"],"character_chosen":"IRONCLAD","items_purchased":["Chemical X","Headbutt"],"campfire_rested":1,"item_purchase_floors":[21,44],"current_hp_per_floor":[75,80,81,70,70,70,71,71,71,71,71,71,71,56,56,32,85,68,68,64,64,64,64,58,58,58,49,40,34,34,34,59,64,85,85,85,85,85,81,81,85,79,79,79,79,85,85,85,85,85],"gold":101,"neow_bonus":"REMOVE_TWO","is_prod":false,"is_daily":false,"chose_seed":false,"campfire_upgraded":9,"win_rate":0,"timestamp":1537377737,"path_taken":["M","?","M","?","?","R","M","R","T","R","?","?","R","M","R","BOSS","M","?","M","$","?","?","M","R","T","?","M","M","M","$","R","BOSS","M","?","$","?","M","R","M","M","T","$","R","M","M","M","R","BOSS"],"build_version":"2018-09-06","purchased_purges":3,"victory":true,"max_hp_per_floor":[80,85,85,85,85,85,85,85,85,85,85,85,85,85,85,85,85,85,85,85,85,85,85,85,85,85,85,85,85,85,85,85,85,85,85,85,85,85,85,85,85,85,85,85,85,85,85,85,85,85],"card_choices":[{"not_picked":["Evolve","Pommel Strike","Dual Wield"],"picked":"SKIP","floor":1},{"not_picked":["Clothesline","Anger"],"picked":"Thunderclap","floor":3},{"not_picked":["Sentinel","Reckless Charge","Sever Soul"],"picked":"SKIP","floor":7},{"not_picked":["Shrug It Off","Anger"],"picked":"Limit Break","floor":14},{"not_picked":["Reaper","Dark Embrace"],"picked":"Demon Form","floor":16},{"not_picked":["Perfected Strike","True Grit"],"picked":"Thunderclap+1","floor":18},{"not_picked":["Shockwave","Power Through"],"picked":"Heavy Blade","floor":20},{"not_picked":["Hemokinesis","Wild Strike","Sword Boomerang"],"picked":"SKIP","floor":24},{"not_picked":["Heavy Blade","Corruption","Blood for Blood"],"picked":"SKIP","floor":27},{"not_picked":["Inflame","True Grit"],"picked":"Battle Trance","floor":28},{"not_picked":["Second Wind+1","Body Slam"],"picked":"Flex","floor":29},{"not_picked":["Hemokinesis","Warcry"],"picked":"Cleave","floor":30},{"not_picked":["Dark Embrace","Double Tap"],"picked":"Reaper","floor":33},{"not_picked":["Bloodletting","Havoc+1"],"picked":"Whirlwind+1","floor":35},{"not_picked":["Dramatic Entrance","Trip"],"picked":"Secret Technique","floor":36},{"not_picked":["Corruption+1","Pummel","Rage"],"picked":"SKIP","floor":39},{"not_picked":["Intimidate+1","Iron Wave+1"],"picked":"Headbutt+1","floor":41},{"not_picked":["Cleave+1","Armaments","Immolate"],"picked":"SKIP","floor":42},{"not_picked":["Pommel Strike+1","Uppercut+1","True Grit+1"],"picked":"SKIP","floor":46},{"not_picked":["Havoc","Pommel Strike","Fire Breathing+1"],"picked":"SKIP","floor":47},{"not_picked":["Corruption+1","Cleave","Sword Boomerang+1"],"picked":"SKIP","floor":48}],"player_experience":2786748,"relics_obtained":[{"floor":9,"key":"PreservedInsect"},{"floor":11,"key":"Pantograph"},{"floor":26,"key":"Blue Candle"},{"floor":43,"key":"Orichalcum"}],"event_choices":[{"event_name":"Big Fish","player_choice":"Donut","floor":2,"damage_taken":0},{"event_name":"World of Goop","player_choice":"Gather Gold","floor":4,"damage_taken":0},{"event_name":"Living Wall","player_choice":"Forget","floor":5,"damage_taken":0},{"event_name":"Liars Game","player_choice":"disagreed","floor":12,"damage_taken":0},{"event_name":"Vampires","player_choice":"Ignored","floor":19,"damage_taken":0},{"event_name":"N\u0027loth","player_choice":"Traded a PreservedInsect","floor":22,"damage_taken":0},{"event_name":"Drug Dealer","player_choice":"Inject Mutagens","floor":23,"damage_taken":0},{"event_name":"SensoryStone","player_choice":"Memory 1","floor":36,"damage_taken":0},{"event_name":"Mysterious Sphere","player_choice":"Ignore","floor":38,"damage_taken":0}],"is_beta":false,"boss_relics":[{"not_picked":["Busted Crown","Tiny House"],"picked":"Runic Dome"},{"not_picked":["White Beast Statue","Philosopher\u0027s Stone"],"picked":"Sozu"}],"items_purged_floors":[21,31,37],"is_endless":false,"potions_floor_spawned":[1,7,27,29,33,35,39,41,48],"ascension_level":0}