{"gold_per_floor":[113,113,130,146,146,185,185,223,248,284,284,307,3,3,3,96,96,119,44,0,30,50,50],"floor_reached":23,"playtime":1311,"items_purged":[],"score":342,"play_id":"92731775-d5be-468a-a365-627f670cc041","local_time":"20190119211325","is_ascension_mode":true,"campfire_choices":[{"data":"Consume","floor":7,"key":"SMITH"},{"floor":15,"key":"REST"}],"neow_cost":"NONE","seed_source_timestamp":34556546247200,"circlet_count":0,"master_deck":["AscendersBane","Strike_B","Strike_B","Defend_B","Defend_B","Defend_B","Defend_B","Zap","Dualcast","Consume+1","Capacitor","Chill","Cold Snap","FTL+1","Thunder Strike+1","Hologram","Go for the Eyes+1","Seek","Coolheaded","Streamline+1"],"relics":["Cracked Core","NeowsBlessing","Golden Idol","Strawberry","Ancient Tea Set","Blood Vial","Molten Egg 2","Cables","Snecko Eye","Tiny Chest"],"potions_floor_usage":[4,6,6,8,16,18],"damage_taken":[{"damage":0,"enemies":"Small Slimes","floor":1,"turns":1},{"damage":0,"enemies":"Cultist","floor":3,"turns":1},{"damage":0,"enemies":"Jaw Worm","floor":4,"turns":1},{"damage":37,"enemies":"Gremlin Nob","floor":6,"turns":5},{"damage":4,"enemies":"Lagavulin","floor":8,"turns":8},{"damage":10,"enemies":"3 Sentries","floor":10,"turns":10},{"damage":9,"enemies":"Large Slime","floor":12,"turns":7},{"damage":38,"enemies":"Slime Boss","floor":16,"turns":10},{"damage":6,"enemies":"3 Byrds","floor":18,"turns":3},{"damage":10,"enemies":"2 Thieves","floor":22,"turns":4},{"damage":56,"enemies":"Book of Stabbing","floor":23,"turns":6}],"seed_played":"6934145811923423818","potions_obtained":[{"floor":1,"key":"Weak Potion"},{"floor":2,"key":"Fruit Juice"},{"floor":4,"key":"GamblersBrew"},{"floor":6,"key":"Weak Potion"},{"floor":8,"key":"LiquidBronze"},{"floor":12,"key":"Block Potion"},{"floor":18,"key":"Ancient Potion"}],"is_trial":false,"path_per_floor":["M","?","M","M","?","E","R","E","T","E","?","M","$","?","R","B",null,"M","?","?","T","M","E"],"character_chosen":"DEFECT","items_purchased":["Cables","Go for the Eyes+1"],"campfire_rested":1,"item_purchase_floors":[13,13],"current_hp_per_floor":[68,68,68,73,73,43,43,39,39,31,31,24,24,24,48,12,64,60,60,60,60,52,0],"gold":50,"neow_bonus":"THREE_ENEMY_KILL","is_prod":false,"is_daily":false,"chose_seed":false,"campfire_upgraded":1,"win_rate":0,"timestamp":1547932405,"path_taken":["M","?","?","M","?","E","R","E","T","E","?","M","$","?","R","BOSS","M","?","?","?","?","E"],"build_version":"2019-01-17v2","purchased_purges":0,"victory":false,"max_hp_per_floor":[75,75,75,80,74,81,81,81,81,81,81,81,81,81,81,81,81,81,81,81,81,81,81],"card_choices":[{"not_picked":["Rebound","Force Field"],"picked":"Consume","floor":1},{"not_picked":["Steam","Fusion","Stack"],"picked":"SKIP","floor":3},{"not_picked":["Static Discharge","Reprogram"],"picked":"Capacitor","floor":4},{"not_picked":["Barrage","Steam"],"picked":"Chill","floor":6},{"not_picked":["Steam Power","Barrage"],"picked":"Cold Snap","floor":8},{"not_picked":["Auto Shields","Reinforced Body"],"picked":"FTL","floor":10},{"not_picked":["Reprogram","Rebound+1"],"picked":"Hologram","floor":12},{"not_picked":["Multi-Cast","Reboot"],"picked":"Seek","floor":16},{"not_picked":["Heatsinks","Self Repair"],"picked":"Coolheaded","floor":18},{"not_picked":["Coolheaded+1","Stack"],"picked":"Streamline+1","floor":22}],"player_experience":1221717,"relics_obtained":[{"floor":6,"key":"Strawberry"},{"floor":8,"key":"Ancient Tea Set"},{"floor":9,"key":"Blood Vial"},{"floor":10,"key":"Molten Egg 2"},{"floor":21,"key":"Tiny Chest"}],"event_choices":[{"damage_healed":0,"gold_gain":0,"player_choice":"Got Potions","damage_taken":0,"max_hp_gain":0,"max_hp_loss":0,"event_name":"Lab","floor":2,"gold_loss":0},{"damage_healed":0,"gold_gain":0,"player_choice":"Lose Max HP","damage_taken":0,"relics_obtained":["Golden Idol"],"max_hp_gain":0,"max_hp_loss":6,"event_name":"Golden Idol","floor":5,"gold_loss":0},{"damage_healed":0,"gold_gain":0,"cards_transformed":["Strike_B"],"player_choice":"Change","damage_taken":0,"max_hp_gain":0,"max_hp_loss":0,"event_name":"Living Wall","floor":11,"gold_loss":0,"cards_obtained":["Thunder Strike"]},{"damage_healed":0,"gold_gain":0,"player_choice":"Leave","damage_taken":0,"max_hp_gain":0,"max_hp_loss":0,"event_name":"The Cleric","floor":14,"gold_loss":0},{"cards_removed":["Strike_B"],"damage_healed":0,"gold_gain":0,"player_choice":"Gave Gold","damage_taken":0,"max_hp_gain":0,"max_hp_loss":0,"event_name":"Beggar","floor":19,"gold_loss":75},{"damage_healed":0,"gold_gain":0,"player_choice":"Paid Fearfully","damage_taken":0,"max_hp_gain":0,"max_hp_loss":0,"event_name":"Masked Bandits","floor":20,"gold_loss":44}],"is_beta":false,"boss_relics":[{"not_picked":["Nuclear Battery","Orrery"],"picked":"Snecko Eye"}],"items_purged_floors":[],"is_endless":false,"potions_floor_spawned":[1,4,6,8,12,18],"killed_by":"Book of Stabbing","ascension_level":13}