{"gold_per_floor":[116,132,146,160,32,32,64,84,84,84,84],"floor_reached":11,"playtime":595,"items_purged":["Strike_B"],"score":109,"play_id":"1c7b3d95-4539-49b6-bee7-5fb22c270858","local_time":"20181128211224","is_ascension_mode":true,"campfire_choices":[{"data":"Darkness","floor":6,"key":"SMITH"},{"floor":10,"key":"REST"}],"neow_cost":"NONE","seed_source_timestamp":425001155116017,"circlet_count":0,"master_deck":["Strike_B","Strike_B","Defend_B","Defend_B","Defend_B","Defend_B","Zap","Dualcast","Seek","Coolheaded","Conserve Battery","Melter","Darkness+1","Ball Lightning","Redo","Gash"],"relics":["Cracked Core","Singing Bowl","Bottled Lightning"],"potions_floor_usage":[4,7],"damage_taken":[{"damage":5,"enemies":"Small Slimes","floor":1,"turns":4},{"damage":0,"enemies":"Cultist","floor":2,"turns":3},{"damage":4,"enemies":"Jaw Worm","floor":3,"turns":5},{"damage":15,"enemies":"2 Fungi Beasts","floor":4,"turns":4},{"damage":24,"enemies":"Lagavulin","floor":7,"turns":5},{"damage":17,"enemies":"Large Slime","floor":8,"turns":4},{"damage":32,"enemies":"Lots of Slimes","floor":11,"turns":2}],"seed_played":"6651279506535923797","potions_obtained":[{"floor":1,"key":"Regen Potion"},{"floor":4,"key":"Dexterity Potion"},{"floor":8,"key":"Swift Potion"}],"is_trial":false,"path_per_floor":["M","M","M","M","$","R","E","M","T","R","M"],"character_chosen":"DEFECT","items_purchased":["Ball Lightning"],"campfire_rested":1,"item_purchase_floors":[5],"current_hp_per_floor":[63,63,59,49,49,49,25,8,8,30,0],"gold":84,"neow_bonus":"TRANSFORM_CARD","is_prod":false,"is_daily":false,"chose_seed":false,"campfire_upgraded":1,"win_rate":0,"timestamp":1543439544,"path_taken":["M","M","M","M","$","R","E","M","T","R","M"],"build_version":"2018-11-15","purchased_purges":1,"victory":false,"max_hp_per_floor":[75,75,75,75,75,75,75,75,75,75,75],"card_choices":[{"not_picked":["Double Energy","Tempest"],"picked":"Coolheaded","floor":1},{"not_picked":["Stack","Recycle"],"picked":"Conserve Battery","floor":2},{"not_picked":["Steam Power","Hologram"],"picked":"Melter","floor":3},{"not_picked":["Seek","Barrage"],"picked":"Darkness","floor":4},{"not_picked":["Undo","Compile Driver"],"picked":"Redo","floor":7},{"not_picked":["BootSequence","Conserve Battery"],"picked":"Gash","floor":8}],"player_experience":910403,"relics_obtained":[{"floor":7,"key":"Singing Bowl"},{"floor":9,"key":"Bottled Lightning"}],"event_choices":[],"is_beta":false,"boss_relics":[],"items_purged_floors":[5],"is_endless":false,"potions_floor_spawned":[1,4,8],"killed_by":"Lots of Slimes","ascension_level":9}