{"gold_per_floor":[117,117,9,9,22,54,54,68,68,94,94,104,104,129,129,232,232,249,263,95,105,123,123,157,157,181,209,209,20,20],"floor_reached":30,"playtime":1296,"items_purged":["Regret","Strike_G"],"score":467,"play_id":"3de1eb78-af17-4a82-a40f-6446491ec940","local_time":"20190125173940","is_ascension_mode":true,"campfire_choices":[{"data":"Neutralize","floor":7.0,"key":"SMITH"},{"data":"Backflip","floor":13.0,"key":"SMITH"},{"data":"Sucker Punch","floor":15.0,"key":"SMITH"},{"data":"Terror","floor":23,"key":"SMITH"},{"floor":25,"key":"REST"}],"neow_cost":"NONE","seed_source_timestamp":593262377185302,"circlet_count":0,"master_deck":["AscendersBane","Defend_G","Defend_G","Defend_G","Defend_G","Defend_G","Strike_G","Strike_G","Strike_G","Strike_G","Survivor","Neutralize+1","Backflip+1","Footwork+1","Sucker Punch+1","Underhanded Strike","Heel Hook","Storm of Steel+1","Prepared","Phantasmal Killer","Distraction","A Thousand Cuts","Terror+1","Blur","Eviscerate+1","Panache"],"special_seed":0,"relics":["Ring of the Snake","NeowsBlessing","Dodecahedron","Happy Flower","Gremlin Horn","Dead Branch","Gambling Chip","Sozu","Blue Candle","Anchor","Bag of Preparation"],"potions_floor_usage":[],"damage_taken":[{"damage":0.0,"enemies":"2 Louse","floor":1.0,"turns":1.0},{"damage":0.0,"enemies":"Cultist","floor":5.0,"turns":1.0},{"damage":0.0,"enemies":"Lagavulin","floor":6.0,"turns":1.0},{"damage":5.0,"enemies":"Jaw Worm","floor":8.0,"turns":4.0},{"damage":21.0,"enemies":"Gremlin Nob","floor":10.0,"turns":5.0},{"damage":4.0,"enemies":"Gremlin Gang","floor":12.0,"turns":3.0},{"damage":7.0,"enemies":"Lagavulin","floor":14.0,"turns":3.0},{"damage":2.0,"enemies":"Hexaghost","floor":16.0,"turns":9.0},{"damage":6.0,"enemies":"2 Thieves","floor":18.0,"turns":4.0},{"damage":1.0,"enemies":"Chosen","floor":19.0,"turns":3.0},{"damage":4.0,"enemies":"Snake Plant","floor":21.0,"turns":5.0},{"damage":12.0,"enemies":"Chosen and Byrds","floor":22.0,"turns":3.0},{"damage":40,"enemies":"Book of Stabbing","floor":24,"turns":4},{"damage":21,"enemies":"Gremlin Leader","floor":27,"turns":4},{"damage":3,"enemies":"Book of Stabbing","floor":30,"turns":1}],"seed_played":"-4168349384525991326","potions_obtained":[{"floor":6.0,"key":"Fruit Juice"},{"floor":8.0,"key":"Fire Potion"},{"floor":10.0,"key":"FearPotion"},{"floor":12.0,"key":"AttackPotion"}],"is_trial":false,"path_per_floor":["M","?","$","?","M","E","R","M","T","E","?","M","R","E","R","B",null,"M","M","$","M","M","R","E","R","T","E","?","$","E"],"character_chosen":"THE_SILENT","items_purchased":["Footwork","A Thousand Cuts","Panache"],"campfire_rested":1,"item_purchase_floors":[3,20,29],"current_hp_per_floor":[63,63,63,63,63,68,68,63,63,42,42,38,38,31,31,29,64,58,57,57,53,41,41,1,23,23,2,2,2,0],"gold":20,"neow_bonus":"THREE_ENEMY_KILL","is_prod":false,"is_daily":false,"chose_seed":false,"campfire_upgraded":4,"win_rate":0,"timestamp":1548459580,"path_taken":["M","?","$","?","?","E","R","M","T","E","?","M","R","E","R","BOSS","M","M","$","?","M","R","E","R","T","E","?","?","E"],"build_version":"2019-01-23","purchased_purges":2,"victory":false,"max_hp_per_floor":[70,70,70,70,70,75,75,75,75,75,75,75,75,75,75,75,75,75,75,75,75,75,75,75,75,75,75,75,75,75],"card_choices":[{"not_picked":["PiercingWail","Flying Knee"],"picked":"Backflip","floor":1.0},{"not_picked":["Outmaneuver","Setup"],"picked":"Sucker Punch","floor":5.0},{"not_picked":["Bane","Expertise"],"picked":"Underhanded Strike","floor":6.0},{"not_picked":["PiercingWail","Flying Knee"],"picked":"Heel Hook","floor":8.0},{"not_picked":["PiercingWail","Expertise"],"picked":"Storm of Steel","floor":10.0},{"not_picked":["Tactician","Dodge and Roll"],"picked":"Prepared","floor":12.0},{"not_picked":["Quick Slash","Dodge and Roll","Poisoned Stab"],"picked":"SKIP","floor":14.0},{"not_picked":["Unload","Storm of Steel"],"picked":"Phantasmal Killer","floor":16.0},{"not_picked":["Slice+1","PiercingWail","Underhanded Strike"],"picked":"SKIP","floor":18.0},{"not_picked":["Bane+1","Prepared"],"picked":"Distraction","floor":19.0},{"not_picked":["Predator","Outmaneuver+1"],"picked":"Terror","floor":21.0},{"not_picked":["Deflect","Catalyst","Outmaneuver"],"picked":"SKIP","floor":22.0},{"not_picked":["Flechettes+1","Backflip"],"picked":"Blur","floor":24},{"not_picked":["Predator","Noxious Fumes"],"picked":"Eviscerate+1","floor":27}],"player_experience":213847,"relics_obtained":[{"floor":6.0,"key":"Happy Flower"},{"floor":9.0,"key":"Gremlin Horn"},{"floor":10.0,"key":"Dead Branch"},{"floor":14.0,"key":"Gambling Chip"},{"floor":24,"key":"Blue Candle"},{"floor":26,"key":"Anchor"},{"floor":27,"key":"Bag of Preparation"}],"event_choices":[{"damage_healed":0.0,"max_hp_gain":0.0,"max_hp_loss":0.0,"gold_gain":0.0,"event_name":"Big Fish","player_choice":"Box","floor":2.0,"gold_loss":0.0,"damage_taken":0.0,"relics_obtained":["Dodecahedron"],"cards_obtained":["Regret"]},{"damage_healed":0.0,"max_hp_gain":0.0,"max_hp_loss":0.0,"gold_gain":0.0,"event_name":"Upgrade Shrine","player_choice":"Upgraded","floor":4.0,"gold_loss":0.0,"damage_taken":0.0,"cards_upgraded":["Footwork"]},{"damage_healed":0.0,"max_hp_gain":0.0,"max_hp_loss":0.0,"gold_gain":0.0,"event_name":"Accursed Blacksmith","player_choice":"Forge","floor":11.0,"gold_loss":0.0,"damage_taken":0.0,"cards_upgraded":["Storm of Steel"]},{"damage_healed":0,"gold_gain":0,"player_choice":"Bought 0 Potions","damage_taken":0,"max_hp_gain":0,"max_hp_loss":0,"event_name":"The Woman in Blue","floor":28,"gold_loss":0}],"is_beta":false,"boss_relics":[{"not_picked":["Cursed Key","Orrery"],"picked":"Sozu"}],"items_purged_floors":[3,20],"is_endless":false,"potions_floor_spawned":[6,8,10,12,18,27],"killed_by":"Book of Stabbing","ascension_level":10}