{"gold_per_floor":[112,112,126,301,320,320,339,339,339,354,354,354,12,24,24,124,124,140,140,150,164,26,26,26,26,26,26,26,40,53,53],"floor_reached":31,"playtime":1891,"items_purged":[],"score":460,"play_id":"2253ae2b-7320-4a2f-8442-cd924319fb89","local_time":"20190209200600","is_ascension_mode":true,"campfire_choices":[{"data":"Skewer","floor":6,"key":"SMITH"},{"data":"Neutralize","floor":8,"key":"SMITH"},{"data":"Dodge and Roll","floor":11,"key":"SMITH"},{"data":"Apotheosis","floor":15,"key":"SMITH"},{"data":"Well Laid Plans","floor":23,"key":"SMITH"},{"data":"Acrobatics","floor":25,"key":"SMITH"},{"data":"Reflex","floor":27,"key":"SMITH"}],"neow_cost":"NONE","seed_source_timestamp":1311898764802428,"circlet_count":0,"master_deck":["AscendersBane","Defend_G","Defend_G","Defend_G","Defend_G","Defend_G","Strike_G","Strike_G","Strike_G","Strike_G","Strike_G","Survivor","Neutralize+1","Skewer+1","Dodge and Roll+1","Quick Slash","Mayhem","Apotheosis+1","Deadly Poison","Malaise","Well Laid Plans+1","Decay","Reflex+1","Acrobatics+1","Caltrops","Well Laid Plans","PiercingWail"],"relics":["Coffee Dripper","The Courier","Ornamental Fan","HoveringKite","Singing Bowl"],"potions_floor_usage":[16,20,24,30,31,31],"damage_taken":[{"damage":1,"enemies":"2 Louse","floor":1,"turns":3},{"damage":0,"enemies":"Small Slimes","floor":3,"turns":2},{"damage":0,"enemies":"Cultist","floor":5,"turns":5},{"damage":9,"enemies":"Large Slime","floor":7,"turns":5},{"damage":9,"enemies":"Exordium Wildlife","floor":10,"turns":5},{"damage":0,"enemies":"2 Fungi Beasts","floor":14,"turns":3},{"damage":0,"enemies":"Hexaghost","floor":16,"turns":9},{"damage":11,"enemies":"Shell Parasite","floor":18,"turns":4},{"damage":25,"enemies":"3 Byrds","floor":20,"turns":7},{"damage":13,"enemies":"Snecko","floor":21,"turns":8},{"damage":0,"enemies":"Slavers","floor":24,"turns":1},{"damage":4,"enemies":"Cultist and Chosen","floor":29,"turns":8},{"damage":2,"enemies":"3 Cultists","floor":30,"turns":5},{"damage":9,"enemies":"Centurion and Healer","floor":31,"turns":2}],"seed_played":"-5645518493973803556","potions_obtained":[{"floor":1,"key":"Fire Potion"},{"floor":5,"key":"GamblersBrew"},{"floor":18,"key":"Strength Potion"},{"floor":29,"key":"Block Potion"},{"floor":30,"key":"PowerPotion"}],"is_trial":false,"path_per_floor":["M","?","M","?","M","R","M","R","T","M","R","?","$","M","R","B",null,"M","?","M","M","$","R","E","R","T","R","?","M","M","M"],"character_chosen":"THE_SILENT","items_purchased":["Mayhem","Apotheosis","Deadly Poison","Caltrops","SmokeBomb"],"campfire_rested":0,"item_purchase_floors":[13,13,13,22,22],"current_hp_per_floor":[62,55,55,55,55,55,46,46,46,37,37,37,37,37,37,37,62,51,51,26,13,13,13,13,13,13,13,13,9,7,0],"gold":53,"neow_bonus":"BOSS_RELIC","is_prod":false,"is_daily":false,"chose_seed":false,"campfire_upgraded":7,"win_rate":0,"timestamp":1549739160,"path_taken":["M","?","M","?","M","R","M","R","T","M","R","?","$","?","R","BOSS","M","?","M","M","$","R","E","R","T","R","?","M","M","M"],"build_version":"2019-01-23","purchased_purges":0,"victory":false,"max_hp_per_floor":[70,70,70,70,70,70,70,70,70,70,70,70,70,70,70,70,70,70,70,70,70,70,70,70,70,70,70,70,70,70,70],"card_choices":[{"not_picked":["Well Laid Plans","Sucker Punch"],"picked":"Skewer","floor":1},{"not_picked":["Slice","Outmaneuver"],"picked":"Dodge and Roll","floor":3},{"not_picked":["Bane","Finisher","Flechettes"],"picked":"SKIP","floor":5},{"not_picked":["Poisoned Stab","Sucker Punch","Underhanded Strike"],"picked":"SKIP","floor":7},{"not_picked":["Underhanded Strike","Dagger Spray"],"picked":"Quick Slash","floor":10},{"not_picked":["Blade Dance","Venomology","Setup"],"picked":"SKIP","floor":14},{"not_picked":["Venomology","Die Die Die"],"picked":"Malaise","floor":16},{"not_picked":["Backstab","Slice"],"picked":"Well Laid Plans","floor":18},{"not_picked":["Sucker Punch","Skewer"],"picked":"Reflex","floor":20},{"not_picked":["Blade Dance","Deflect"],"picked":"Acrobatics","floor":21},{"not_picked":["Outmaneuver+1","Sucker Punch+1"],"picked":"Well Laid Plans","floor":29},{"not_picked":["Underhanded Strike","Dodge and Roll"],"picked":"PiercingWail","floor":30}],"player_experience":337955,"relics_obtained":[{"floor":9,"key":"Ornamental Fan"},{"floor":26,"key":"Singing Bowl"}],"event_choices":[{"damage_healed":0,"gold_gain":0,"player_choice":"Success","damage_taken":7,"relics_obtained":["The Courier"],"max_hp_gain":0,"max_hp_loss":0,"event_name":"Scrap Ooze","floor":2,"gold_loss":0},{"damage_healed":0,"gold_gain":175,"player_choice":"AGREE","damage_taken":0,"max_hp_gain":0,"max_hp_loss":0,"event_name":"Liars Game","floor":4,"gold_loss":0,"cards_obtained":["Doubt"]},{"cards_removed":["Doubt"],"damage_healed":0,"gold_gain":0,"player_choice":"Removed Curses","damage_taken":0,"max_hp_gain":0,"max_hp_loss":0,"event_name":"Fountain of Cleansing","floor":12,"gold_loss":0},{"damage_healed":0,"gold_gain":0,"player_choice":"Smashed Altar","damage_taken":0,"max_hp_gain":0,"max_hp_loss":0,"event_name":"Forgotten Altar","floor":19,"gold_loss":0,"cards_obtained":["Decay"]},{"damage_healed":0,"gold_gain":0,"player_choice":"Ignored","damage_taken":0,"max_hp_gain":0,"max_hp_loss":0,"event_name":"Beggar","floor":28,"gold_loss":0}],"is_beta":false,"boss_relics":[{"not_picked":["Runic Pyramid","Runic Dome"],"picked":"HoveringKite"}],"items_purged_floors":[],"is_endless":false,"potions_floor_spawned":[1,5,14,18,29,30],"killed_by":"Centurion and Healer","ascension_level":11}