{"gold_per_floor":[109,189,39,39,51,51,80,80,155,171,171,215,45,84,84,182,182,195,195,208,229,229,229,304,318,342,88,88],"floor_reached":28,"playtime":1607,"items_purged":["Strike_B"],"score":469,"play_id":"f5a1c5dc-6544-471e-96a6-a1e57241b150","local_time":"20190202001149","is_ascension_mode":true,"campfire_choices":[{"data":"Consume","floor":6,"key":"SMITH"},{"data":"Zap","floor":11,"key":"SMITH"},{"data":"Loop","floor":15,"key":"SMITH"},{"data":"White Noise","floor":23,"key":"SMITH"}],"neow_cost":"NONE","seed_source_timestamp":1168186250489166,"circlet_count":0,"master_deck":["AscendersBane","Strike_B","Defend_B+1","Defend_B","Defend_B","Defend_B","Zap+1","Dualcast","Melter+1","Consume+1","Cold Snap","Ball Lightning","Cold Snap","Loop+1","Conserve Battery","Genetic Algorithm","Biased Cognition","White Noise+1","Storm","Glacier","Sunder","Biased Cognition","Melter","Tempest","Thunder Strike","Loop"],"relics":["Coffee Dripper","Anchor","Pen Nib","Golden Idol","Cables","Mummified Hand","DataDisk","Eternal Feather"],"potions_floor_usage":[7,12,20],"damage_taken":[{"damage":0,"enemies":"2 Louse","floor":1,"turns":3},{"damage":7,"enemies":"Small Slimes","floor":5,"turns":3},{"damage":17,"enemies":"Lagavulin","floor":7,"turns":6},{"damage":0,"enemies":"Jaw Worm","floor":10,"turns":3},{"damage":0,"enemies":"Gremlin Nob","floor":12,"turns":3},{"damage":0,"enemies":"Lagavulin","floor":14,"turns":5},{"damage":3,"enemies":"The Guardian","floor":16,"turns":10},{"damage":0,"enemies":"Chosen","floor":18,"turns":6},{"damage":10,"enemies":"2 Thieves","floor":20,"turns":4},{"damage":0,"enemies":"Chosen and Byrds","floor":21,"turns":4},{"damage":0,"enemies":"Snake Plant","floor":25,"turns":4},{"damage":51,"enemies":"Gremlin Leader","floor":28,"turns":4}],"seed_played":"-7741265101200442094","potions_obtained":[{"floor":5,"key":"SkillPotion"},{"floor":7,"key":"Swift Potion"},{"floor":12,"key":"SteroidPotion"},{"floor":16,"key":"PowerPotion"},{"floor":20,"key":"FearPotion"}],"is_trial":false,"path_per_floor":["M","?","$","?","M","R","E","?","T","M","R","E","$","E","R","B",null,"M","?","M","M","?","R","?","M","T","$","E"],"character_chosen":"DEFECT","items_purchased":["Anchor","Loop","Conserve Battery","Tempest","Thunder Strike","Loop"],"campfire_rested":0,"item_purchase_floors":[3,13,13,27,27,27],"current_hp_per_floor":[68,68,68,53,46,46,29,29,29,29,29,29,29,29,29,26,58,58,52,42,42,42,54,48,48,48,48,0],"gold":88,"neow_bonus":"BOSS_RELIC","is_prod":false,"is_daily":false,"chose_seed":false,"campfire_upgraded":4,"win_rate":0,"timestamp":1549066309,"path_taken":["M","?","$","?","M","R","E","?","T","?","R","E","?","E","R","BOSS","M","?","?","M","?","R","?","M","T","$","E"],"build_version":"2019-01-23","purchased_purges":1,"victory":false,"max_hp_per_floor":[75,75,75,75,75,75,75,69,69,69,69,69,69,69,69,69,69,69,69,69,69,69,69,69,69,69,69,69],"card_choices":[{"not_picked":["Beam Cell","Recycle"],"picked":"Melter","floor":1},{"not_picked":["Stack","Barrage"],"picked":"Consume","floor":5},{"not_picked":["Creative AI","Undo"],"picked":"Cold Snap","floor":7},{"not_picked":["Double Energy","Gash"],"picked":"Ball Lightning","floor":10},{"not_picked":["White Noise","Ball Lightning"],"picked":"Cold Snap","floor":12},{"not_picked":["Rebound","Rip and Tear"],"picked":"Genetic Algorithm","floor":14},{"not_picked":["Fission","Hyperbeam"],"picked":"Biased Cognition","floor":16},{"not_picked":["Conserve Battery","FTL"],"picked":"White Noise","floor":18},{"not_picked":["Conserve Battery","Turbo"],"picked":"Storm","floor":20},{"not_picked":["Sweeping Beam","Streamline"],"picked":"Glacier","floor":21},{"not_picked":["Scrape+1","Coolheaded"],"picked":"Melter","floor":25}],"player_experience":1247531,"relics_obtained":[{"floor":7,"key":"Pen Nib"},{"floor":9,"key":"Cables"},{"floor":12,"key":"Mummified Hand"},{"floor":14,"key":"DataDisk"}],"event_choices":[{"damage_healed":0,"gold_gain":80,"player_choice":"Gained Gold","damage_taken":0,"max_hp_gain":0,"max_hp_loss":0,"event_name":"Golden Wing","floor":2,"gold_loss":0},{"damage_healed":0,"gold_gain":0,"player_choice":"Entered Light","damage_taken":15,"max_hp_gain":0,"max_hp_loss":0,"event_name":"Shining Light","floor":4,"gold_loss":0,"cards_upgraded":["Defend_B","Melter"]},{"damage_healed":0,"gold_gain":0,"player_choice":"Lose Max HP","damage_taken":0,"relics_obtained":["Golden Idol"],"max_hp_gain":0,"max_hp_loss":6,"event_name":"Golden Idol","floor":8,"gold_loss":0},{"damage_healed":0,"gold_gain":0,"player_choice":"","damage_taken":6,"max_hp_gain":0,"max_hp_loss":0,"event_name":"Knowing Skull","floor":19,"potions_obtained":[],"gold_loss":0,"cards_obtained":[]},{"damage_healed":0,"gold_gain":0,"cards_transformed":["Strike_B","Strike_B"],"player_choice":"Became Test Subject","damage_taken":0,"max_hp_gain":0,"max_hp_loss":0,"event_name":"Drug Dealer","floor":22,"gold_loss":0,"cards_obtained":["Sunder","Biased Cognition"]},{"damage_healed":0,"gold_gain":75,"player_choice":"Touch","damage_taken":6,"max_hp_gain":0,"max_hp_loss":0,"event_name":"FaceTrader","floor":24,"gold_loss":0}],"is_beta":false,"boss_relics":[{"not_picked":["Empty Cage","Snecko Eye"],"picked":"Eternal Feather"}],"items_purged_floors":[13],"is_endless":false,"potions_floor_spawned":[5,7,12,16,20,21],"killed_by":"Gremlin Leader","ascension_level":13}