{"gold_per_floor":[116,131,142,153,173,173,138,138,138,156,190,209,241,416,416,514,514,499,499,499,209,227,227,245,257,282,294,122,153,165,203,215,331,343,374,433,210,222,24,24],"floor_reached":40,"playtime":4575,"items_purged":["Doubt","Parasite"],"score":463,"play_id":"011d1fed-ccf1-4b2a-a346-30828a8e900a","local_time":"20181231203653","is_ascension_mode":false,"campfire_choices":[{"floor":6,"key":"RECALL"},{"data":"Creative AI","floor":8,"key":"SMITH"},{"floor":15,"key":"REST"},{"data":"Defragment","floor":23,"key":"SMITH"},{"data":"Static Discharge","floor":32,"key":"SMITH"}],"neow_cost":"TEN_PERCENT_HP_LOSS","seed_source_timestamp":715121894850170,"circlet_count":0,"master_deck":["Strike_B","Strike_B","Defend_B","Defend_B","Zap","Dualcast","Undo","Defragment+1","Redo","Go for the Eyes","Creative AI+1","Ball Lightning","Leap","Self Repair","Glacier+1","Electrodynamics","Hologram+1","Electrodynamics","Stack+1","Storm","Genetic Algorithm+1","Tempest+1","Static Discharge+1","Conserve Battery+1","Coolheaded+1","Go for the Eyes+1","FTL+1","Turbo+1","Streamline+1","Loop","Rainbow+1","Sweeping Beam+1","Fusion+1","Chrysalis+1","Redo+1","Doom and Gloom+1","Conserve Battery+1"],"relics":["Cracked Core","Mango","Pear","Smiling Mask","Toxic Egg 2","Cursed Key","Molten Egg 2","MawBank","Potion Belt","Empty Cage","Torii","Bronze Scales"],"potions_floor_usage":[11,11,16,16,31,40],"damage_taken":[{"damage":0,"enemies":"Small Slimes","floor":1,"turns":4},{"damage":6,"enemies":"Jaw Worm","floor":2,"turns":3},{"damage":6,"enemies":"2 Louse","floor":3,"turns":3},{"damage":1,"enemies":"2 Fungi Beasts","floor":4,"turns":3},{"damage":6,"enemies":"3 Louse","floor":5,"turns":3},{"damage":18,"enemies":"Exordium Wildlife","floor":10,"turns":4},{"damage":24,"enemies":"Lagavulin","floor":11,"turns":8},{"damage":11,"enemies":"Blue Slaver","floor":12,"turns":5},{"damage":18,"enemies":"3 Sentries","floor":13,"turns":6},{"damage":35,"enemies":"Hexaghost","floor":16,"turns":10},{"damage":14,"enemies":"2 Thieves","floor":18,"turns":4},{"damage":5,"enemies":"3 Byrds","floor":22,"turns":2},{"damage":5,"enemies":"Snake Plant","floor":24,"turns":6},{"damage":6,"enemies":"Shelled Parasite and Fungi","floor":25,"turns":4},{"damage":10,"enemies":"Centurion and Healer","floor":27,"turns":5},{"damage":22,"enemies":"Book of Stabbing","floor":29,"turns":7},{"damage":18,"enemies":"Slavers","floor":31,"turns":2},{"damage":25,"enemies":"Champ","floor":33,"turns":10},{"damage":7,"enemies":"3 Shapes","floor":35,"turns":4},{"damage":56,"enemies":"2 Orb Walkers","floor":36,"turns":4},{"damage":1,"enemies":"3 Darklings","floor":38,"turns":3},{"damage":37,"enemies":"Nemesis","floor":40,"turns":7}],"seed_played":"5902544654527992713","potions_obtained":[{"floor":3,"key":"SkillPotion"},{"floor":4,"key":"EssenceOfSteel"},{"floor":11,"key":"Strength Potion"},{"floor":12,"key":"FearPotion"},{"floor":29,"key":"FocusPotion"},{"floor":33,"key":"Poison Potion"},{"floor":36,"key":"Ancient Potion"},{"floor":38,"key":"Strength Potion"}],"is_trial":false,"path_per_floor":["M","M","M","M","M","R","?","R","T","M","E","M","E","?","R","B",null,"M","?","?","$","M","R","M","M","T","M","$","E","?","E","R","B",null,"M","?","$","M","$","E"],"character_chosen":"DEFECT","items_purchased":["Storm","Genetic Algorithm+1","Tempest+1","FTL+1","Turbo+1","Chrysalis+1","Redo+1","Bronze Scales","Conserve Battery+1"],"campfire_rested":1,"item_purchase_floors":[21,21,21,28,28,37,37,39,39],"current_hp_per_floor":[82,76,70,69,63,63,82,82,92,74,50,39,28,28,55,27,92,78,78,78,78,80,80,82,83,83,80,80,65,89,71,71,53,89,89,33,33,32,32,0],"gold":24,"neow_bonus":"ONE_RARE_RELIC","is_prod":false,"is_daily":false,"chose_seed":false,"campfire_upgraded":3,"win_rate":0,"timestamp":1546288613,"path_taken":["M","M","M","M","M","R","?","R","T","M","E","M","E","?","R","BOSS","M","?","?","$","M","R","M","M","T","M","$","E","?","E","R","BOSS","M","?","$","M","$","E"],"build_version":"2018-12-20","purchased_purges":2,"victory":false,"max_hp_per_floor":[82,82,82,82,82,82,82,82,92,92,92,92,92,92,92,92,92,92,92,92,92,92,92,92,92,92,92,89,89,89,89,89,89,89,89,89,89,89,89,89],"card_choices":[{"not_picked":["Turbo","Barrage"],"picked":"Undo","floor":1},{"not_picked":["Stack","Double Energy"],"picked":"Defragment","floor":2},{"not_picked":["Coolheaded","Leap"],"picked":"Redo","floor":3},{"not_picked":["Barrage","Hologram"],"picked":"Go for the Eyes","floor":4},{"not_picked":["Aggregate","Conserve Battery"],"picked":"Creative AI","floor":5},{"not_picked":["Steam","Rebound"],"picked":"Ball Lightning","floor":10},{"not_picked":["Gash","Hyperbeam"],"picked":"Leap","floor":11},{"not_picked":["Turbo","Stack"],"picked":"Self Repair","floor":12},{"not_picked":["Ball Lightning","Heatsinks"],"picked":"Glacier","floor":13},{"not_picked":["Seek+1","Echo Form"],"picked":"Electrodynamics","floor":16},{"not_picked":["Go for the Eyes+1","Ball Lightning"],"picked":"Hologram+1","floor":18},{"not_picked":["Compile Driver+1","Double Energy+1"],"picked":"Static Discharge","floor":22},{"not_picked":["Reinforced Body+1","Skim+1"],"picked":"Conserve Battery+1","floor":24},{"not_picked":["Tempest+1","Conserve Battery+1"],"picked":"Coolheaded+1","floor":25},{"not_picked":["Coolheaded+1","Creative AI"],"picked":"Go for the Eyes+1","floor":27},{"not_picked":["Barrage+1","Turbo+1"],"picked":"Streamline+1","floor":29},{"not_picked":["Steam+1","Self Repair+1"],"picked":"Loop","floor":31},{"not_picked":["Hyperbeam+1","Meteor Strike+1"],"picked":"Rainbow+1","floor":33},{"not_picked":["Leap+1","Barrage+1"],"picked":"Sweeping Beam+1","floor":35},{"not_picked":["Force Field+1","Beam Cell+1"],"picked":"Fusion+1","floor":36},{"not_picked":["Stack+1","Leap+1"],"picked":"Doom and Gloom+1","floor":38}],"player_experience":273781,"relics_obtained":[{"floor":9,"key":"Pear"},{"floor":11,"key":"Smiling Mask"},{"floor":13,"key":"Toxic Egg 2"},{"floor":29,"key":"MawBank"},{"floor":31,"key":"Potion Belt"},{"floor":36,"key":"Torii"}],"event_choices":[{"damage_healed":20,"gold_gain":0,"player_choice":"Healed","damage_taken":0,"max_hp_gain":0,"max_hp_loss":0,"event_name":"The Cleric","floor":7,"gold_loss":35},{"damage_healed":0,"gold_gain":175,"player_choice":"AGREE","damage_taken":0,"max_hp_gain":0,"max_hp_loss":0,"event_name":"Liars Game","floor":14,"gold_loss":0,"cards_obtained":["Doubt"]},{"damage_healed":0,"gold_gain":0,"player_choice":"Opened","damage_taken":0,"relics_obtained":["Molten Egg 2"],"max_hp_gain":0,"max_hp_loss":0,"event_name":"The Mausoleum","floor":19,"gold_loss":0},{"damage_healed":0,"gold_gain":0,"cards_transformed":["Strike_B","Defend_B"],"player_choice":"Became Test Subject","damage_taken":0,"max_hp_gain":0,"max_hp_loss":0,"event_name":"Drug Dealer","floor":20,"gold_loss":0,"cards_obtained":["Electrodynamics","Stack"]},{"damage_healed":29,"gold_gain":0,"player_choice":"Heal","damage_taken":0,"max_hp_gain":0,"max_hp_loss":0,"event_name":"The Library","floor":30,"gold_loss":0},{"damage_healed":0,"gold_gain":0,"player_choice":"Fight","damage_taken":0,"max_hp_gain":0,"max_hp_loss":0,"event_name":"Mysterious Sphere","floor":36,"gold_loss":0}],"is_beta":false,"boss_relics":[{"not_picked":["Runic Dome","Tiny House"],"picked":"Cursed Key"},{"not_picked":["Sozu","Runic Pyramid"],"picked":"Empty Cage"}],"items_purged_floors":[21,28],"is_endless":false,"potions_floor_spawned":[3,4,11,12,29,33,36,38],"killed_by":"Nemesis","ascension_level":0}