{"gold_per_floor":[117,42,61,78,78,78,91,91,91,91,109,120,133,144,144,239,239,250,250,283,267,267,267,294,308,359,274,122,122,122,134,134,233,233,246,346,346,356,578,578,591,603,603,620,647,647],"floor_reached":46,"playtime":16660,"items_purged":["Corruption","Bash"],"score":414,"play_id":"58093211-8b7c-46bc-afda-d7770f4eca32","local_time":"20190202223425","is_ascension_mode":false,"campfire_choices":[{"data":"Body Slam","floor":6.0,"key":"SMITH"},{"data":"True Grit","floor":8.0,"key":"SMITH"},{"data":"Juggernaut","floor":15.0,"key":"SMITH"},{"floor":23.0,"key":"REST"},{"floor":30.0,"key":"REST"},{"data":"Shrug It Off","floor":32.0,"key":"SMITH"},{"floor":40,"key":"REST"}],"neow_cost":"NONE","seed_source_timestamp":0,"circlet_count":0,"master_deck":["Strike_R+1","Strike_R+1","Strike_R+1","Strike_R+1","Defend_R+1","Defend_R+1","Defend_R+1","Defend_R+1","True Grit+1","Body Slam+1","Rampage","Juggernaut+1","Body Slam","Iron Wave","Flame Barrier","Juggernaut","Shrug It Off+1","True Grit+1","Dark Embrace","Immolate","Burning Pact","Juggernaut"],"special_seed":0,"relics":["Burning Blood","Incense Burner","Runic Cube","Red Mask","Regal Pillow","Boot","Dodecahedron","Black Star","Unceasing Top","Meat on the Bone","Centennial Puzzle"],"potions_floor_usage":[41,41,46],"damage_taken":[{"damage":6.0,"enemies":"Cultist","floor":1.0,"turns":3.0},{"damage":5.0,"enemies":"Small Slimes","floor":3.0,"turns":5.0},{"damage":12.0,"enemies":"Jaw Worm","floor":4.0,"turns":6.0},{"damage":7.0,"enemies":"Blue Slaver","floor":7.0,"turns":3.0},{"damage":10.0,"enemies":"Large Slime","floor":11.0,"turns":9.0},{"damage":0.0,"enemies":"Looter","floor":12.0,"turns":3.0},{"damage":8.0,"enemies":"3 Louse","floor":13.0,"turns":5.0},{"damage":0.0,"enemies":"Large Slime","floor":14.0,"turns":5.0},{"damage":22.0,"enemies":"Hexaghost","floor":16.0,"turns":10.0},{"damage":7.0,"enemies":"3 Byrds","floor":18.0,"turns":5.0},{"damage":51.0,"enemies":"Masked Bandits","floor":20.0,"turns":7.0},{"damage":7.0,"enemies":"2 Thieves","floor":21.0,"turns":4.0},{"damage":14.0,"enemies":"Sentry and Sphere","floor":25.0,"turns":6.0},{"damage":0.0,"enemies":"Centurion and Healer","floor":31.0,"turns":5.0},{"damage":10.0,"enemies":"Collector","floor":33.0,"turns":10.0},{"damage":16,"enemies":"3 Shapes","floor":35,"turns":3},{"damage":8,"enemies":"Mind Bloom Boss Battle","floor":36,"turns":9},{"damage":12,"enemies":"Orb Walker","floor":38,"turns":5},{"damage":29,"enemies":"Writhing Mass","floor":41,"turns":5},{"damage":20,"enemies":"4 Shapes","floor":42,"turns":9},{"damage":46,"enemies":"Spire Growth","floor":44,"turns":6},{"damage":22,"enemies":"Jaw Worm Horde","floor":46,"turns":5}],"seed_played":"6789275690520748028","potions_obtained":[{"floor":1.0,"key":"Energy Potion"},{"floor":11.0,"key":"Fruit Juice"},{"floor":12.0,"key":"EssenceOfSteel"},{"floor":14.0,"key":"Strength Potion"},{"floor":21.0,"key":"LiquidBronze"},{"floor":25.0,"key":"Energy Potion"},{"floor":31.0,"key":"Dexterity Potion"},{"floor":36,"key":"Dexterity Potion"},{"floor":38,"key":"GamblersBrew"},{"floor":42,"key":"FearPotion"}],"is_trial":false,"path_per_floor":["M","$","M","M","?","R","M","R","T","?","M","M","M","M","R","B",null,"M","?","?","M","?","R","T","M","T","?","$","?","R","M","R","B",null,"M","?","?","M","?","R","M","M","T","M","T","M"],"character_chosen":"IRONCLAD","items_purchased":["Block Potion"],"campfire_rested":3,"item_purchase_floors":[28],"current_hp_per_floor":[80,80,80,74,80,80,79,79,79,79,75,80,78,80,80,69,85,84,84,39,38,38,63,63,55,55,55,55,55,85,85,85,81,85,75,73,73,67,67,85,62,48,48,20,20,0],"gold":647,"neow_bonus":"TRANSFORM_CARD","is_prod":false,"is_daily":false,"chose_seed":false,"campfire_upgraded":4,"win_rate":0.0,"timestamp":1549164865,"path_taken":["M","$","?","M","?","R","M","R","T","?","M","M","M","M","R","BOSS","M","?","?","M","?","R","?","M","T","?","$","?","R","M","R","BOSS","M","?","?","?","?","R","M","M","T","M","?","M"],"build_version":"2019-01-23","purchased_purges":2,"victory":false,"max_hp_per_floor":[80,80,80,80,80,80,80,80,80,80,80,80,80,80,80,85,85,85,85,85,85,85,85,85,85,85,85,85,85,85,85,85,85,85,85,85,85,85,85,85,85,85,85,85,85,85],"card_choices":[{"not_picked":["Blood for Blood","Clash"],"picked":"True Grit","floor":1.0},{"not_picked":["Thunderclap","Twin Strike","Cleave"],"picked":"SKIP","floor":3.0},{"not_picked":["Pommel Strike","Flex"],"picked":"Body Slam","floor":4.0},{"not_picked":["Twin Strike","Fire Breathing"],"picked":"Rampage","floor":7.0},{"not_picked":["True Grit","Clothesline"],"picked":"Juggernaut","floor":11.0},{"not_picked":["Pummel","Seeing Red"],"picked":"Body Slam","floor":12.0},{"not_picked":["Heavy Blade","Twin Strike"],"picked":"Iron Wave","floor":13.0},{"not_picked":["Sword Boomerang","Headbutt"],"picked":"Flame Barrier","floor":14.0},{"not_picked":["Bludgeon","Double Tap"],"picked":"Juggernaut","floor":16.0},{"not_picked":["Sever Soul","Pommel Strike","Clothesline"],"picked":"SKIP","floor":18.0},{"not_picked":["Armaments","Shrug It Off"],"picked":"True Grit+1","floor":21.0},{"not_picked":["Pommel Strike","Pummel+1","Thunderclap+1"],"picked":"SKIP","floor":25.0},{"not_picked":["Iron Wave+1","Inflame"],"picked":"Dark Embrace","floor":31.0},{"not_picked":["Fiend Fire","Bludgeon"],"picked":"Immolate","floor":33.0},{"not_picked":["Armaments","Corruption"],"picked":"Burning Pact","floor":35},{"not_picked":["Twin Strike","Seeing Red","Rage"],"picked":"SKIP","floor":38},{"not_picked":["Intimidate+1","Thunderclap+1","Fire Breathing+1"],"picked":"SKIP","floor":41},{"not_picked":["Clothesline","Battle Trance","Armaments+1"],"picked":"SKIP","floor":42},{"not_picked":["Clash","Infernal Blade+1"],"picked":"Juggernaut","floor":44}],"player_experience":35057,"relics_obtained":[{"floor":9.0,"key":"Incense Burner"},{"floor":20.0,"key":"Red Mask"},{"floor":24.0,"key":"Regal Pillow"},{"floor":26.0,"key":"Boot"},{"floor":36,"key":"Unceasing Top"},{"floor":43,"key":"Meat on the Bone"},{"floor":45,"key":"Centennial Puzzle"}],"event_choices":[{"damage_healed":26.0,"max_hp_gain":0.0,"max_hp_loss":0.0,"gold_gain":0.0,"event_name":"Big Fish","player_choice":"Banana","floor":5.0,"gold_loss":0.0,"damage_taken":0.0},{"damage_healed":0.0,"max_hp_gain":0.0,"max_hp_loss":0.0,"gold_gain":0.0,"event_name":"Shining Light","player_choice":"Ignored","floor":10.0,"gold_loss":0.0,"damage_taken":0.0},{"damage_healed":0.0,"max_hp_gain":0.0,"max_hp_loss":0.0,"gold_gain":0.0,"event_name":"The Library","player_choice":"Read","floor":19.0,"gold_loss":0.0,"damage_taken":0.0,"cards_obtained":["Shrug It Off"]},{"damage_healed":0.0,"max_hp_gain":0.0,"max_hp_loss":0.0,"gold_gain":0.0,"event_name":"Masked Bandits","player_choice":"Fought Bandits","floor":20.0,"gold_loss":0.0,"damage_taken":0.0},{"damage_healed":0.0,"max_hp_gain":0.0,"max_hp_loss":0.0,"gold_gain":0.0,"event_name":"Back to Basics","player_choice":"Simplicity","floor":22.0,"gold_loss":0.0,"damage_taken":0.0,"cards_upgraded":["Strike_R","Strike_R","Strike_R","Strike_R","Defend_R","Defend_R","Defend_R","Defend_R"]},{"damage_healed":0.0,"max_hp_gain":0.0,"max_hp_loss":0.0,"gold_gain":0.0,"event_name":"Addict","player_choice":"Obtained Relic","floor":27.0,"gold_loss":85.0,"damage_taken":0.0,"relics_obtained":["Dodecahedron"]},{"damage_healed":0.0,"max_hp_gain":0.0,"max_hp_loss":0.0,"gold_gain":0.0,"event_name":"Vampires","player_choice":"Ignored","floor":29.0,"gold_loss":0.0,"damage_taken":0.0},{"damage_healed":0,"gold_gain":0,"player_choice":"Fight","damage_taken":0,"max_hp_gain":0,"max_hp_loss":0,"event_name":"MindBloom","floor":36,"gold_loss":0},{"damage_healed":0,"gold_gain":0,"player_choice":"Ignored","damage_taken":0,"max_hp_gain":0,"max_hp_loss":0,"event_name":"NoteForYourself","floor":37,"gold_loss":0},{"damage_healed":0,"gold_gain":222,"player_choice":"Wore Mask","damage_taken":0,"max_hp_gain":0,"max_hp_loss":0,"event_name":"Tomb of Lord Red Mask","floor":39,"gold_loss":0}],"is_beta":false,"boss_relics":[{"not_picked":["White Beast Statue","Calling Bell"],"picked":"Runic Cube"},{"not_picked":["Runic Pyramid","Mark of Pain"],"picked":"Black Star"}],"items_purged_floors":[2,28],"is_endless":false,"potions_floor_spawned":[1,11,12,14,21,25,31,36,38,42],"killed_by":"Jaw Worm Horde","ascension_level":0}