{"gold_per_floor":[360,31,31,100,116,144,96,96,119,134,82,110,110,125,125,125],"floor_reached":16,"playtime":577,"items_purged":["Writhe"],"score":135,"play_id":"0ad6e968-50bd-477a-a4d1-72ced3c93999","local_time":"20190104000317","is_ascension_mode":true,"campfire_choices":[{"floor":8,"key":"REST"},{"floor":15,"key":"REST"}],"neow_cost":"CURSE","seed_source_timestamp":165610845386700,"circlet_count":0,"master_deck":["Strike_R","Strike_R","Strike_R","Strike_R","Defend_R","Defend_R","Defend_R","Defend_R","Bash","Twin Strike","Armaments","Intimidate","Searing Blow+1","Cleave+1","Flame Barrier","Flex","Power Through"],"relics":["Burning Blood","Chemical X","Molten Egg 2","Paper Frog","PreservedInsect"],"potions_floor_usage":[6,12],"damage_taken":[{"damage":4,"enemies":"2 Louse","floor":1,"turns":3},{"damage":4,"enemies":"Jaw Worm","floor":5,"turns":6},{"damage":55,"enemies":"3 Sentries","floor":6,"turns":13},{"damage":0,"enemies":"Cultist","floor":10,"turns":2},{"damage":24,"enemies":"Gremlin Nob","floor":12,"turns":4},{"damage":11,"enemies":"Lots of Slimes","floor":14,"turns":3},{"damage":80,"enemies":"Hexaghost","floor":16,"turns":15}],"seed_played":"-3827017020495993281","potions_obtained":[{"floor":5,"key":"BloodPotion"},{"floor":6,"key":"Regen Potion"},{"floor":10,"key":"Dexterity Potion"},{"floor":12,"key":"Fire Potion"}],"is_trial":false,"path_per_floor":["M","$","?","T","M","E","$","R","T","M","$","E","$","M","R","B"],"character_chosen":"IRONCLAD","items_purchased":["Chemical X","Armaments","Cleave+1","Flex"],"campfire_rested":2,"item_purchase_floors":[2,2,7,11],"current_hp_per_floor":[80,80,73,73,75,34,34,58,58,64,64,58,58,53,77,0],"gold":125,"neow_bonus":"TWO_FIFTY_GOLD","is_prod":false,"is_daily":false,"chose_seed":false,"campfire_upgraded":0,"win_rate":0,"timestamp":1546556597,"path_taken":["M","$","?","?","?","E","$","R","T","M","?","E","$","M","R","BOSS"],"build_version":"2018-12-20","purchased_purges":1,"victory":false,"max_hp_per_floor":[80,80,80,80,80,80,80,80,80,80,80,80,80,80,80,80],"card_choices":[{"not_picked":["Havoc","True Grit"],"picked":"Twin Strike","floor":1},{"not_picked":["Clash+1","Flex"],"picked":"Intimidate","floor":5},{"not_picked":["Body Slam+1","Disarm"],"picked":"Searing Blow+1","floor":6},{"not_picked":["Fiend Fire+1","Cleave+1"],"picked":"Flame Barrier","floor":10},{"not_picked":["Anger+1","True Grit","Shrug It Off"],"picked":"SKIP","floor":12},{"not_picked":["Cleave+1","Pommel Strike+1"],"picked":"Power Through","floor":14}],"player_experience":833415,"relics_obtained":[{"floor":4,"key":"Molten Egg 2"},{"floor":6,"key":"Paper Frog"},{"floor":12,"key":"PreservedInsect"}],"event_choices":[{"cards_removed":["Strike_R"],"damage_healed":0,"gold_gain":0,"player_choice":"Card Removal","damage_taken":7,"max_hp_gain":0,"max_hp_loss":0,"event_name":"Golden Wing","floor":3,"gold_loss":0}],"is_beta":false,"boss_relics":[],"items_purged_floors":[2],"is_endless":false,"potions_floor_spawned":[5,6,10,12],"killed_by":"Hexaghost","ascension_level":5}