{"gold_per_floor":[216,236,76,93,104,104,133,54,106,124,137,137,157,176,176,271,271,281,196,196,208,225,225,253,253,253,253,264,298,298,316,316,316],"floor_reached":33,"playtime":1745,"items_purged":["Strike_R"],"score":306,"play_id":"6c460eca-e3ef-4539-bae4-0bd357465192","local_time":"20181220040245","is_ascension_mode":true,"campfire_choices":[{"data":"Corruption","floor":6,"key":"SMITH"},{"data":"Bash","floor":12,"key":"SMITH"},{"floor":15,"key":"RECALL"},{"floor":23,"key":"REST"},{"data":"Whirlwind","floor":25,"key":"SMITH"},{"data":"Fiend Fire","floor":27,"key":"SMITH"},{"data":"Flame Barrier","floor":32,"key":"SMITH"}],"neow_cost":"NONE","seed_source_timestamp":553801441646482,"circlet_count":0,"master_deck":["Strike_R","Strike_R","Strike_R","Defend_R","Defend_R","Defend_R","Defend_R","Bash+1","Clothesline","Dropkick","Corruption+1","Shrug It Off","Iron Wave","Shrug It Off","Entrench","Flame Barrier+1","Clothesline","Sentinel","Exhume","Shrug It Off","Limit Break","Whirlwind+1","Metallicize+1","Flex+1","Fiend Fire+1","Disarm+1","Body Slam+1","Havoc"],"relics":["Burning Blood","Pantograph","Eternal Feather","Nloth\u0027s Gift","Meat on the Bone","Unceasing Top","Bottled Flame"],"potions_floor_usage":[16,21,22,24,29,29,29],"damage_taken":[{"damage":6,"enemies":"Cultist","floor":1,"turns":4},{"damage":1,"enemies":"Jaw Worm","floor":2,"turns":3},{"damage":0,"enemies":"2 Louse","floor":4,"turns":2},{"damage":1,"enemies":"Red Slaver","floor":5,"turns":5},{"damage":20,"enemies":"3 Sentries","floor":7,"turns":10},{"damage":5,"enemies":"Large Slime","floor":10,"turns":8},{"damage":0,"enemies":"Looter","floor":11,"turns":3},{"damage":3,"enemies":"3 Louse","floor":13,"turns":7},{"damage":12,"enemies":"Lots of Slimes","floor":14,"turns":7},{"damage":29,"enemies":"Slime Boss","floor":16,"turns":16},{"damage":39,"enemies":"Chosen","floor":18,"turns":10},{"damage":12,"enemies":"2 Thieves","floor":21,"turns":4},{"damage":45,"enemies":"Sentry and Sphere","floor":22,"turns":17},{"damage":12,"enemies":"Book of Stabbing","floor":24,"turns":7},{"damage":22,"enemies":"Snake Plant","floor":28,"turns":4},{"damage":52,"enemies":"Slavers","floor":29,"turns":10},{"damage":15,"enemies":"Chosen and Byrds","floor":31,"turns":7},{"damage":95,"enemies":"Champ","floor":33,"turns":17}],"seed_played":"-2322343828363121689","potions_obtained":[{"floor":7,"key":"Poison Potion"},{"floor":10,"key":"AttackPotion"},{"floor":11,"key":"Regen Potion"},{"floor":13,"key":"Dexterity Potion"},{"floor":16,"key":"SteroidPotion"},{"floor":21,"key":"SpeedPotion"},{"floor":22,"key":"Dexterity Potion"},{"floor":24,"key":"BloodPotion"},{"floor":31,"key":"GamblersBrew"}],"is_trial":false,"path_per_floor":["M","M","$","M","M","R","E","$","T","M","M","R","M","M","R","B",null,"M","?","?","M","M","R","E","R","T","R","M","E","?","M","R","B"],"character_chosen":"IRONCLAD","items_purchased":["Corruption","Shrug It Off","Flame Barrier"],"campfire_rested":1,"item_purchase_floors":[3,3,8],"current_hp_per_floor":[80,80,80,80,80,80,66,66,66,67,73,73,76,70,70,57,80,47,47,47,41,17,56,50,65,65,80,64,38,38,41,56,0],"gold":316,"neow_bonus":"HUNDRED_GOLD","is_prod":false,"is_daily":false,"chose_seed":false,"campfire_upgraded":5,"win_rate":0,"timestamp":1545296565,"path_taken":["M","?","$","M","M","R","E","$","T","?","M","R","M","M","R","BOSS","M","?","?","M","?","R","E","R","T","R","M","E","?","?","R","BOSS"],"build_version":"2018-12-13","purchased_purges":1,"victory":false,"max_hp_per_floor":[80,80,80,80,80,80,80,80,80,80,80,80,80,80,80,80,80,80,80,80,80,80,80,80,80,80,80,80,80,80,80,80,80],"card_choices":[{"not_picked":["Havoc","Twin Strike"],"picked":"Clothesline","floor":1},{"not_picked":["Twin Strike","Thunderclap"],"picked":"Dropkick","floor":2},{"not_picked":["Anger","Blood for Blood"],"picked":"Iron Wave","floor":4},{"not_picked":["Inflame","Twin Strike"],"picked":"Shrug It Off","floor":5},{"not_picked":["Flex","Rage"],"picked":"Entrench","floor":7},{"not_picked":["Corruption","Fire Breathing"],"picked":"Clothesline","floor":10},{"not_picked":["Shrug It Off","Armaments"],"picked":"Sentinel","floor":11},{"not_picked":["Anger","Shrug It Off"],"picked":"Exhume","floor":13},{"not_picked":["Warcry","Flex"],"picked":"Shrug It Off","floor":14},{"not_picked":["Berserk","Reaper"],"picked":"Limit Break","floor":16},{"not_picked":["Burning Pact","Thunderclap+1"],"picked":"Whirlwind","floor":18},{"not_picked":["True Grit","Sword Boomerang"],"picked":"Metallicize+1","floor":21},{"not_picked":["Pummel","Seeing Red"],"picked":"Flex+1","floor":22},{"not_picked":["Bloodletting","Havoc"],"picked":"Fiend Fire","floor":24},{"not_picked":["Flex+1","Clash"],"picked":"Disarm+1","floor":28},{"not_picked":["Reaper","True Grit"],"picked":"Body Slam+1","floor":29},{"not_picked":["True Grit","Pommel Strike"],"picked":"Havoc","floor":31}],"player_experience":413116,"relics_obtained":[{"floor":7,"key":"Pantograph"},{"floor":24,"key":"Meat on the Bone"},{"floor":26,"key":"Unceasing Top"},{"floor":29,"key":"Bottled Flame"}],"event_choices":[{"damage_healed":0,"gold_gain":0,"player_choice":"Obtained Relic","damage_taken":0,"relics_obtained":["Regal Pillow"],"max_hp_gain":0,"max_hp_loss":0,"event_name":"Addict","floor":19,"gold_loss":85},{"damage_healed":0,"gold_gain":0,"player_choice":"Traded Relic","damage_taken":0,"relics_obtained":["Nloth\u0027s Gift"],"max_hp_gain":0,"max_hp_loss":0,"event_name":"N\u0027loth","floor":20,"relics_lost":["Regal Pillow"],"gold_loss":0},{"cards_removed":["Strike_R"],"damage_healed":0,"gold_gain":0,"player_choice":"Purged","damage_taken":0,"max_hp_gain":0,"max_hp_loss":0,"event_name":"Purifier","floor":30,"gold_loss":0}],"is_beta":false,"boss_relics":[{"not_picked":["Lizard Tail","Tiny House"],"picked":"Eternal Feather"}],"items_purged_floors":[3],"is_endless":false,"potions_floor_spawned":[7,10,11,13,16,21,22,24,31],"killed_by":"Champ","ascension_level":1}