{"gold_per_floor":[118,118,128,145,0,33,51,51,51,71,30,30,40,75,75,175,175,185,202,21,34,34,34,34,34,34,44,44,63,75,75,75,75],"floor_reached":33,"playtime":2450,"items_purged":["Regret","Strike_B"],"score":376,"play_id":"0d436c91-115a-4ff9-8ad9-d558ad5fed5a","local_time":"20181206180552","is_ascension_mode":true,"campfire_choices":[{"floor":12,"key":"REST"},{"floor":15,"key":"REST"},{"floor":23,"key":"REST"},{"floor":25,"key":"REST"},{"floor":28,"key":"REST"},{"floor":32,"key":"REST"}],"neow_cost":"NONE","seed_source_timestamp":498786912289326,"circlet_count":0,"master_deck":["Strike_B","Strike_B","Defend_B","Defend_B","Defend_B","Defend_B","Zap","Dualcast","Doom and Gloom","Go for the Eyes","Leap","Rebound","FTL","Doom and Gloom","Sweeping Beam","Glacier","Coolheaded","Consume","Melter","Defragment","Gash","Beam Cell","Echo Form","Glacier","FTL+1","Self Repair","Loop","Conserve Battery","Beam Cell","FTL"],"relics":["Orrery","Lantern","Shovel","Bottled Lightning","Bronze Scales","Matryoshka"],"potions_floor_usage":[6,6,18,21,27,30,33],"damage_taken":[{"damage":3,"enemies":"2 Louse","floor":1,"turns":2},{"damage":5,"enemies":"Small Slimes","floor":3,"turns":4},{"damage":1,"enemies":"Cultist","floor":4,"turns":3},{"damage":8,"enemies":"3 Sentries","floor":6,"turns":4},{"damage":9,"enemies":"Red Slaver","floor":7,"turns":4},{"damage":0,"enemies":"Exordium Thugs","floor":10,"turns":4},{"damage":11,"enemies":"Looter","floor":13,"turns":4},{"damage":21,"enemies":"Lagavulin","floor":14,"turns":6},{"damage":2,"enemies":"The Guardian","floor":16,"turns":11},{"damage":30,"enemies":"2 Thieves","floor":18,"turns":3},{"damage":0,"enemies":"Spheric Guardian","floor":19,"turns":2},{"damage":28,"enemies":"Snake Plant","floor":21,"turns":5},{"damage":43,"enemies":"Colosseum Slavers","floor":24,"turns":6},{"damage":25,"enemies":"Centurion and Healer","floor":27,"turns":7},{"damage":0,"enemies":"Snecko","floor":29,"turns":8},{"damage":34,"enemies":"3 Cultists","floor":30,"turns":6},{"damage":72,"enemies":"Automaton","floor":33,"turns":6}],"seed_played":"5974943152949247480","potions_obtained":[{"floor":1,"key":"SkillPotion"},{"floor":4,"key":"Energy Potion"},{"floor":13,"key":"Explosive Potion"},{"floor":14,"key":"SteroidPotion"},{"floor":19,"key":"Fire Potion"},{"floor":29,"key":"Regen Potion"},{"floor":30,"key":"Fire Potion"}],"is_trial":false,"path_per_floor":["M","?","M","M","$","E","M","?","T","M","$","R","M","E","R","B",null,"M","M","$","M","$","R","?","R","T","M","R","M","M","?","R","B"],"character_chosen":"DEFECT","items_purchased":["Glacier","Defragment","Self Repair"],"campfire_rested":6,"item_purchase_floors":[5,11,20],"current_hp_per_floor":[65,65,60,59,59,51,42,42,42,42,42,64,53,32,54,52,69,39,39,39,25,25,47,11,33,33,8,30,44,32,32,54,0],"gold":75,"neow_bonus":"BOSS_RELIC","is_prod":false,"is_daily":false,"chose_seed":false,"campfire_upgraded":0,"win_rate":0,"timestamp":1544119552,"path_taken":["M","?","M","M","$","E","M","?","T","?","?","R","M","E","R","BOSS","M","M","$","M","$","R","?","R","T","M","R","M","M","?","R","BOSS"],"build_version":"2018-11-15","purchased_purges":2,"victory":false,"max_hp_per_floor":[75,75,75,75,75,75,75,75,75,75,75,75,75,75,75,75,75,75,75,75,75,75,75,75,75,75,75,75,75,75,75,75,75],"card_choices":[{"not_picked":["Tempest","Fusion"],"picked":"Doom and Gloom","floor":0},{"not_picked":["Hologram","Compile Driver"],"picked":"Go for the Eyes","floor":0},{"not_picked":["Go for the Eyes","Rebound"],"picked":"Leap","floor":0},{"not_picked":["Storm","Streamline"],"picked":"Rebound","floor":0},{"not_picked":["Compile Driver","Hologram"],"picked":"FTL","floor":0},{"not_picked":["Steam","Biased Cognition","Coolheaded"],"picked":"SKIP","floor":1},{"not_picked":["Ball Lightning","Hello World"],"picked":"Doom and Gloom","floor":3},{"not_picked":["Go for the Eyes","Aggregate"],"picked":"Sweeping Beam","floor":4},{"not_picked":["Stack","Barrage"],"picked":"Coolheaded","floor":6},{"not_picked":["Glacier","Force Field"],"picked":"Consume","floor":7},{"not_picked":["Rebound","Turbo"],"picked":"Melter","floor":10},{"not_picked":["Streamline","Turbo"],"picked":"Gash","floor":13},{"not_picked":["Reinforced Body","Reprogram"],"picked":"Beam Cell","floor":14},{"not_picked":["Machine Learning","Thunder Strike"],"picked":"Echo Form","floor":16},{"not_picked":["Cold Snap","White Noise"],"picked":"Glacier","floor":18},{"not_picked":["Conserve Battery","Double Energy"],"picked":"FTL+1","floor":19},{"not_picked":["Reinforced Body","Sunder"],"picked":"Loop","floor":21},{"not_picked":["Auto Shields","Hologram"],"picked":"Conserve Battery","floor":27},{"not_picked":["Streamline","Auto Shields+1"],"picked":"Beam Cell","floor":29},{"not_picked":["Conserve Battery","Streamline"],"picked":"FTL","floor":30}],"player_experience":984793,"relics_obtained":[{"floor":6,"key":"Shovel"},{"floor":9,"key":"Bottled Lightning"},{"floor":14,"key":"Bronze Scales"},{"floor":26,"key":"Matryoshka"}],"event_choices":[{"damage_healed":0,"gold_gain":0,"player_choice":"Box","damage_taken":0,"relics_obtained":["Lantern"],"max_hp_gain":0,"max_hp_loss":0,"event_name":"Big Fish","floor":2,"gold_loss":0,"cards_obtained":["Regret"]},{"cards_removed":["Strike_B"],"damage_healed":0,"gold_gain":0,"player_choice":"Offered Basic","damage_taken":0,"max_hp_gain":0,"max_hp_loss":0,"event_name":"Bonfire Elementals","floor":8,"gold_loss":0},{"damage_healed":0,"gold_gain":0,"player_choice":"Fight","damage_taken":0,"max_hp_gain":0,"max_hp_loss":0,"event_name":"Colosseum","floor":24,"gold_loss":0},{"damage_healed":0,"gold_gain":0,"player_choice":"Fled From Nobs","damage_taken":0,"max_hp_gain":0,"max_hp_loss":0,"event_name":"Colosseum","floor":24,"gold_loss":0},{"damage_healed":0,"gold_gain":0,"player_choice":"Bought 0 Potions","damage_taken":0,"max_hp_gain":0,"max_hp_loss":0,"event_name":"The Woman in Blue","floor":31,"gold_loss":0}],"is_beta":false,"boss_relics":[{"not_picked":["Fusion Hammer","Calling Bell","Snecko Eye"]}],"items_purged_floors":[5,20],"is_endless":false,"potions_floor_spawned":[1,4,13,14,19,24,29,30],"killed_by":"Automaton","ascension_level":9}