{"gold_per_floor":[115,115,130,149,149,149,179,29,76,98,126,138,162,202,214,323,335,357,387,349,371,383,395,434,458,497,522,566,578,601,673,685,798,810,837,864,976,1004,1016,1028,1065,7,7,24,24,37,54,68,68,68],"floor_reached":51,"playtime":4191,"items_purged":["Strike_B","Writhe"],"score":973,"play_id":"43c6087c-92c7-47fa-87d5-3b2b2c00bae8","local_time":"20181118065451","is_ascension_mode":true,"campfire_choices":[{"data":"Beam Cell","floor":6,"key":"SMITH"},{"floor":12,"key":"REST"},{"data":"Hologram","floor":15,"key":"SMITH"},{"data":"Storm","floor":23,"key":"SMITH"},{"data":"Buffer","floor":32,"key":"SMITH"},{"data":"Amplify","floor":40,"key":"SMITH"},{"data":"Storm","floor":45,"key":"SMITH"},{"data":"Echo Form","floor":49,"key":"SMITH"}],"neow_cost":"NONE","seed_source_timestamp":272632356393075,"circlet_count":0,"master_deck":["Strike_B","Strike_B","Defend_B","Defend_B","Defend_B+1","Defend_B","Zap+1","Dualcast","Amplify+1","Ball Lightning","Beam Cell+1","Undo","Lockon","Auto Shields+1","Storm+1","Capacitor","Hologram+1","Stack","Buffer+1","Biased Cognition","Self Repair","Defragment","Consume","Chaos","Go for the Eyes","Barrage","Stack+1","Redo","Core Surge","Storm+1","Loop+1","Barrage+1","Rebound+1","Glacier","Force Field","Capacitor","Amplify+1","Magnetism","Echo Form+1","Self Repair","Static Discharge","Defragment","Leap","Steam+1","Amplify","Static Discharge+1"],"relics":["Cracked Core","Anchor","MawBank","StoneCalendar","Coffee Dripper","PreservedInsect","Happy Flower","War Paint","The Courier","Tiny Chest","Inserter","Dead Branch","Kunai","DollysMirror","FossilizedHelix","Molten Egg 2"],"potions_floor_usage":[13,16,19,24,24,28,28,33,33,37,37,38,50],"damage_taken":[{"damage":0,"enemies":"Small Slimes","floor":1,"turns":3},{"damage":0,"enemies":"Cultist","floor":3,"turns":2},{"damage":7,"enemies":"2 Louse","floor":4,"turns":2},{"damage":32,"enemies":"Gremlin Nob","floor":7,"turns":4},{"damage":0,"enemies":"Red Slaver","floor":10,"turns":2},{"damage":10,"enemies":"Exordium Thugs","floor":11,"turns":4},{"damage":5,"enemies":"3 Louse","floor":13,"turns":4},{"damage":10,"enemies":"3 Sentries","floor":14,"turns":5},{"damage":0,"enemies":"Slime Boss","floor":16,"turns":7},{"damage":0,"enemies":"Spheric Guardian","floor":18,"turns":4},{"damage":9,"enemies":"Chosen","floor":19,"turns":4},{"damage":0,"enemies":"Centurion and Healer","floor":21,"turns":6},{"damage":22,"enemies":"Slavers","floor":24,"turns":4},{"damage":0,"enemies":"Snake Plant","floor":25,"turns":2},{"damage":4,"enemies":"Snecko","floor":27,"turns":4},{"damage":18,"enemies":"Gremlin Leader","floor":28,"turns":3},{"damage":20,"enemies":"Sentry and Sphere","floor":30,"turns":5},{"damage":18,"enemies":"Book of Stabbing","floor":31,"turns":3},{"damage":0,"enemies":"Champ","floor":33,"turns":8},{"damage":0,"enemies":"3 Shapes","floor":35,"turns":6},{"damage":49,"enemies":"3 Darklings","floor":36,"turns":6},{"damage":0,"enemies":"Mind Bloom Boss Battle","floor":37,"turns":6},{"damage":35,"enemies":"Writhing Mass","floor":38,"turns":5},{"damage":27,"enemies":"Giant Head","floor":41,"turns":6},{"damage":0,"enemies":"4 Shapes","floor":44,"turns":5},{"damage":0,"enemies":"Jaw Worm Horde","floor":46,"turns":4},{"damage":0,"enemies":"Maw","floor":47,"turns":4},{"damage":0,"enemies":"Transient","floor":48,"turns":5},{"damage":37,"enemies":"Donu and Deca","floor":50,"turns":5}],"seed_played":"1896788782442883889","potions_obtained":[{"floor":4,"key":"SkillPotion"},{"floor":7,"key":"EssenceOfSteel"},{"floor":14,"key":"SteroidPotion"},{"floor":16,"key":"Energy Potion"},{"floor":18,"key":"EntropicBrew"},{"floor":19,"key":"Ancient Potion"},{"floor":31,"key":"GamblersBrew"},{"floor":35,"key":"FearPotion"},{"floor":36,"key":"LiquidBronze"},{"floor":37,"key":"Regen Potion"}],"is_trial":false,"path_per_floor":["M","?","M","M","?","R","E","$","T","M","M","R","M","E","R","B",null,"M","M","?","M","T","R","E","M","T","M","E","?","M","E","R","B",null,"M","M","?","M","?","R","E","$","T","M","R","M","M","M","R","B",null],"character_chosen":"DEFECT","items_purchased":["Storm","Force Field","Capacitor","DollysMirror","FossilizedHelix","PowerPotion","Magnetism","Echo Form","Self Repair","Static Discharge","Defragment","Leap"],"campfire_rested":1,"item_purchase_floors":[8,42,42,42,42,42,42,42,42,42,42,42],"current_hp_per_floor":[75,75,75,68,68,68,36,36,36,36,26,48,43,33,33,33,75,75,73,73,75,75,75,60,60,60,63,52,52,39,21,21,28,75,75,40,54,40,59,59,39,39,39,46,46,60,74,74,74,37],"gold":68,"neow_bonus":"ONE_RANDOM_RARE_CARD","is_prod":false,"is_daily":false,"chose_seed":false,"campfire_upgraded":7,"win_rate":0,"timestamp":1542542091,"path_taken":["M","?","M","?","?","R","E","$","T","M","M","R","?","E","R","BOSS","M","M","?","?","?","R","E","M","T","M","E","?","M","E","R","BOSS","M","M","?","M","?","R","E","$","T","M","R","M","?","M","R","BOSS"],"build_version":"2018-11-15","purchased_purges":2,"victory":true,"max_hp_per_floor":[75,75,75,75,75,75,75,75,75,75,75,75,75,75,75,75,75,75,75,75,75,75,75,75,75,75,75,75,75,75,75,75,75,75,75,75,75,75,75,75,75,75,75,75,75,75,75,75,75,75],"card_choices":[{"not_picked":["Conserve Battery","Streamline"],"picked":"Ball Lightning","floor":1},{"not_picked":["Compile Driver","Barrage"],"picked":"Undo","floor":3},{"not_picked":["Reinforced Body","Blizzard"],"picked":"Lockon","floor":4},{"not_picked":["Turbo","Consume"],"picked":"Auto Shields","floor":7},{"not_picked":["Double Energy","Ball Lightning"],"picked":"Capacitor","floor":10},{"not_picked":["Cold Snap","Steam"],"picked":"Hologram","floor":11},{"not_picked":["Beam Cell","Redo"],"picked":"Stack","floor":13},{"not_picked":["Core Surge","Scrape"],"picked":"Buffer","floor":14},{"not_picked":["Fission","Rainbow"],"picked":"Biased Cognition","floor":16},{"not_picked":["Rebound","Steam"],"picked":"Self Repair","floor":18},{"not_picked":["Barrage","Stack"],"picked":"Defragment","floor":19},{"not_picked":["Conserve Battery","Turbo+1"],"picked":"Consume","floor":21},{"not_picked":["Aggregate","Compile Driver","Fission"],"picked":"SKIP","floor":24},{"not_picked":["Cold Snap","Darkness"],"picked":"Chaos","floor":25},{"not_picked":["Leap","Genetic Algorithm+1"],"picked":"Go for the Eyes","floor":27},{"not_picked":["Sweeping Beam","Streamline"],"picked":"Barrage","floor":28},{"not_picked":["Streamline","Coolheaded+1"],"picked":"Stack+1","floor":30},{"not_picked":["Steam","Coolheaded"],"picked":"Redo","floor":31},{"not_picked":["Reboot","Meteor Strike"],"picked":"Core Surge","floor":33},{"not_picked":["Streamline+1","Ball Lightning+1"],"picked":"Storm","floor":35},{"not_picked":["Turbo+1","Go for the Eyes"],"picked":"Loop+1","floor":36},{"not_picked":["Compile Driver","Redo"],"picked":"Barrage+1","floor":37},{"not_picked":["Sweeping Beam+1","Hello World"],"picked":"Rebound+1","floor":38},{"not_picked":["Beam Cell","Ball Lightning+1"],"picked":"Glacier","floor":41},{"not_picked":["Doom and Gloom+1","Coolheaded+1","Blizzard+1"],"picked":"SKIP","floor":44},{"not_picked":["Skim","Chill+1"],"picked":"Steam+1","floor":46},{"not_picked":["Chaos","Ball Lightning+1"],"picked":"Amplify","floor":47},{"not_picked":["Coolheaded+1","Beam Cell+1"],"picked":"Static Discharge+1","floor":48}],"player_experience":285296,"relics_obtained":[{"floor":7,"key":"Anchor"},{"floor":9,"key":"MawBank"},{"floor":14,"key":"StoneCalendar"},{"floor":22,"key":"PreservedInsect"},{"floor":24,"key":"Happy Flower"},{"floor":26,"key":"War Paint"},{"floor":28,"key":"The Courier"},{"floor":31,"key":"Tiny Chest"},{"floor":37,"key":"Dead Branch"},{"floor":41,"key":"Kunai"},{"floor":43,"key":"Molten Egg 2"}],"event_choices":[{"damage_healed":0,"gold_gain":0,"cards_transformed":["Strike_B"],"player_choice":"Transformed","damage_taken":0,"max_hp_gain":0,"max_hp_loss":0,"event_name":"Transmorgrifier","floor":2,"gold_loss":0,"cards_obtained":["Beam Cell"]},{"damage_healed":0,"gold_gain":0,"player_choice":"Upgraded","damage_taken":0,"max_hp_gain":0,"max_hp_loss":0,"event_name":"Upgrade Shrine","floor":5,"gold_loss":0,"cards_upgraded":["Zap"]},{"damage_healed":0,"gold_gain":0,"player_choice":"Bet on Murderer","damage_taken":0,"max_hp_gain":0,"max_hp_loss":0,"event_name":"The Joust","floor":20,"gold_loss":50},{"damage_healed":0,"gold_gain":0,"player_choice":"Ignored","damage_taken":0,"max_hp_gain":0,"max_hp_loss":0,"event_name":"Ghosts","floor":29,"gold_loss":0},{"damage_healed":0,"gold_gain":0,"player_choice":"Fight","damage_taken":0,"max_hp_gain":0,"max_hp_loss":0,"event_name":"MindBloom","floor":37,"gold_loss":0},{"damage_healed":19,"gold_gain":0,"player_choice":"Writhe","damage_taken":0,"max_hp_gain":0,"max_hp_loss":0,"event_name":"Winding Halls","floor":39,"gold_loss":0,"cards_obtained":["Writhe"]}],"is_beta":false,"boss_relics":[{"not_picked":["Busted Crown","White Beast Statue"],"picked":"Coffee Dripper"},{"not_picked":["Snecko Eye","Sozu"],"picked":"Inserter"}],"items_purged_floors":[8,42],"is_endless":false,"potions_floor_spawned":[4,7,14,16,18,19,31,35,36,37],"ascension_level":3}