{"gold_per_floor":[109,119,44,62,79,79,107,138,161,161,174,174,185,185,185,185],"floor_reached":16,"playtime":1002,"items_purged":["Injury"],"score":179,"play_id":"93de1739-f6f9-4064-ad95-b01ecdf2bbed","local_time":"20190118204831","is_ascension_mode":true,"campfire_choices":[{"data":"Flame Barrier","floor":6,"key":"SMITH"},{"floor":10,"key":"REST"},{"floor":15,"key":"REST"}],"neow_cost":"CURSE","seed_source_timestamp":813921786700822,"circlet_count":0,"master_deck":["AscendersBane","Strike_R","Strike_R","Strike_R","Strike_R","Strike_R","Defend_R","Defend_R","Defend_R","Defend_R","Bash","Pommel Strike","Thunderclap","Disarm","Flame Barrier+1","Whirlwind","Cleave","Hemokinesis"],"relics":["Burning Blood","Champion Belt","Odd Mushroom","Art of War","Happy Flower","Bag of Preparation"],"potions_floor_usage":[8,11],"damage_taken":[{"damage":16,"enemies":"Small Slimes","floor":1,"turns":5},{"damage":5,"enemies":"2 Louse","floor":2,"turns":4},{"damage":2,"enemies":"Cultist","floor":4,"turns":4},{"damage":24,"enemies":"Large Slime","floor":5,"turns":7},{"damage":26,"enemies":"The Mushroom Lair","floor":7,"turns":5},{"damage":16,"enemies":"Gremlin Nob","floor":8,"turns":5},{"damage":14,"enemies":"Red Slaver","floor":11,"turns":4},{"damage":9,"enemies":"Exordium Thugs","floor":13,"turns":5},{"damage":51,"enemies":"Hexaghost","floor":16,"turns":12}],"seed_played":"5784267610186232271","potions_obtained":[{"floor":7,"key":"Block Potion"},{"floor":8,"key":"Fire Potion"},{"floor":13,"key":"Swift Potion"}],"is_trial":false,"path_per_floor":["M","M","$","M","M","R","?","E","T","R","M","?","M","?","R","B"],"character_chosen":"IRONCLAD","items_purchased":[],"campfire_rested":2,"item_purchase_floors":[],"current_hp_per_floor":[58,59,59,63,45,45,25,15,15,37,29,29,26,26,48,0],"gold":185,"neow_bonus":"ONE_RARE_RELIC","is_prod":false,"is_daily":false,"chose_seed":false,"campfire_upgraded":1,"win_rate":0,"timestamp":1547844511,"path_taken":["M","M","$","M","M","R","?","E","T","R","M","?","?","?","R","BOSS"],"build_version":"2019-01-17v2","purchased_purges":1,"victory":false,"max_hp_per_floor":[75,75,75,75,75,75,75,75,75,75,75,75,75,75,75,75],"card_choices":[{"not_picked":["Iron Wave","Feel No Pain"],"picked":"Pommel Strike","floor":1},{"not_picked":["Armaments","Anger"],"picked":"Thunderclap","floor":2},{"not_picked":["Searing Blow","Body Slam"],"picked":"Disarm","floor":4},{"not_picked":["Perfected Strike","Battle Trance"],"picked":"Flame Barrier","floor":5},{"not_picked":["Sever Soul","True Grit"],"picked":"Whirlwind","floor":7},{"not_picked":["Intimidate","Evolve","Clothesline"],"picked":"SKIP","floor":8},{"not_picked":["Clothesline","Headbutt"],"picked":"Cleave","floor":11},{"not_picked":["Wild Strike","Twin Strike","Sword Boomerang"],"picked":"SKIP","floor":13}],"player_experience":1207382,"relics_obtained":[{"floor":7,"key":"Odd Mushroom"},{"floor":8,"key":"Art of War"},{"floor":9,"key":"Happy Flower"}],"event_choices":[{"damage_healed":0,"gold_gain":0,"player_choice":"Fought Mushrooms","damage_taken":0,"max_hp_gain":0,"max_hp_loss":0,"event_name":"Mushrooms","floor":7,"gold_loss":0},{"damage_healed":0,"gold_gain":0,"player_choice":"1 cards matched","damage_taken":0,"max_hp_gain":0,"max_hp_loss":0,"event_name":"Match and Keep!","floor":12,"gold_loss":0,"cards_obtained":["Hemokinesis"]},{"damage_healed":0,"gold_gain":0,"player_choice":"Gave Potion","damage_taken":0,"relics_obtained":["Bag of Preparation"],"max_hp_gain":0,"max_hp_loss":0,"event_name":"WeMeetAgain","floor":14,"gold_loss":0}],"is_beta":false,"boss_relics":[],"items_purged_floors":[3],"is_endless":false,"potions_floor_spawned":[7,8,13],"killed_by":"Hexaghost","ascension_level":15}