{"gold_per_floor":[115,115,115,38,55,88,88,113,113,113,148,162,175,40,40,140,140,152,67,84,84,104,133,133,163,163,179,179,206,223,241,241,345,345,365,375,375,8,24,51,51,51],"floor_reached":42,"playtime":1805,"items_purged":["Defend_B"],"score":768,"play_id":"b5e15499-995b-4990-b385-e3c295e699fe","local_time":"20190114155739","is_ascension_mode":true,"campfire_choices":[{"data":"Dualcast","floor":7.0,"key":"SMITH"},{"data":"Go for the Eyes","floor":10.0,"key":"SMITH"},{"data":"Darkness","floor":15,"key":"SMITH"},{"data":"Electrodynamics","floor":24,"key":"SMITH"},{"data":"Gash","floor":28,"key":"SMITH"},{"floor":32,"key":"REST"},{"floor":41,"key":"REST"}],"neow_cost":"NONE","seed_source_timestamp":52851336174604,"circlet_count":0,"master_deck":["Strike_B","Strike_B","Defend_B","Defend_B","Defend_B","Zap+1","Dualcast+1","Conserve Battery","FTL","Go for the Eyes+1","Self Repair","Darkness+1","All For One","Electrodynamics+1","Conserve Battery+1","Gash+1","Steam+1","Defragment","Hologram+1","Creative AI","Gash+1","Go for the Eyes","Loop","Fission","FTL","Ball Lightning+1"],"special_seed":0,"relics":["Cracked Core","NeowsBlessing","CultistMask","Letter Opener","Bronze Scales","Potion Belt","Singing Bowl","Empty Cage","Orichalcum","Darkstone Periapt","Strawberry","Ornamental Fan","Pocketwatch","Sozu","Bag of Marbles"],"potions_floor_usage":[11,18,20,25,25,29,33],"damage_taken":[{"damage":0.0,"enemies":"Jaw Worm","floor":1.0,"turns":1.0},{"damage":0.0,"enemies":"2 Louse","floor":5.0,"turns":1.0},{"damage":0.0,"enemies":"Gremlin Nob","floor":6.0,"turns":1.0},{"damage":3.0,"enemies":"3 Sentries","floor":8.0,"turns":6.0},{"damage":44,"enemies":"Gremlin Nob","floor":11,"turns":5},{"damage":1,"enemies":"Cultist","floor":12,"turns":3},{"damage":0,"enemies":"2 Fungi Beasts","floor":13,"turns":3},{"damage":30,"enemies":"The Guardian","floor":16,"turns":8},{"damage":4,"enemies":"3 Byrds","floor":18,"turns":1},{"damage":10,"enemies":"2 Thieves","floor":20,"turns":4},{"damage":0,"enemies":"Snecko","floor":22,"turns":4},{"damage":20,"enemies":"Slavers","floor":23,"turns":3},{"damage":30,"enemies":"Book of Stabbing","floor":25,"turns":4},{"damage":7,"enemies":"Snake Plant","floor":27,"turns":2},{"damage":25,"enemies":"Slavers","floor":29,"turns":4},{"damage":8,"enemies":"Centurion and Healer","floor":30,"turns":3},{"damage":6,"enemies":"3 Cultists","floor":31,"turns":3},{"damage":43,"enemies":"Collector","floor":33,"turns":8},{"damage":7,"enemies":"Orb Walker","floor":35,"turns":3},{"damage":0,"enemies":"3 Shapes","floor":36,"turns":2},{"damage":27,"enemies":"Maw","floor":39,"turns":7},{"damage":47,"enemies":"Reptomancer","floor":40,"turns":6},{"damage":48,"enemies":"Nemesis","floor":42,"turns":6}],"seed_played":"-6096746636577288757","potions_obtained":[{"floor":5.0,"key":"Regen Potion"},{"floor":11,"key":"FocusPotion"},{"floor":12,"key":"LiquidBronze"},{"floor":18,"key":"Regen Potion"},{"floor":23,"key":"Regen Potion"},{"floor":25,"key":"SpeedPotion"},{"floor":29,"key":"Explosive Potion"},{"floor":30,"key":"Block Potion"}],"is_trial":false,"path_per_floor":["M","?","?","$","M","E","R","E","T","R","E","M","M","$","R","B",null,"M","?","M","?","M","E","R","E","T","M","R","E","M","M","R","B",null,"M","M","?","$","M","E","R","E"],"character_chosen":"DEFECT","items_purchased":["FTL","All For One","Loop","Fission","FTL"],"campfire_rested":2,"item_purchase_floors":[4,14,38,38,38],"current_hp_per_floor":[68,68,68,68,68,68,68,65,65,65,44,45,52,52,52,29,67,63,63,65,65,74,63,63,59,59,54,54,31,30,31,59,23,76,76,76,76,76,58,18,46,0],"gold":51,"neow_bonus":"THREE_ENEMY_KILL","is_prod":false,"is_daily":false,"chose_seed":false,"campfire_upgraded":5,"win_rate":0,"timestamp":1547503059,"path_taken":["M","?","?","$","M","E","R","E","T","R","E","?","M","$","R","BOSS","M","?","M","?","?","E","R","E","T","M","R","E","M","M","R","BOSS","M","M","?","$","M","E","R","E"],"build_version":"2019-01-10","purchased_purges":1,"victory":false,"max_hp_per_floor":[75,75,75,75,75,75,75,75,75,75,77,79,79,79,79,79,79,79,79,79,79,81,83,83,90,90,92,92,94,94,94,94,94,94,94,94,94,94,96,96,96,96],"card_choices":[{"not_picked":["Beam Cell","Stack"],"picked":"Conserve Battery","floor":1.0},{"not_picked":["Redo","Tempest"],"picked":"Go for the Eyes","floor":5.0},{"not_picked":["Stack","Turbo","BootSequence"],"picked":"SKIP","floor":6.0},{"not_picked":["Beam Cell","Redo"],"picked":"Self Repair","floor":8.0},{"not_picked":["Force Field","Multi-Cast","Darkness"],"picked":"Singing Bowl","floor":11},{"not_picked":["Turbo","Steam","Sweeping Beam"],"picked":"Singing Bowl","floor":12},{"not_picked":["Beam Cell","Fusion"],"picked":"Darkness","floor":13},{"not_picked":["Core Surge","All For One"],"picked":"Electrodynamics","floor":16},{"not_picked":["Steam Power","Barrage"],"picked":"Conserve Battery+1","floor":18},{"not_picked":["Turbo","Doom and Gloom"],"picked":"Gash","floor":20},{"not_picked":["Leap","Force Field","Coolheaded"],"picked":"Singing Bowl","floor":22},{"not_picked":["Reinforced Body","Aggregate","Conserve Battery"],"picked":"Singing Bowl","floor":23},{"not_picked":["Sweeping Beam","Tempest"],"picked":"Steam+1","floor":25},{"not_picked":["Turbo","Hyperbeam","Barrage"],"picked":"Singing Bowl","floor":27},{"not_picked":["Barrage+1","Leap+1","Redo"],"picked":"Singing Bowl","floor":29},{"not_picked":["Coolheaded","Redo+1"],"picked":"Defragment","floor":30},{"not_picked":["Darkness","Streamline"],"picked":"Hologram+1","floor":31},{"not_picked":["Hyperbeam","Machine Learning"],"picked":"Creative AI","floor":33},{"not_picked":["Stack+1","Ball Lightning+1"],"picked":"Gash+1","floor":35},{"not_picked":["BootSequence","Auto Shields"],"picked":"Go for the Eyes","floor":36},{"not_picked":["Aggregate","Turbo","Hello World"],"picked":"Singing Bowl","floor":39},{"not_picked":["Rip and Tear","Glacier"],"picked":"Ball Lightning+1","floor":40}],"player_experience":161220,"relics_obtained":[{"floor":6.0,"key":"Letter Opener"},{"floor":8.0,"key":"Bronze Scales"},{"floor":9.0,"key":"Potion Belt"},{"floor":11,"key":"Singing Bowl"},{"floor":23,"key":"Darkstone Periapt"},{"floor":25,"key":"Strawberry"},{"floor":26,"key":"Ornamental Fan"},{"floor":29,"key":"Pocketwatch"},{"floor":40,"key":"Bag of Marbles"}],"event_choices":[{"damage_healed":0.0,"max_hp_gain":0.0,"max_hp_loss":0.0,"gold_gain":0.0,"event_name":"Living Wall","player_choice":"Grow","floor":2.0,"gold_loss":0.0,"damage_taken":0.0,"cards_upgraded":["Zap"]},{"damage_healed":0.0,"max_hp_gain":0.0,"max_hp_loss":0.0,"gold_gain":0.0,"event_name":"FaceTrader","player_choice":"Trade","floor":3.0,"gold_loss":0.0,"damage_taken":0.0,"relics_obtained":["CultistMask"]},{"damage_healed":0,"gold_gain":0,"player_choice":"Obtained Relic","damage_taken":0,"relics_obtained":["Orichalcum"],"max_hp_gain":0,"max_hp_loss":0,"event_name":"Addict","floor":19,"gold_loss":85},{"damage_healed":0,"gold_gain":0,"player_choice":"0 cards matched","damage_taken":0,"max_hp_gain":0,"max_hp_loss":0,"event_name":"Match and Keep!","floor":21,"gold_loss":0,"cards_obtained":[]},{"damage_healed":0,"gold_gain":0,"player_choice":"Ignored","damage_taken":0,"max_hp_gain":0,"max_hp_loss":0,"event_name":"Mysterious Sphere","floor":37,"gold_loss":0}],"is_beta":false,"boss_relics":[{"not_picked":["Snecko Eye","Philosopher\u0027s Stone"],"picked":"Empty Cage"},{"not_picked":["Pandora\u0027s Box","Fusion Hammer"],"picked":"Sozu"}],"items_purged_floors":[38],"is_endless":false,"potions_floor_spawned":[5,11,12,18,23,25,29,30,39,40],"killed_by":"Nemesis","ascension_level":8}