{"gold_per_floor":[364,150,150,188,17,17,53,71,71,71,12,27,53,89,89,89],"floor_reached":16,"playtime":479,"items_purged":[],"score":200,"play_id":"7815ddc5-9cbc-49c7-b3f5-a31b1e07cfae","local_time":"20181014090331","is_ascension_mode":true,"campfire_choices":[{"data":"HandOfGreed","floor":6,"key":"SMITH"},{"floor":10,"key":"REST"},{"floor":15,"key":"REST"}],"neow_cost":"PERCENT_DAMAGE","seed_source_timestamp":216257349808599,"circlet_count":0,"master_deck":["Strike_B","Strike_B","Strike_B","Strike_B","Defend_B","Defend_B","Defend_B","Defend_B","Zap","Dualcast","AscendersBane","Blizzard","HandOfGreed+1","Cold Snap","Coolheaded","Self Repair","Conserve Battery","Doom and Gloom","Static Discharge"],"relics":["Cracked Core","Golden Idol","Symbiotic Virus","Cables","Odd Mushroom"],"potions_floor_usage":[7,16],"damage_taken":[{"damage":7,"enemies":"Jaw Worm","floor":1,"turns":4},{"damage":0,"enemies":"Small Slimes","floor":4,"turns":2},{"damage":28,"enemies":"Gremlin Nob","floor":7,"turns":4},{"damage":0,"enemies":"Cultist","floor":8,"turns":3},{"damage":18,"enemies":"Red Slaver","floor":12,"turns":4},{"damage":13,"enemies":"The Mushroom Lair","floor":13,"turns":3},{"damage":6,"enemies":"Looter","floor":14,"turns":4},{"damage":42,"enemies":"The Guardian","floor":16,"turns":10}],"seed_played":"-8354511653907659770","potions_obtained":[{"floor":13,"key":"FearPotion"}],"is_trial":false,"path_per_floor":["M","$","?","M","$","R","E","M","T","R","$","M","?","M","R"],"character_chosen":"DEFECT","items_purchased":["HandOfGreed","Cold Snap","Coolheaded","AttackPotion","Strength Potion"],"campfire_rested":2,"item_purchase_floors":[2,5,5,5,11],"current_hp_per_floor":[39,39,39,39,39,39,11,18,18,37,37,26,20,21,40,0],"gold":89,"neow_bonus":"TWO_FIFTY_GOLD","is_prod":false,"is_daily":false,"chose_seed":false,"campfire_upgraded":1,"win_rate":0,"timestamp":1539522211,"path_taken":["M","$","?","?","$","R","E","M","T","R","?","M","?","M","R","BOSS"],"build_version":"2018-10-11","purchased_purges":0,"victory":false,"max_hp_per_floor":[71,71,64,64,64,64,64,64,64,64,64,64,64,64,64,64],"card_choices":[{"not_picked":["Beam Cell","Stack"],"picked":"Blizzard","floor":1},{"not_picked":["Ball Lightning","Rebound","Compile Driver"],"picked":"SKIP","floor":4},{"not_picked":["Biased Cognition","Genetic Algorithm"],"picked":"Self Repair","floor":7},{"not_picked":["Gash","BootSequence"],"picked":"Conserve Battery","floor":8},{"not_picked":["Compile Driver","Beam Cell","Sunder"],"picked":"SKIP","floor":12},{"not_picked":["Compile Driver","Hologram"],"picked":"Doom and Gloom","floor":13},{"not_picked":["Leap","Consume"],"picked":"Static Discharge","floor":14}],"player_experience":487369,"relics_obtained":[{"floor":7,"key":"Symbiotic Virus"},{"floor":9,"key":"Cables"},{"floor":13,"key":"Odd Mushroom"}],"event_choices":[{"event_name":"Golden Idol","player_choice":"Lose Max HP","floor":3,"damage_taken":0},{"event_name":"Mushrooms","player_choice":"Fought Mushrooms","floor":13,"damage_taken":0}],"is_beta":true,"boss_relics":[],"items_purged_floors":[],"is_endless":false,"potions_floor_spawned":[13],"killed_by":"The Guardian","ascension_level":20}