{"gold_per_floor":[112,112,112,112,124,157,172,185,185,204,204,216,216,230,230,327,327,342,361,286,286,296,326,326,326],"floor_reached":25,"playtime":2656,"items_purged":["Meteor Strike+1"],"score":270,"play_id":"945bf4c0-ae77-4655-a006-7e565e626df0","local_time":"20180626180305","is_ascension_mode":true,"campfire_choices":[{"floor":11,"key":"REST"},{"data":"Dualcast","floor":13,"key":"SMITH"},{"floor":15,"key":"REST"},{"floor":24,"key":"REST"}],"neow_cost":"FIFTY_PERCENT_DAMAGE","seed_source_timestamp":935553371197697,"circlet_count":0,"master_deck":["Defend_B","Defend_B","Defend_B","Zap+1","Dualcast+1","Machine Learning","Ball Lightning","Echo Form","Genetic Algorithm","Loop","White Noise","Hello World+1","Heatsinks+1","FTL+1","Auto Shields"],"special_seed":17708,"relics":["Cracked Core","Happy Flower","Bottled Tornado","Bag of Preparation","Astrolabe","Enchiridion","Peace Pipe"],"potions_floor_usage":[16,16,16,25],"damage_taken":[{"damage":3,"enemies":"2 Louse","floor":1,"turns":3},{"damage":3,"enemies":"Small Slimes","floor":5,"turns":3},{"damage":10,"enemies":"Lagavulin","floor":6,"turns":7},{"damage":6,"enemies":"Cultist","floor":7,"turns":3},{"damage":6,"enemies":"Exordium Wildlife","floor":8,"turns":4},{"damage":4,"enemies":"Red Slaver","floor":10,"turns":3},{"damage":8,"enemies":"Blue Slaver","floor":12,"turns":4},{"damage":6,"enemies":"2 Fungi Beasts","floor":14,"turns":3},{"damage":18,"enemies":"The Guardian","floor":16,"turns":7},{"damage":14,"enemies":"Shell Parasite","floor":18,"turns":4},{"damage":7,"enemies":"3 Byrds","floor":19,"turns":3},{"damage":15,"enemies":"Snecko","floor":22,"turns":5},{"damage":18,"enemies":"Gremlin Leader","floor":23,"turns":7},{"damage":32,"enemies":"Slavers","floor":25,"turns":2}],"seed_played":"7435383829768111287","potions_obtained":[{"floor":5,"key":"FearPotion"},{"floor":7,"key":"Swift Potion"},{"floor":14,"key":"PowerPotion"},{"floor":16,"key":"PowerPotion"},{"floor":18,"key":"LiquidBronze"},{"floor":22,"key":"Swift Potion"}],"is_trial":false,"path_per_floor":["M","?","?","?","M","E","M","M","T","M","R","M","R","M","R","B",null,"M","M","$","?","M","E","R"],"character_chosen":"DEFECT","items_purchased":[],"campfire_rested":3,"item_purchase_floors":[],"current_hp_per_floor":[35,35,35,32,29,19,13,7,7,3,25,17,17,11,33,15,75,61,54,54,38,23,5,27,0],"gold":326,"neow_bonus":"TRANSFORM_TWO_CARDS","is_prod":false,"is_daily":false,"chose_seed":false,"campfire_upgraded":1,"win_rate":0,"timestamp":1530057785,"path_taken":["M","?","?","?","M","E","M","M","T","?","R","M","R","M","R","BOSS","M","?","$","?","?","E","R","E"],"build_version":"2018-06-21v2","purchased_purges":1,"victory":false,"max_hp_per_floor":[75,75,75,75,75,75,75,75,75,75,75,75,75,75,75,75,75,75,75,75,75,75,75,75,75],"card_choices":[{"not_picked":["Coolheaded","Static Discharge"],"picked":"Ball Lightning","floor":1},{"not_picked":["Turbo","Rip and Tear","Chaos"],"picked":"SKIP","floor":5},{"not_picked":["Blizzard","Gash"],"picked":"Echo Form","floor":6},{"not_picked":["Redo","Capacitor","Go for the Eyes"],"picked":"SKIP","floor":7},{"not_picked":["Redo","Sweeping Beam"],"picked":"Genetic Algorithm","floor":8},{"not_picked":["Chaos","Blizzard"],"picked":"Loop","floor":10},{"not_picked":["Ball Lightning","Auto Shields"],"picked":"White Noise","floor":12},{"not_picked":["Rebound","Sweeping Beam","Fusion"],"picked":"SKIP","floor":14},{"not_picked":["Rebound","Stack"],"picked":"FTL+1","floor":18},{"not_picked":["Compile Driver+1","Blizzard","Consume"],"picked":"SKIP","floor":19},{"not_picked":["Coolheaded","Conserve Battery","Hologram"],"picked":"SKIP","floor":22},{"not_picked":["Echo Form","Steam"],"picked":"Auto Shields","floor":23}],"player_experience":177333,"relics_obtained":[{"floor":6,"key":"Bottled Tornado"},{"floor":9,"key":"Bag of Preparation"},{"floor":21,"key":"Enchiridion"},{"floor":23,"key":"Peace Pipe"}],"event_choices":[{"event_name":"Living Wall","player_choice":"Grow","floor":2,"damage_taken":0},{"event_name":"Purifier","player_choice":"One Purge","floor":3,"damage_taken":0},{"event_name":"Scrap Ooze","player_choice":"success","floor":4,"damage_taken":3},{"event_name":"Cursed Tome","player_choice":"Obtained Book","floor":21,"damage_taken":0}],"boss_relics":[{"not_picked":["Black Star","Empty Cage"],"picked":"Astrolabe"}],"items_purged_floors":[20],"is_endless":false,"potions_floor_spawned":[5,7,14,16,18,22],"killed_by":"Slavers","ascension_level":4}