{"gold_per_floor":[368,83,95,108,125,125,155,155,208,46,46,65,65],"floor_reached":13,"playtime":1084,"items_purged":["Strike_R"],"score":145,"play_id":"14f524f9-6212-4c57-af97-5ccbe635dc70","local_time":"20181231003031","is_ascension_mode":true,"campfire_choices":[{"floor":6,"key":"REST"},{"floor":8,"key":"REST"}],"neow_cost":"CURSE","seed_source_timestamp":957594406326926,"circlet_count":0,"master_deck":["AscendersBane","Strike_R","Strike_R","Strike_R","Strike_R","Defend_R+1","Defend_R","Defend_R","Defend_R","Bash","Pain","Rupture","Mayhem","Shockwave+1","Rupture","Spot Weakness","Heavy Blade","Body Slam","Feed","Shrug It Off"],"relics":["Burning Blood","Frozen Egg 2","War Paint","Golden Idol"],"potions_floor_usage":[12],"damage_taken":[{"damage":8,"enemies":"Small Slimes","floor":1,"turns":4},{"damage":11,"enemies":"Cultist","floor":3,"turns":4},{"damage":19,"enemies":"Jaw Worm","floor":4,"turns":5},{"damage":23,"enemies":"3 Louse","floor":5,"turns":5},{"damage":34,"enemies":"Lagavulin","floor":7,"turns":6},{"damage":39,"enemies":"Exordium Thugs","floor":12,"turns":6},{"damage":21,"enemies":"Gremlin Nob","floor":13,"turns":3}],"seed_played":"-3914218624031715963","potions_obtained":[{"floor":7,"key":"PowerPotion"}],"is_trial":false,"path_per_floor":["M","$","M","M","M","R","E","R","T","$","?","M","E"],"character_chosen":"IRONCLAD","items_purchased":["Mayhem","Shockwave","Feed","Shrug It Off"],"campfire_rested":2,"item_purchase_floors":[2,2,10,10],"current_hp_per_floor":[66,66,61,48,31,53,25,47,47,47,47,17,0],"gold":65,"neow_bonus":"TWO_FIFTY_GOLD","is_prod":false,"is_daily":false,"chose_seed":false,"campfire_upgraded":0,"win_rate":0,"timestamp":1546216231,"path_taken":["M","$","M","M","M","R","E","R","T","$","?","M","E"],"build_version":"2018-12-20","purchased_purges":1,"victory":false,"max_hp_per_floor":[75,75,75,75,75,75,75,75,75,75,69,72,72],"card_choices":[{"not_picked":["Warcry","Thunderclap"],"picked":"Rupture","floor":1},{"not_picked":["Perfected Strike","Flame Barrier"],"picked":"Rupture","floor":3},{"not_picked":["Armaments","Anger"],"picked":"Spot Weakness","floor":4},{"not_picked":["Clothesline","Sentinel"],"picked":"Heavy Blade","floor":5},{"not_picked":["Infernal Blade","Power Through"],"picked":"Body Slam","floor":7},{"not_picked":["Wild Strike","Fire Breathing+1","Havoc"],"picked":"SKIP","floor":12}],"player_experience":1104408,"relics_obtained":[{"floor":7,"key":"Frozen Egg 2"},{"floor":9,"key":"War Paint"}],"event_choices":[{"damage_healed":0,"gold_gain":0,"player_choice":"Lose Max HP","damage_taken":0,"relics_obtained":["Golden Idol"],"max_hp_gain":0,"max_hp_loss":6,"event_name":"Golden Idol","floor":11,"gold_loss":0}],"is_beta":false,"boss_relics":[],"items_purged_floors":[2],"is_endless":false,"potions_floor_spawned":[7],"killed_by":"Gremlin Nob","ascension_level":14}