{"gold_per_floor":[119,119,135,153,17,46,46,63,143,143,174,174,206,221,221,322,322,340,353,364,123,123,135,135],"floor_reached":24,"playtime":2627,"items_purged":[],"score":218,"play_id":"8b5d29f6-a4b7-485e-bfbe-914cb6d08209","local_time":"20190209192123","is_ascension_mode":false,"campfire_choices":[{"data":"Brutality","floor":7,"key":"SMITH"},{"floor":12,"key":"REST"},{"floor":15,"key":"REST"}],"neow_cost":"NONE","seed_source_timestamp":0,"circlet_count":0,"master_deck":["Strike_R","Strike_R","Strike_R","Strike_R","Strike_R","Defend_R","Defend_R","Defend_R","Defend_R","Bash","Armaments","Shockwave","Body Slam","Double Tap","Brutality+1","Shrug It Off","Whirlwind","Juggernaut","Flame Barrier","Berserk","Metallicize+1","Whirlwind+1","Warcry+1","Bloodletting"],"special_seed":0,"relics":["Burning Blood","WarpedTongs","Ginger","Question Card","Pen Nib","Kunai","Runic Dome","Letter Opener"],"potions_floor_usage":[],"damage_taken":[{"damage":1.0,"enemies":"2 Louse","floor":1.0,"turns":3.0},{"damage":3.0,"enemies":"Cultist","floor":3.0,"turns":3.0},{"damage":5,"enemies":"Small Slimes","floor":4,"turns":4},{"damage":38,"enemies":"Lagavulin","floor":6,"turns":9},{"damage":13,"enemies":"Exordium Wildlife","floor":8,"turns":5},{"damage":33,"enemies":"Gremlin Nob","floor":11,"turns":5},{"damage":22,"enemies":"3 Sentries","floor":13,"turns":5},{"damage":3,"enemies":"Blue Slaver","floor":14,"turns":3},{"damage":52,"enemies":"Slime Boss","floor":16,"turns":12},{"damage":10,"enemies":"3 Byrds","floor":18,"turns":4},{"damage":12,"enemies":"Chosen","floor":19,"turns":5},{"damage":52,"enemies":"Centurion and Healer","floor":20,"turns":5},{"damage":21,"enemies":"Chosen and Byrds","floor":23,"turns":5},{"damage":18,"enemies":"Slavers","floor":24,"turns":1}],"seed_played":"5883037533369686435","potions_obtained":[{"floor":1.0,"key":"BloodPotion"},{"floor":13,"key":"Fire Potion"},{"floor":14,"key":"BloodPotion"}],"is_trial":false,"path_per_floor":["M","?","M","M","$","E","R","M","T","?","E","R","E","M","R","B",null,"M","M","M","$","?","M","E"],"character_chosen":"IRONCLAD","items_purchased":["Double Tap","Letter Opener"],"campfire_rested":2,"item_purchase_floors":[5,21],"current_hp_per_floor":[88,88,88,88,88,56,56,49,49,49,22,48,32,35,61,15,88,84,78,32,32,32,17,0],"gold":135,"neow_bonus":"TEN_PERCENT_HP_BONUS","is_prod":false,"is_daily":false,"chose_seed":false,"campfire_upgraded":1,"win_rate":0.0,"timestamp":1549736483,"path_taken":["M","?","M","?","$","E","R","M","T","?","E","R","E","M","R","BOSS","M","?","M","$","?","M","E"],"build_version":"2019-01-23","purchased_purges":0,"victory":false,"max_hp_per_floor":[88,88,88,88,88,88,88,88,88,88,88,88,88,88,88,88,88,88,88,88,88,88,88,88],"card_choices":[{"not_picked":["Disarm","Clothesline"],"picked":"Armaments","floor":1.0},{"not_picked":["Hemokinesis","Armaments"],"picked":"Shockwave","floor":3},{"not_picked":["Wild Strike","Headbutt"],"picked":"Body Slam","floor":4},{"not_picked":["Inflame","Pummel"],"picked":"Brutality","floor":6},{"not_picked":["Evolve","Anger"],"picked":"Shrug It Off","floor":8},{"not_picked":["Havoc","Thunderclap","Sever Soul"],"picked":"Whirlwind","floor":11},{"not_picked":["Perfected Strike","Heavy Blade","Anger"],"picked":"Juggernaut","floor":13},{"not_picked":["Dropkick","Clash","Body Slam"],"picked":"Flame Barrier","floor":14},{"not_picked":["Immolate","Brutality","Limit Break"],"picked":"Berserk","floor":16},{"not_picked":["Fire Breathing+1","Sword Boomerang","Combust"],"picked":"Metallicize+1","floor":18},{"not_picked":["Cleave","Sword Boomerang","Shrug It Off"],"picked":"Whirlwind+1","floor":19},{"not_picked":["Sever Soul","Feel No Pain","True Grit"],"picked":"Warcry+1","floor":20},{"not_picked":["Uppercut","Headbutt","Clothesline"],"picked":"Bloodletting","floor":23}],"player_experience":90194,"relics_obtained":[{"floor":6,"key":"Ginger"},{"floor":9,"key":"Question Card"},{"floor":11,"key":"Pen Nib"},{"floor":13,"key":"Kunai"}],"event_choices":[{"damage_healed":0.0,"max_hp_gain":0.0,"max_hp_loss":0.0,"gold_gain":0.0,"event_name":"Accursed Blacksmith","player_choice":"Rummage","floor":2.0,"gold_loss":0.0,"damage_taken":0.0,"relics_obtained":["WarpedTongs"],"cards_obtained":["Pain"]},{"cards_removed":["Pain"],"damage_healed":0,"gold_gain":0,"player_choice":"Removed Curses","damage_taken":0,"max_hp_gain":0,"max_hp_loss":0,"event_name":"Fountain of Cleansing","floor":10,"gold_loss":0},{"damage_healed":0,"gold_gain":0,"player_choice":"Ignored","damage_taken":0,"max_hp_gain":0,"max_hp_loss":0,"event_name":"NoteForYourself","floor":22,"gold_loss":0}],"is_beta":false,"boss_relics":[{"not_picked":["Mark of Pain","Philosopher\u0027s Stone"],"picked":"Runic Dome"}],"items_purged_floors":[],"is_endless":false,"potions_floor_spawned":[1,13,14,18,19,20],"killed_by":"Slavers","ascension_level":0}