{"gold_per_floor":[116,191,191,204,204,204,225,225,225,225,254,271,297,317,317,395,395,412,236,236,252,252,252,266,281,336,336,53,53,63,77,77,153,153,168,187,31,31,49,49,61,61,61,61,87,87,87,101,101,101],"floor_reached":51,"playtime":2820,"items_purged":["Strike_R"],"score":1114,"play_id":"db953b20-9e83-43ba-b5cf-045993938015","local_time":"20181129002758","is_ascension_mode":true,"campfire_choices":[{"data":"Perfected Strike","floor":6,"key":"SMITH"},{"floor":8,"key":"REST"},{"data":"Spot Weakness","floor":10,"key":"SMITH"},{"data":"Metallicize","floor":15,"key":"SMITH"},{"data":"Mayhem","floor":23,"key":"SMITH"},{"data":"Metallicize","floor":32,"key":"SMITH"},{"floor":40,"key":"REST"},{"floor":42,"key":"REST"},{"floor":44,"key":"REST"},{"floor":49,"key":"REST"}],"neow_cost":"NONE","seed_source_timestamp":434498015446113,"circlet_count":0,"master_deck":["AscendersBane","Strike_R","Strike_R","Strike_R","Strike_R","Defend_R","Defend_R","Defend_R","Defend_R","Bash","Perfected Strike+1","Spot Weakness+1","Battle Trance","Twin Strike","Thunderclap","Metallicize+1","Limit Break+1","Cleave","Mayhem+1","Perfected Strike+1","Twin Strike+1","Perfected Strike+1","Metallicize+1","Demon Form","Whirlwind+1","Flame Barrier+1","Cleave","Writhe","Shrug It Off"],"relics":["Burning Blood","NeowsBlessing","Orichalcum","Odd Mushroom","Pantograph","Bag of Preparation","Bird Faced Urn","White Beast Statue","Centennial Puzzle","Toy Ornithopter","Fusion Hammer","Oddly Smooth Stone","Bottled Tornado","Anchor"],"potions_floor_usage":[11,13,16,21,21,24,25,30,31,33,33,33,36,39,41,41,45,48,50],"damage_taken":[{"damage":0,"enemies":"2 Louse","floor":1,"turns":1},{"damage":0,"enemies":"Jaw Worm","floor":4,"turns":1},{"damage":13,"enemies":"The Mushroom Lair","floor":7,"turns":2},{"damage":22,"enemies":"Gremlin Nob","floor":11,"turns":4},{"damage":2,"enemies":"Small Slimes","floor":12,"turns":3},{"damage":14,"enemies":"Lagavulin","floor":13,"turns":3},{"damage":9,"enemies":"Exordium Thugs","floor":14,"turns":3},{"damage":42,"enemies":"The Guardian","floor":16,"turns":9},{"damage":14,"enemies":"Shell Parasite","floor":18,"turns":5},{"damage":11,"enemies":"2 Thieves","floor":21,"turns":4},{"damage":22,"enemies":"Sentry and Sphere","floor":24,"turns":6},{"damage":38,"enemies":"Centurion and Healer","floor":25,"turns":5},{"damage":4,"enemies":"Snecko","floor":30,"turns":3},{"damage":13,"enemies":"Snake Plant","floor":31,"turns":5},{"damage":42,"enemies":"Collector","floor":33,"turns":6},{"damage":26,"enemies":"3 Darklings","floor":35,"turns":5},{"damage":16,"enemies":"3 Shapes","floor":36,"turns":5},{"damage":22,"enemies":"Transient","floor":39,"turns":5},{"damage":19,"enemies":"Spire Growth","floor":41,"turns":4},{"damage":70,"enemies":"Reptomancer","floor":45,"turns":7},{"damage":55,"enemies":"Writhing Mass","floor":48,"turns":8},{"damage":45,"enemies":"Time Eater","floor":50,"turns":10}],"seed_played":"515849503953424104","potions_obtained":[{"floor":7,"key":"Ancient Potion"},{"floor":12,"key":"Poison Potion"},{"floor":14,"key":"Regen Potion"},{"floor":16,"key":"Block Potion"},{"floor":18,"key":"AttackPotion"},{"floor":21,"key":"EssenceOfSteel"},{"floor":24,"key":"AttackPotion"},{"floor":25,"key":"BloodPotion"},{"floor":30,"key":"Block Potion"},{"floor":31,"key":"EntropicBrew"},{"floor":33,"key":"Ancient Potion"},{"floor":35,"key":"Explosive Potion"},{"floor":36,"key":"Ancient Potion"},{"floor":38,"key":"EssenceOfSteel"},{"floor":39,"key":"Ancient Potion"},{"floor":41,"key":"Swift Potion"},{"floor":45,"key":"Regen Potion"},{"floor":48,"key":"SpeedPotion"}],"is_trial":false,"path_per_floor":["M","?","?","M","$","R","?","R","T","R","E","M","E","M","R","B",null,"M","$","?","M","?","R","M","M","T","?","$","?","M","M","R","B",null,"M","M","$","?","M","R","M","R","T","R","E","$","?","M","R","B",null],"character_chosen":"IRONCLAD","items_purchased":["Mayhem","Toy Ornithopter","Oddly Smooth Stone"],"campfire_rested":5,"item_purchase_floors":[19,28,37],"current_hp_per_floor":[78,67,55,61,61,61,54,78,78,78,62,66,58,55,55,60,75,69,69,69,68,68,68,56,28,28,54,54,39,56,60,60,54,77,65,68,68,68,61,85,79,85,85,85,25,25,46,25,50,47],"gold":101,"neow_bonus":"THREE_ENEMY_KILL","is_prod":false,"is_daily":false,"chose_seed":false,"campfire_upgraded":5,"win_rate":0,"timestamp":1543451278,"path_taken":["M","?","?","M","$","R","?","R","T","R","E","M","E","M","R","BOSS","M","$","?","M","?","R","M","?","T","?","$","?","M","M","R","BOSS","M","M","$","?","?","R","M","R","T","R","E","$","?","M","R","BOSS"],"build_version":"2018-11-15","purchased_purges":1,"victory":true,"max_hp_per_floor":[80,80,80,80,80,80,80,80,80,80,80,80,80,80,80,80,80,80,80,80,80,80,80,80,80,80,80,80,85,85,85,85,85,85,85,85,85,85,85,85,85,85,85,85,85,85,85,85,85,85],"card_choices":[{"not_picked":["Power Through","Carnage"],"picked":"Perfected Strike","floor":1},{"not_picked":["Ghostly Armor","Sever Soul"],"picked":"Spot Weakness","floor":4},{"not_picked":["Heavy Blade","Blood for Blood","Battle Trance"],"picked":"SKIP","floor":11},{"not_picked":["Heavy Blade","Blood for Blood"],"picked":"Battle Trance","floor":11},{"not_picked":["Whirlwind","Dual Wield"],"picked":"Twin Strike","floor":12},{"not_picked":["Dropkick","Clash"],"picked":"Thunderclap","floor":13},{"not_picked":["Flex","Anger"],"picked":"Metallicize","floor":14},{"not_picked":["Immolate","Offering"],"picked":"Limit Break","floor":16},{"not_picked":["Feel No Pain","Clash"],"picked":"Cleave","floor":18},{"not_picked":["Sever Soul","Flame Barrier"],"picked":"Perfected Strike+1","floor":21},{"not_picked":["Evolve+1","Havoc"],"picked":"Twin Strike+1","floor":24},{"not_picked":["Cleave","Flame Barrier+1"],"picked":"Perfected Strike+1","floor":25},{"not_picked":["Havoc","Barricade"],"picked":"Metallicize","floor":30},{"not_picked":["Carnage","Clothesline+1","Anger"],"picked":"SKIP","floor":31},{"not_picked":["Impervious","Double Tap"],"picked":"Demon Form","floor":33},{"not_picked":["Rampage","Fire Breathing","Perfected Strike+1"],"picked":"SKIP","floor":35},{"not_picked":["Anger","Flex"],"picked":"Whirlwind+1","floor":36},{"not_picked":["Clash","Body Slam+1"],"picked":"Flame Barrier+1","floor":39},{"not_picked":["Perfected Strike","Brutality"],"picked":"Cleave","floor":41},{"not_picked":["Burning Pact","Second Wind","Havoc"],"picked":"SKIP","floor":45},{"not_picked":["Blood for Blood","Power Through"],"picked":"Shrug It Off","floor":48}],"player_experience":912752,"relics_obtained":[{"floor":7,"key":"Odd Mushroom"},{"floor":9,"key":"Pantograph"},{"floor":11,"key":"Bag of Preparation"},{"floor":13,"key":"Bird Faced Urn"},{"floor":26,"key":"Centennial Puzzle"},{"floor":43,"key":"Bottled Tornado"},{"floor":45,"key":"Anchor"}],"event_choices":[{"damage_healed":0,"gold_gain":75,"player_choice":"Gather Gold","damage_taken":11,"max_hp_gain":0,"max_hp_loss":0,"event_name":"World of Goop","floor":2,"gold_loss":0},{"damage_healed":0,"gold_gain":0,"player_choice":"Success","damage_taken":12,"relics_obtained":["Orichalcum"],"max_hp_gain":0,"max_hp_loss":0,"event_name":"Scrap Ooze","floor":3,"gold_loss":0},{"damage_healed":0,"gold_gain":0,"player_choice":"Fought Mushrooms","damage_taken":0,"max_hp_gain":0,"max_hp_loss":0,"event_name":"Mushrooms","floor":7,"gold_loss":0},{"damage_healed":0,"gold_gain":0,"player_choice":"Ignored","damage_taken":0,"max_hp_gain":0,"max_hp_loss":0,"event_name":"Vampires","floor":20,"gold_loss":0},{"damage_healed":0,"gold_gain":0,"player_choice":"Forge","damage_taken":0,"max_hp_gain":0,"max_hp_loss":0,"event_name":"Accursed Blacksmith","floor":22,"gold_loss":0,"cards_upgraded":["Limit Break"]},{"damage_healed":26,"gold_gain":0,"player_choice":"Heal","damage_taken":0,"max_hp_gain":0,"max_hp_loss":0,"event_name":"The Library","floor":27,"gold_loss":0},{"damage_healed":0,"gold_gain":0,"player_choice":"Shed Blood","damage_taken":20,"max_hp_gain":5,"max_hp_loss":0,"event_name":"Forgotten Altar","floor":29,"gold_loss":0},{"damage_healed":0,"gold_gain":0,"player_choice":"Got Potions","damage_taken":0,"max_hp_gain":0,"max_hp_loss":0,"event_name":"Lab","floor":38,"gold_loss":0},{"damage_healed":21,"gold_gain":0,"player_choice":"Writhe","damage_taken":0,"max_hp_gain":0,"max_hp_loss":0,"event_name":"Winding Halls","floor":47,"gold_loss":0,"cards_obtained":["Writhe"]}],"is_beta":false,"boss_relics":[{"not_picked":["Mark of Pain","Snecko Eye"],"picked":"White Beast Statue"},{"not_picked":["Runic Cube","Calling Bell"],"picked":"Fusion Hammer"}],"items_purged_floors":[28],"is_endless":false,"potions_floor_spawned":[7,12,14,16,18,21,24,25,30,31,33,35,36,39,41,45,48],"ascension_level":13}