{"gold_per_floor":[116,132,143,159,2,2,15,49,102,102,131,131,158,345,357,464,476,498,527,117,117,117,117,152,172,172,202,202,213,242,254,254,356,356,366,366,377,390,409,441,441,441,465,11,11,25,71,94,94,94],"floor_reached":51,"playtime":3065,"items_purged":["Strike_R","Doubt","Strike_R"],"score":1076,"play_id":"d4668797-0962-4bd6-91de-e28d30f2e0c4","local_time":"20190131220452","is_ascension_mode":true,"campfire_choices":[{"data":"Uppercut","floor":6.0,"key":"SMITH"},{"data":"Shockwave","floor":10.0,"key":"SMITH"},{"data":"Double Tap","floor":12.0,"key":"SMITH"},{"data":"Disarm","floor":15.0,"key":"SMITH"},{"data":"Armaments","floor":23.0,"key":"SMITH"},{"data":"Shrug It Off","floor":32.0,"key":"SMITH"},{"data":"Impervious","floor":41,"key":"SMITH"},{"data":"Shrug It Off","floor":49,"key":"SMITH"}],"neow_cost":"NONE","seed_source_timestamp":99367237244800,"circlet_count":0,"master_deck":["Defend_R","Defend_R","Defend_R+1","Bash","Shrug It Off+1","Uppercut+1","Entrench","Spot Weakness","Shrug It Off+1","Shockwave+1","Disarm+1","Double Tap+1","Shrug It Off+1","Barricade","Body Slam","Armaments+1","Impervious+1","Metallicize","Havoc","Metallicize","Metallicize+1","Offering","Cleave+1","Twin Strike+1","Rupture+1","Body Slam+1","Master of Strategy","Seeing Red+1","Power Through+1","Exhume"],"special_seed":0,"relics":["Burning Blood","Centennial Puzzle","Paper Frog","Tiny Chest","War Paint","MawBank","Snecko Eye","Bronze Scales","Juzu Bracelet","Red Skull","Lantern","Letter Opener","Happy Flower","The Courier","Astrolabe","Smiling Mask","Anchor","Bag of Preparation","Gambling Chip","Calipers","Blood Vial"],"potions_floor_usage":[33,40,50,50],"damage_taken":[{"damage":1.0,"enemies":"Cultist","floor":1.0,"turns":3.0},{"damage":3.0,"enemies":"2 Louse","floor":2.0,"turns":5.0},{"damage":0.0,"enemies":"Jaw Worm","floor":3.0,"turns":3.0},{"damage":18.0,"enemies":"Red Slaver","floor":4.0,"turns":5.0},{"damage":7.0,"enemies":"3 Louse","floor":7.0,"turns":4.0},{"damage":25.0,"enemies":"3 Sentries","floor":8.0,"turns":9.0},{"damage":17.0,"enemies":"Lagavulin","floor":11.0,"turns":6.0},{"damage":23.0,"enemies":"Gremlin Nob","floor":13.0,"turns":5.0},{"damage":0.0,"enemies":"The Guardian","floor":16.0,"turns":15.0},{"damage":13.0,"enemies":"3 Byrds","floor":18.0,"turns":8.0},{"damage":0.0,"enemies":"Spheric Guardian","floor":19.0,"turns":7.0},{"damage":20.0,"enemies":"Book of Stabbing","floor":24.0,"turns":4.0},{"damage":7.0,"enemies":"Snake Plant","floor":25.0,"turns":5.0},{"damage":7.0,"enemies":"Slavers","floor":27.0,"turns":6.0},{"damage":0.0,"enemies":"3 Cultists","floor":29.0,"turns":5.0},{"damage":0.0,"enemies":"Gremlin Leader","floor":30.0,"turns":4.0},{"damage":0.0,"enemies":"Centurion and Healer","floor":31.0,"turns":4.0},{"damage":34,"enemies":"Automaton","floor":33,"turns":9},{"damage":6,"enemies":"3 Shapes","floor":35,"turns":2},{"damage":0,"enemies":"Orb Walker","floor":37,"turns":2},{"damage":13,"enemies":"Transient","floor":38,"turns":5},{"damage":6,"enemies":"Spire Growth","floor":39,"turns":4},{"damage":21,"enemies":"Reptomancer","floor":40,"turns":5},{"damage":6,"enemies":"Jaw Worm Horde","floor":46,"turns":2},{"damage":6,"enemies":"2 Orb Walkers","floor":47,"turns":2},{"damage":6,"enemies":"Donu and Deca","floor":50,"turns":7}],"seed_played":"-2578702660716531333","potions_obtained":[{"floor":2.0,"key":"EssenceOfSteel"},{"floor":3.0,"key":"SpeedPotion"},{"floor":7.0,"key":"EssenceOfSteel"},{"floor":11.0,"key":"Dexterity Potion"},{"floor":13.0,"key":"FearPotion"},{"floor":16.0,"key":"PowerPotion"},{"floor":19.0,"key":"Explosive Potion"},{"floor":21.0,"key":"Fruit Juice"},{"floor":21.0,"key":"Block Potion"},{"floor":30.0,"key":"GamblersBrew"},{"floor":33,"key":"Block Potion"},{"floor":35,"key":"SteroidPotion"},{"floor":38,"key":"Strength Potion"}],"is_trial":false,"path_per_floor":["M","M","M","M","$","R","M","E","T","R","E","R","E","?","R","B",null,"M","M","$","?","?","R","E","M","T","E","?","M","E","M","R","B",null,"M","?","M","M","M","E","R","?","T","$","?","M","?","T","R","B",null],"character_chosen":"IRONCLAD","items_purchased":["Shrug It Off","Shockwave","Bronze Scales","Juzu Bracelet","Armaments","Bag of Preparation","Gambling Chip","SpeedPotion"],"campfire_rested":0,"item_purchase_floors":[5,5,20,20,20,44,44,44],"current_hp_per_floor":[80,80,80,68,68,68,67,48,48,48,37,37,20,20,20,26,80,73,79,79,84,84,84,70,69,69,68,68,74,80,85,85,57,85,85,75,81,74,74,59,59,59,59,59,59,59,59,59,59,61],"gold":94,"neow_bonus":"RANDOM_COMMON_RELIC","is_prod":false,"is_daily":false,"chose_seed":false,"campfire_upgraded":8,"win_rate":0,"timestamp":1548997492,"path_taken":["M","M","M","?","$","R","M","E","T","R","E","R","E","?","R","BOSS","M","M","$","?","?","R","E","M","T","E","?","M","E","M","R","BOSS","M","?","M","M","M","E","R","?","T","$","?","M","?","?","R","BOSS"],"build_version":"2019-01-23","purchased_purges":3,"victory":true,"max_hp_per_floor":[80,80,80,80,80,80,80,80,80,80,80,80,80,80,80,80,80,80,80,80,85,85,85,85,85,85,85,85,85,85,85,85,85,85,85,85,85,85,85,85,85,85,85,85,85,85,85,85,85,85],"card_choices":[{"not_picked":["True Grit","Warcry"],"picked":"Shrug It Off","floor":1.0},{"not_picked":["Ghostly Armor","Sword Boomerang"],"picked":"Uppercut","floor":2.0},{"not_picked":["Uppercut","Wild Strike"],"picked":"Entrench","floor":3.0},{"not_picked":["Disarm","Armaments"],"picked":"Spot Weakness","floor":4.0},{"not_picked":["Twin Strike","Clothesline","True Grit"],"picked":"SKIP","floor":7.0},{"not_picked":["Metallicize","Clothesline"],"picked":"Disarm","floor":8.0},{"not_picked":["Clothesline","Flame Barrier"],"picked":"Double Tap","floor":11.0},{"not_picked":["Clash","Heavy Blade"],"picked":"Shrug It Off","floor":13.0},{"not_picked":["Dark Embrace","Exhume"],"picked":"Barricade","floor":16.0},{"not_picked":["Battle Trance+1","Iron Wave","Thunderclap"],"picked":"SKIP","floor":18.0},{"not_picked":["Dropkick","Heavy Blade+1"],"picked":"Body Slam","floor":19.0},{"not_picked":["Clothesline","Power Through"],"picked":"Impervious","floor":24.0},{"not_picked":["Infernal Blade","Battle Trance"],"picked":"Metallicize","floor":25.0},{"not_picked":["Headbutt+1","Pommel Strike+1"],"picked":"Havoc","floor":27.0},{"not_picked":["Pommel Strike","Twin Strike","Intimidate"],"picked":"SKIP","floor":29.0},{"not_picked":["Flex","Perfected Strike+1"],"picked":"Metallicize","floor":30.0},{"not_picked":["Whirlwind","Twin Strike+1"],"picked":"Metallicize+1","floor":31.0},{"not_picked":["Dark Embrace","Feed"],"picked":"Offering","floor":33},{"not_picked":["Clothesline+1","Pommel Strike+1"],"picked":"Body Slam+1","floor":35},{"not_picked":["Purity","Good Instincts"],"picked":"Master of Strategy","floor":36},{"not_picked":["Twin Strike","Perfected Strike"],"picked":"Seeing Red+1","floor":37},{"not_picked":["Headbutt+1","Seeing Red+1","Havoc"],"picked":"SKIP","floor":38},{"not_picked":["Pommel Strike+1","Battle Trance+1"],"picked":"Power Through+1","floor":39},{"not_picked":["Cleave+1","Heavy Blade","Combust"],"picked":"SKIP","floor":40},{"not_picked":["Twin Strike","Infernal Blade"],"picked":"Exhume","floor":46}],"player_experience":282607,"relics_obtained":[{"floor":8.0,"key":"Paper Frog"},{"floor":9.0,"key":"Tiny Chest"},{"floor":11.0,"key":"War Paint"},{"floor":13.0,"key":"MawBank"},{"floor":24.0,"key":"Lantern"},{"floor":26.0,"key":"Letter Opener"},{"floor":27.0,"key":"Happy Flower"},{"floor":30.0,"key":"The Courier"},{"floor":40,"key":"Smiling Mask"},{"floor":43,"key":"Anchor"},{"floor":47,"key":"Calipers"},{"floor":48,"key":"Blood Vial"}],"event_choices":[{"damage_healed":0.0,"max_hp_gain":0.0,"max_hp_loss":0.0,"gold_gain":175.0,"event_name":"Liars Game","player_choice":"AGREE","floor":14.0,"gold_loss":0.0,"damage_taken":0.0,"cards_obtained":["Doubt"]},{"damage_healed":0.0,"max_hp_gain":0.0,"max_hp_loss":0.0,"gold_gain":0.0,"event_name":"Lab","player_choice":"Got Potions","floor":21.0,"gold_loss":0.0,"damage_taken":0.0},{"damage_healed":0.0,"max_hp_gain":0.0,"max_hp_loss":0.0,"gold_gain":0.0,"event_name":"The Mausoleum","player_choice":"Opened","floor":22.0,"gold_loss":0.0,"damage_taken":0.0,"relics_obtained":["Red Skull"],"cards_obtained":["Writhe"]},{"cards_removed":["Writhe"],"damage_healed":0.0,"max_hp_gain":0.0,"max_hp_loss":0.0,"gold_gain":0.0,"event_name":"Wheel of Change","player_choice":"Card Removal","floor":28.0,"gold_loss":0.0,"damage_taken":0.0},{"damage_healed":0,"gold_gain":0,"player_choice":"Memory 3","damage_taken":10,"max_hp_gain":0,"max_hp_loss":0,"event_name":"SensoryStone","floor":36,"gold_loss":0},{"damage_healed":0,"gold_gain":0,"player_choice":"Ignored","damage_taken":0,"max_hp_gain":0,"max_hp_loss":0,"event_name":"SecretPortal","floor":42,"gold_loss":0},{"cards_removed":["Defend_R"],"damage_healed":0,"gold_gain":0,"player_choice":"Purged","damage_taken":0,"max_hp_gain":0,"max_hp_loss":0,"event_name":"Purifier","floor":45,"gold_loss":0},{"damage_healed":0,"gold_gain":0,"player_choice":"Fight","damage_taken":0,"max_hp_gain":0,"max_hp_loss":0,"event_name":"Mysterious Sphere","floor":47,"gold_loss":0}],"is_beta":false,"boss_relics":[{"not_picked":["Black Star","Cursed Key"],"picked":"Snecko Eye"},{"not_picked":["Eternal Feather","White Beast Statue"],"picked":"Astrolabe"}],"items_purged_floors":[5,20,44],"is_endless":false,"potions_floor_spawned":[2,3,7,11,13,16,19,24,30,33,35,38,47],"ascension_level":4}