{"gold_per_floor":[119,139,139,159,170,170,186,186,186,186,186,220,30,44,44,44],"floor_reached":16,"playtime":1100,"items_purged":[],"score":158,"play_id":"1a25fe2c-05ad-4c14-b387-e0303d538347","local_time":"20190103215258","is_ascension_mode":true,"campfire_choices":[{"data":"Crippling Poison","floor":6,"key":"SMITH"},{"floor":8,"key":"REST"},{"floor":11,"key":"REST"},{"data":"Neutralize","floor":15,"key":"SMITH"}],"neow_cost":"NONE","seed_source_timestamp":964183655880456,"circlet_count":0,"master_deck":["AscendersBane","Defend_G","Defend_G","Defend_G","Defend_G","Defend_G","Strike_G","Strike_G","Strike_G","Strike_G","Survivor","Neutralize+1","Adrenaline","Crippling Poison+1","PiercingWail","Deadly Poison","Bane","Backflip","Parasite","Tactician","Dodge and Roll"],"relics":["Ring of the Snake","Molten Egg 2","Potion Belt","TwistedFunnel"],"potions_floor_usage":[12,16],"damage_taken":[{"damage":0,"enemies":"2 Louse","floor":1,"turns":5},{"damage":1,"enemies":"Jaw Worm","floor":2,"turns":7},{"damage":13,"enemies":"Cultist","floor":4,"turns":6},{"damage":8,"enemies":"2 Fungi Beasts","floor":5,"turns":3},{"damage":24,"enemies":"Exordium Thugs","floor":7,"turns":5},{"damage":22,"enemies":"3 Sentries","floor":12,"turns":9},{"damage":0,"enemies":"Blue Slaver","floor":14,"turns":3},{"damage":51,"enemies":"Slime Boss","floor":16,"turns":14}],"seed_played":"-255655858159764591","potions_obtained":[{"floor":1,"key":"LiquidBronze"},{"floor":4,"key":"SteroidPotion"}],"is_trial":false,"path_per_floor":["M","M","?","M","M","R","M","R","T","?","R","E","$","M","R","B"],"character_chosen":"THE_SILENT","items_purchased":["TwistedFunnel"],"campfire_rested":2,"item_purchase_floors":[13],"current_hp_per_floor":[63,62,55,42,34,34,10,31,31,48,69,47,47,47,47,0],"gold":44,"neow_bonus":"TRANSFORM_CARD","is_prod":false,"is_daily":false,"chose_seed":false,"campfire_upgraded":2,"win_rate":0,"timestamp":1546570378,"path_taken":["M","M","?","M","M","R","M","R","T","?","R","E","$","M","R","BOSS"],"build_version":"2019-01-03","purchased_purges":0,"victory":false,"max_hp_per_floor":[70,70,70,70,70,70,70,70,70,70,70,70,70,70,70,70],"card_choices":[{"not_picked":["Riddle With Holes","Dodge and Roll"],"picked":"Crippling Poison","floor":1},{"not_picked":["Flying Knee","Flechettes"],"picked":"PiercingWail","floor":2},{"not_picked":["Acrobatics","Quick Slash"],"picked":"Deadly Poison","floor":4},{"not_picked":["PiercingWail","Dodge and Roll"],"picked":"Bane","floor":5},{"not_picked":["Cloak And Dagger","Escape Plan"],"picked":"Backflip","floor":7},{"not_picked":["Blade Dance","Storm of Steel"],"picked":"Tactician","floor":12},{"not_picked":["Prepared","Cloak And Dagger"],"picked":"Dodge and Roll","floor":14}],"player_experience":458574,"relics_obtained":[{"floor":9,"key":"Molten Egg 2"},{"floor":12,"key":"Potion Belt"}],"event_choices":[{"damage_healed":0,"gold_gain":0,"player_choice":"Fled","damage_taken":7,"max_hp_gain":0,"max_hp_loss":0,"event_name":"Scrap Ooze","floor":3,"gold_loss":0},{"damage_healed":17,"gold_gain":0,"player_choice":"Healed and dodged fight","damage_taken":0,"max_hp_gain":0,"max_hp_loss":0,"event_name":"Mushrooms","floor":10,"gold_loss":0,"cards_obtained":["Parasite"]}],"is_beta":false,"boss_relics":[],"items_purged_floors":[],"is_endless":false,"potions_floor_spawned":[1,4,5],"killed_by":"Slime Boss","ascension_level":11}