{"gold_per_floor":[112,4,4,4,4,30,41,71,71,71,71,91,126,144,144,144],"floor_reached":16,"playtime":1010,"items_purged":[],"score":201,"play_id":"8b69f737-6143-4302-8234-bbda08feb87b","local_time":"20181212202103","is_ascension_mode":true,"campfire_choices":[{"floor":11,"key":"REST"},{"floor":15,"key":"REST"}],"neow_cost":"NONE","seed_source_timestamp":31790863437357,"circlet_count":0,"master_deck":["AscendersBane","Strike_R","Strike_R","Strike_R","Strike_R","Defend_R","Defend_R","Defend_R","Defend_R","Bash","Pommel Strike","Shrug It Off","Cleave","Shrug It Off","Thunderclap","Anger","Body Slam","Disarm","Metallicize","True Grit"],"relics":["Burning Blood","Bag of Preparation","Gremlin Horn","Omamori","Paper Frog","Kunai","Molten Egg 2"],"potions_floor_usage":[8,12,12,13,14],"damage_taken":[{"damage":8,"enemies":"2 Louse","floor":1,"turns":4},{"damage":54,"enemies":"Lagavulin","floor":6,"turns":7},{"damage":0,"enemies":"Small Slimes","floor":7,"turns":2},{"damage":12,"enemies":"3 Sentries","floor":8,"turns":7},{"damage":0,"enemies":"Cultist","floor":12,"turns":3},{"damage":26,"enemies":"Lagavulin","floor":13,"turns":5},{"damage":3,"enemies":"Looter","floor":14,"turns":5},{"damage":62,"enemies":"The Guardian","floor":16,"turns":11}],"seed_played":"257358016195268047","potions_obtained":[{"floor":7,"key":"Explosive Potion"},{"floor":8,"key":"EntropicBrew"},{"floor":13,"key":"SpeedPotion"}],"is_trial":false,"path_per_floor":["M","$","?","$","?","E","M","E","T","?","R","M","E","M","R","B"],"character_chosen":"IRONCLAD","items_purchased":["Shrug It Off","Cleave"],"campfire_rested":2,"item_purchase_floors":[2,2],"current_hp_per_floor":[66,66,66,66,59,11,17,11,11,29,51,57,37,40,62,0],"gold":144,"neow_bonus":"RANDOM_COMMON_RELIC","is_prod":false,"is_daily":false,"chose_seed":false,"campfire_upgraded":0,"win_rate":0,"timestamp":1544646063,"path_taken":["M","$","?","$","?","E","M","E","T","?","R","M","E","M","R","BOSS"],"build_version":"2018-12-06","purchased_purges":0,"victory":false,"max_hp_per_floor":[75,75,75,75,75,75,75,75,75,75,75,75,75,75,75,75],"card_choices":[{"not_picked":["Twin Strike","Havoc"],"picked":"Pommel Strike","floor":1},{"not_picked":["Sever Soul","Ghostly Armor"],"picked":"Thunderclap","floor":6},{"not_picked":["Wild Strike","Pommel Strike"],"picked":"Anger","floor":7},{"not_picked":["Second Wind","Shockwave"],"picked":"Body Slam","floor":8},{"not_picked":["Rage","Armaments"],"picked":"Disarm","floor":12},{"not_picked":["Flex","Clothesline"],"picked":"Metallicize","floor":13},{"not_picked":["Seeing Red","Feel No Pain"],"picked":"True Grit","floor":14}],"player_experience":1040497,"relics_obtained":[{"floor":6,"key":"Omamori"},{"floor":8,"key":"Paper Frog"},{"floor":9,"key":"Kunai"},{"floor":13,"key":"Molten Egg 2"}],"event_choices":[{"damage_healed":0,"gold_gain":0,"cards_transformed":["Strike_R"],"player_choice":"Change","damage_taken":0,"max_hp_gain":0,"max_hp_loss":0,"event_name":"Living Wall","floor":3,"gold_loss":0,"cards_obtained":["Shrug It Off"]},{"damage_healed":0,"gold_gain":0,"player_choice":"Success","damage_taken":7,"relics_obtained":["Gremlin Horn"],"max_hp_gain":0,"max_hp_loss":0,"event_name":"Scrap Ooze","floor":5,"gold_loss":0},{"damage_healed":18,"gold_gain":0,"player_choice":"Healed and dodged fight","damage_taken":0,"max_hp_gain":0,"max_hp_loss":0,"event_name":"Mushrooms","floor":10,"gold_loss":0,"cards_obtained":["Parasite"]}],"is_beta":false,"boss_relics":[],"items_purged_floors":[],"is_endless":false,"potions_floor_spawned":[7,8,13],"killed_by":"The Guardian","ascension_level":14}