{"gold_per_floor":[113,124,199,216,232,266,266,291,316,316,326,50,50,64,64,159,209,226,226,242,258,276,276,287,202,264,276,308,332,344,32,32,32],"floor_reached":33,"playtime":2471,"items_purged":["Strike_G"],"score":417,"play_id":"14c41c97-a612-47bc-9d0a-b99fbfd5f069","local_time":"20181212180748","is_ascension_mode":true,"campfire_choices":[{"floor":7,"key":"REST"},{"floor":13,"key":"REST"},{"floor":15,"key":"REST"},{"floor":23,"key":"REST"},{"floor":32,"key":"REST"}],"neow_cost":"NONE","seed_source_timestamp":22334816078645,"circlet_count":0,"master_deck":["AscendersBane","Defend_G","Defend_G","Defend_G","Defend_G","Defend_G","Strike_G","Strike_G","Strike_G","Strike_G+1","Survivor","Neutralize","Backstab+1","Cloak And Dagger","A Thousand Cuts","Blade Dance+1","Malaise","Cloak And Dagger","Deadly Poison","Bullet Time","Cloak And Dagger","Cloak And Dagger","Leg Sweep","Dodge and Roll","Backflip+1","Deadly Poison","Dodge and Roll+1","Footwork"],"relics":["WristBlade","Bird Faced Urn","Whetstone","Centennial Puzzle","OrangePellets","Tiny House","MawBank","Oddly Smooth Stone","Shuriken"],"potions_floor_usage":[6,6,11,16,18,22,29],"damage_taken":[{"damage":4,"enemies":"Small Slimes","floor":1,"turns":4},{"damage":0,"enemies":"Cultist","floor":2,"turns":3},{"damage":0,"enemies":"2 Louse","floor":4,"turns":2},{"damage":1,"enemies":"Blue Slaver","floor":5,"turns":4},{"damage":23,"enemies":"Lagavulin","floor":6,"turns":6},{"damage":25,"enemies":"Gremlin Nob","floor":8,"turns":5},{"damage":2,"enemies":"2 Fungi Beasts","floor":11,"turns":4},{"damage":3,"enemies":"3 Louse","floor":14,"turns":3},{"damage":32,"enemies":"Hexaghost","floor":16,"turns":13},{"damage":8,"enemies":"Chosen","floor":18,"turns":4},{"damage":13,"enemies":"Shell Parasite","floor":20,"turns":7},{"damage":17,"enemies":"3 Cultists","floor":21,"turns":7},{"damage":7,"enemies":"Shelled Parasite and Fungi","floor":22,"turns":6},{"damage":18,"enemies":"Sentry and Sphere","floor":24,"turns":7},{"damage":4,"enemies":"Snecko","floor":28,"turns":6},{"damage":3,"enemies":"Snake Plant","floor":29,"turns":7},{"damage":60,"enemies":"Automaton","floor":33,"turns":6}],"seed_played":"-12804052172085194","potions_obtained":[{"floor":1,"key":"SkillPotion"},{"floor":5,"key":"Weak Potion"},{"floor":8,"key":"Block Potion"},{"floor":11,"key":"Swift Potion"},{"floor":17,"key":"EssenceOfSteel"},{"floor":18,"key":"Weak Potion"},{"floor":22,"key":"AttackPotion"}],"is_trial":false,"path_per_floor":["M","M","?","M","M","E","R","E","T","?","M","$","R","M","R","B",null,"M","?","M","M","M","R","M","?","T","?","M","M","?","$","R","B"],"character_chosen":"THE_SILENT","items_purchased":["OrangePellets","Footwork","Shuriken"],"campfire_rested":5,"item_purchase_floors":[12,31,31],"current_hp_per_floor":[59,59,48,48,47,24,45,22,22,22,22,22,43,40,61,31,65,59,59,46,31,24,46,30,30,30,16,14,13,13,13,37,0],"gold":32,"neow_bonus":"BOSS_RELIC","is_prod":false,"is_daily":false,"chose_seed":false,"campfire_upgraded":0,"win_rate":0,"timestamp":1544638068,"path_taken":["M","M","?","M","M","E","R","E","T","?","M","$","R","?","R","BOSS","M","?","M","M","M","R","M","?","T","?","M","M","?","$","R","BOSS"],"build_version":"2018-12-06","purchased_purges":1,"victory":false,"max_hp_per_floor":[70,70,70,70,70,70,70,70,70,70,70,70,70,70,70,70,75,75,75,75,75,75,75,75,75,75,80,80,80,80,80,80,80],"card_choices":[{"not_picked":["Dagger Throw","Backflip"],"picked":"Backstab","floor":1},{"not_picked":["Slice","Distraction"],"picked":"Cloak And Dagger","floor":2},{"not_picked":["Poisoned Stab","Tactician"],"picked":"A Thousand Cuts","floor":4},{"not_picked":["Finisher","Acrobatics"],"picked":"Blade Dance","floor":5},{"not_picked":["Underhanded Strike","Distraction","Setup"],"picked":"SKIP","floor":6},{"not_picked":["Concentrate","Bane"],"picked":"Malaise","floor":8},{"not_picked":["Dagger Spray","Deflect"],"picked":"Cloak And Dagger","floor":11},{"not_picked":["Dagger Spray","Sucker Punch"],"picked":"Deadly Poison","floor":14},{"not_picked":["Grand Finale","Venomology"],"picked":"Bullet Time","floor":16},{"not_picked":["Reflex","Acrobatics"],"picked":"Cloak And Dagger","floor":17},{"not_picked":["Slice","Predator"],"picked":"Cloak And Dagger","floor":18},{"not_picked":["Poisoned Stab","Acrobatics","Bane"],"picked":"SKIP","floor":20},{"not_picked":["Concentrate","Flying Knee"],"picked":"Dodge and Roll","floor":21},{"not_picked":["Acrobatics+1","Dagger Spray"],"picked":"Backflip+1","floor":22},{"not_picked":["Flying Knee+1","Glass Knife"],"picked":"Deadly Poison","floor":24},{"not_picked":["Escape Plan","Quick Slash"],"picked":"Dodge and Roll+1","floor":28},{"not_picked":["Acrobatics","Poisoned Stab","Deflect"],"picked":"SKIP","floor":29}],"player_experience":1037329,"relics_obtained":[{"floor":6,"key":"Bird Faced Urn"},{"floor":8,"key":"Whetstone"},{"floor":10,"key":"Centennial Puzzle"},{"floor":26,"key":"Oddly Smooth Stone"}],"event_choices":[{"damage_healed":0,"gold_gain":75,"player_choice":"Gather Gold","damage_taken":11,"max_hp_gain":0,"max_hp_loss":0,"event_name":"World of Goop","floor":3,"gold_loss":0},{"damage_healed":0,"gold_gain":0,"player_choice":"Relic","damage_taken":0,"max_hp_gain":0,"max_hp_loss":0,"event_name":"Wheel of Change","floor":10,"gold_loss":0},{"damage_healed":0,"gold_gain":0,"player_choice":"Read","damage_taken":0,"max_hp_gain":0,"max_hp_loss":0,"event_name":"The Library","floor":19,"gold_loss":0,"cards_obtained":["Leg Sweep"]},{"damage_healed":0,"gold_gain":0,"player_choice":"Obtained Relic","damage_taken":0,"relics_obtained":["MawBank"],"max_hp_gain":0,"max_hp_loss":0,"event_name":"Addict","floor":25,"gold_loss":85},{"damage_healed":0,"gold_gain":0,"player_choice":"Shed Blood","damage_taken":19,"max_hp_gain":5,"max_hp_loss":0,"event_name":"Forgotten Altar","floor":27,"gold_loss":0},{"damage_healed":0,"gold_gain":0,"player_choice":"Ignored","damage_taken":0,"max_hp_gain":0,"max_hp_loss":0,"event_name":"Cursed Tome","floor":30,"gold_loss":0}],"is_beta":false,"boss_relics":[{"not_picked":["HoveringKite","Ectoplasm"],"picked":"Tiny House"}],"items_purged_floors":[12],"is_endless":false,"potions_floor_spawned":[1,5,8,11,18,22],"killed_by":"Automaton","ascension_level":10}