{"gold_per_floor":[12,12,30,47,47,47,74,1,1,334,334,349,367,37,37,37],"floor_reached":16,"playtime":912,"items_purged":["Strike_R"],"score":187,"play_id":"c0195b6f-439e-4759-9912-8343af16291b","local_time":"20181205121719","is_ascension_mode":true,"campfire_choices":[{"floor":6,"key":"REST"},{"floor":15,"key":"REST"}],"neow_cost":"NO_GOLD","seed_source_timestamp":393009019633876,"circlet_count":0,"master_deck":["AscendersBane","Strike_R+1","Strike_R","Defend_R","Defend_R","Defend_R","Defend_R","Bash+1","Spot Weakness","Shrug It Off","Heavy Blade","Thunderclap","Feed","Thunderclap","Cleave","Shrug It Off"],"relics":["Burning Blood","Du-Vu Doll","Dodecahedron","Old Coin","Molten Egg 2"],"potions_floor_usage":[4,12],"damage_taken":[{"damage":7,"enemies":"Jaw Worm","floor":1,"turns":3},{"damage":11,"enemies":"Small Slimes","floor":3,"turns":3},{"damage":1,"enemies":"Cultist","floor":4,"turns":3},{"damage":27,"enemies":"3 Sentries","floor":7,"turns":9},{"damage":22,"enemies":"Gremlin Nob","floor":10,"turns":4},{"damage":14,"enemies":"Lots of Slimes","floor":12,"turns":3},{"damage":10,"enemies":"2 Fungi Beasts","floor":13,"turns":3},{"damage":46,"enemies":"Hexaghost","floor":16,"turns":9}],"seed_played":"4445945862732682966","potions_obtained":[{"floor":3,"key":"Energy Potion"},{"floor":10,"key":"Swift Potion"}],"is_trial":false,"path_per_floor":["M","?","M","M","?","R","E","$","T","E","?","M","M","$","R","B"],"character_chosen":"IRONCLAD","items_purchased":["Feed","Molten Egg 2"],"campfire_rested":2,"item_purchase_floors":[8,14],"current_hp_per_floor":[67,60,55,60,45,67,46,46,46,30,30,25,21,21,44,0],"gold":37,"neow_bonus":"ONE_RARE_RELIC","is_prod":false,"is_daily":false,"chose_seed":false,"campfire_upgraded":0,"win_rate":0,"timestamp":1544012239,"path_taken":["M","?","M","M","?","R","E","$","T","E","?","?","M","$","R","BOSS"],"build_version":"2018-11-15","purchased_purges":1,"victory":false,"max_hp_per_floor":[75,75,75,75,75,75,75,75,75,75,75,78,78,78,78,78],"card_choices":[{"not_picked":["Clash","Intimidate"],"picked":"Spot Weakness","floor":1},{"not_picked":["Sever Soul","Sword Boomerang"],"picked":"Shrug It Off","floor":3},{"not_picked":["Armaments","Body Slam"],"picked":"Heavy Blade","floor":4},{"not_picked":["Perfected Strike","Body Slam"],"picked":"Thunderclap","floor":7},{"not_picked":["Armaments","Twin Strike"],"picked":"Thunderclap","floor":10},{"not_picked":["True Grit","Body Slam"],"picked":"Cleave","floor":12},{"not_picked":["Perfected Strike","Warcry"],"picked":"Shrug It Off","floor":13}],"player_experience":949848,"relics_obtained":[{"floor":7,"key":"Dodecahedron"},{"floor":10,"key":"Old Coin"}],"event_choices":[{"cards_removed":["Strike_R"],"damage_healed":0,"gold_gain":0,"player_choice":"Card Removal","damage_taken":7,"max_hp_gain":0,"max_hp_loss":0,"event_name":"Golden Wing","floor":2,"gold_loss":0},{"damage_healed":0,"gold_gain":0,"player_choice":"Entered Light","damage_taken":15,"max_hp_gain":0,"max_hp_loss":0,"event_name":"Shining Light","floor":5,"gold_loss":0,"cards_upgraded":["Strike_R","Bash"]},{"cards_removed":["Strike_R"],"damage_healed":0,"gold_gain":0,"player_choice":"Purged","damage_taken":0,"max_hp_gain":0,"max_hp_loss":0,"event_name":"Purifier","floor":11,"gold_loss":0}],"is_beta":false,"boss_relics":[],"items_purged_floors":[14],"is_endless":false,"potions_floor_spawned":[3,10],"killed_by":"Hexaghost","ascension_level":14}