{"gold_per_floor":[112,126,13,26,26,54,71,88,88,88,107,183,7,34,34,138,138,112,211,228,238,249,249,284,284,338,338,352,352],"floor_reached":29,"playtime":2883,"items_purged":["Strike_G","Regret"],"score":247,"play_id":"0a857667-c1ad-40d8-bd5f-4bc96cd84e0f","local_time":"20180625225724","is_ascension_mode":false,"campfire_choices":[{"data":"Prepared","floor":10,"key":"SMITH"},{"floor":15,"key":"REST"},{"floor":23,"key":"REST"},{"floor":25,"key":"REST"}],"neow_cost":"NONE","seed_source_timestamp":662170597468807,"circlet_count":0,"master_deck":["Defend_G","Defend_G","Defend_G","Defend_G","Strike_G","Strike_G","Strike_G","Survivor","Neutralize","Dagger Throw","Dagger Throw","Footwork","Prepared+1","Terror","Underhanded Strike","Outmaneuver","Outmaneuver","Infinite Blades","Infinite Blades","Tools of the Trade","Skewer","Caltrops","Eviscerate","Crippling Poison","Escape Plan","Acrobatics+1"],"relics":["Empty Cage","Gremlin Horn","Calipers","Kunai","Odd Mushroom","Fusion Hammer","Shuriken","Regal Pillow"],"potions_floor_usage":[16,16,22,24,24],"damage_taken":[{"damage":1,"enemies":"2 Louse","floor":1,"turns":4},{"damage":0,"enemies":"Small Slimes","floor":2,"turns":3},{"damage":0,"enemies":"Jaw Worm","floor":4,"turns":4},{"damage":35,"enemies":"Lagavulin","floor":6,"turns":14},{"damage":12,"enemies":"Gremlin Gang","floor":7,"turns":5},{"damage":0,"enemies":"Exordium Wildlife","floor":8,"turns":4},{"damage":3,"enemies":"Looter","floor":11,"turns":3},{"damage":14,"floor":14,"turns":6},{"damage":12,"enemies":"The Guardian","floor":16,"turns":10},{"damage":21,"enemies":"2 Thieves","floor":18,"turns":5},{"damage":2,"enemies":"Shell Parasite","floor":20,"turns":4},{"damage":18,"enemies":"Chosen and Byrds","floor":21,"turns":6},{"damage":15,"enemies":"Centurion and Healer","floor":22,"turns":6},{"damage":15,"enemies":"Slavers","floor":24,"turns":6},{"damage":29,"enemies":"Snake Plant","floor":28,"turns":5},{"damage":16,"enemies":"Snecko","floor":29,"turns":3}],"seed_played":"-4315409873534755756","potions_obtained":[{"floor":7,"key":"FearPotion"},{"floor":8,"key":"GhostInAJar"},{"floor":11,"key":"SkillPotion"},{"floor":20,"key":"LiquidBronze"},{"floor":21,"key":"Fire Potion"},{"floor":28,"key":"SpeedPotion"}],"is_trial":false,"path_per_floor":["M","M","$","M","?","E","M","M","T","R","M","?","$","?","R","B",null,"M","?","M","M","M","R","E","R","T","?","M"],"character_chosen":"THE_SILENT","items_purchased":["Footwork","Infinite Blades"],"campfire_rested":3,"item_purchase_floors":[3,13],"current_hp_per_floor":[69,69,69,69,69,34,22,22,22,22,19,19,19,5,26,14,70,49,49,47,29,14,35,20,41,41,41,12,0],"gold":352,"neow_bonus":"BOSS_RELIC","is_prod":false,"is_daily":false,"chose_seed":false,"campfire_upgraded":1,"win_rate":0.0,"timestamp":1529981844,"path_taken":["M","M","$","M","?","E","M","M","T","R","M","?","$","?","R","BOSS","M","?","M","?","M","R","E","R","T","?","?","M"],"build_version":"2018-06-21v2","purchased_purges":2,"victory":false,"max_hp_per_floor":[70,70,70,70,70,70,70,70,70,70,70,70,70,70,70,70,70,70,70,70,70,70,70,70,70,70,70,70,70],"card_choices":[{"not_picked":["PiercingWail","Expertise"],"picked":"Dagger Throw","floor":1},{"not_picked":["Flying Knee","Underhanded Strike"],"picked":"Dagger Throw","floor":2},{"not_picked":["Dagger Throw","A Thousand Cuts"],"picked":"Prepared","floor":4},{"not_picked":["Quick Slash","Eviscerate"],"picked":"Terror","floor":6},{"not_picked":["Endless Agony","Choke"],"picked":"Underhanded Strike","floor":7},{"not_picked":["Leg Sweep","PiercingWail"],"picked":"Outmaneuver","floor":8},{"not_picked":["Deflect","Dodge and Roll"],"picked":"Outmaneuver","floor":11},{"not_picked":["Slice","A Thousand Cuts"],"picked":"Infinite Blades","floor":14},{"not_picked":["Tactician","Die Die Die"],"picked":"Tools of the Trade","floor":16},{"not_picked":["Acrobatics","Deflect"],"picked":"Skewer","floor":18},{"not_picked":["Prepared","Backflip"],"picked":"Caltrops","floor":20},{"not_picked":["Malaise+1","Deflect"],"picked":"Eviscerate","floor":21},{"not_picked":["Malaise+1","Finisher"],"picked":"Crippling Poison","floor":22},{"not_picked":["Wraith Form v2","Predator"],"picked":"Escape Plan","floor":24},{"not_picked":["Dagger Spray","Poisoned Stab"],"picked":"Acrobatics+1","floor":28}],"player_experience":12658,"relics_obtained":[{"floor":6,"key":"Calipers"},{"floor":9,"key":"Kunai"},{"floor":14,"key":"Odd Mushroom"},{"floor":24,"key":"Shuriken"},{"floor":26,"key":"Regal Pillow"}],"event_choices":[{"event_name":"Big Fish","player_choice":"Box","floor":5,"damage_taken":0},{"event_name":"Golden Wing","player_choice":"Gained Gold","floor":12,"damage_taken":0},{"event_name":"Mushrooms","player_choice":"Fought Mushrooms","floor":14,"damage_taken":0},{"event_name":"Nest","player_choice":"Stole From Cult","floor":19,"damage_taken":0},{"event_name":"Drug Dealer","player_choice":"Ignored","floor":27,"damage_taken":0}],"boss_relics":[{"not_picked":["Runic Dome","White Beast Statue"],"picked":"Fusion Hammer"}],"items_purged_floors":[3,13],"is_endless":false,"potions_floor_spawned":[7,8,11,14,20,21,28],"killed_by":"Snecko","ascension_level":0}