{"gold_per_floor":[114,39,39,39,50,50,76,93,93,93,111,146,146,146,146,246,246,258,75,86,1,1,1,19,47,47,47,70,70,70,85,85,85],"floor_reached":33,"playtime":1283,"items_purged":["Defend_G"],"score":350,"play_id":"d14d6f27-3dce-4dc2-be49-23a6a16c93b7","local_time":"20181216171339","is_ascension_mode":true,"campfire_choices":[{"data":"Leg Sweep","floor":6,"key":"SMITH"},{"floor":10,"key":"REST"},{"floor":13,"key":"RECALL"},{"floor":15,"key":"REST"},{"floor":23,"key":"REST"},{"floor":27,"key":"REST"},{"floor":32,"key":"REST"}],"neow_cost":"NONE","seed_source_timestamp":2419352283785000,"circlet_count":0,"master_deck":["Defend_G","Defend_G","Defend_G","Strike_G","Strike_G","Strike_G","Strike_G","Strike_G","Survivor","Neutralize","Leg Sweep+1","Envenom","Heel Hook","Deadly Poison","Die Die Die","Riddle With Holes","Blade Dance+1"],"relics":["Ring of the Snake","Darkstone Periapt","Bronze Scales","Bottled Lightning","White Beast Statue","Oddly Smooth Stone","Prayer Wheel","Dead Branch","Singing Bowl"],"potions_floor_usage":[7,16,16,16,25,25,31],"damage_taken":[{"damage":0,"enemies":"2 Louse","floor":1,"turns":3},{"damage":0,"enemies":"Cultist","floor":5,"turns":3},{"damage":48,"enemies":"3 Sentries","floor":7,"turns":18},{"damage":10,"enemies":"Small Slimes","floor":8,"turns":5},{"damage":10,"enemies":"2 Fungi Beasts","floor":11,"turns":6},{"damage":10,"enemies":"Gremlin Nob","floor":12,"turns":5},{"damage":63,"enemies":"Slime Boss","floor":16,"turns":15},{"damage":27,"enemies":"Shell Parasite","floor":18,"turns":7},{"damage":20,"enemies":"Chosen","floor":20,"turns":7},{"damage":20,"enemies":"Snecko","floor":24,"turns":6},{"damage":19,"enemies":"Gremlin Leader","floor":25,"turns":7},{"damage":67,"enemies":"Sentry and Sphere","floor":31,"turns":8},{"damage":41,"enemies":"Collector","floor":33,"turns":4}],"seed_played":"9179248698223579341","potions_obtained":[{"floor":1,"key":"Regen Potion"},{"floor":7,"key":"FairyPotion"},{"floor":14,"key":"Fruit Juice"},{"floor":14,"key":"EntropicBrew"},{"floor":16,"key":"FairyPotion"},{"floor":18,"key":"Ancient Potion"},{"floor":20,"key":"LiquidBronze"},{"floor":24,"key":"GhostInAJar"},{"floor":25,"key":"Poison Potion"},{"floor":31,"key":"SteroidPotion"}],"is_trial":false,"path_per_floor":["M","$","?","?","M","R","E","M","T","R","M","E","R","?","R","B",null,"M","$","M","?","?","R","M","E","T","R","T","?","$","M","R","B"],"character_chosen":"THE_SILENT","items_purchased":["Oddly Smooth Stone","Riddle With Holes"],"campfire_rested":5,"item_purchase_floors":[19,19],"current_hp_per_floor":[77,77,77,77,77,77,42,32,32,55,45,35,35,35,58,8,82,55,55,35,35,19,45,25,6,6,32,32,61,61,12,39,0],"gold":85,"neow_bonus":"TEN_PERCENT_HP_BONUS","is_prod":false,"is_daily":false,"chose_seed":false,"campfire_upgraded":1,"win_rate":0,"timestamp":1544976819,"path_taken":["M","$","?","?","M","R","E","M","T","R","?","E","R","?","R","BOSS","M","?","M","?","?","R","M","E","T","R","?","?","$","M","R","BOSS"],"build_version":"2018-12-13","purchased_purges":1,"victory":false,"max_hp_per_floor":[77,77,77,77,77,77,77,77,77,77,77,77,77,77,77,82,82,82,82,82,82,87,87,87,87,87,87,87,87,87,91,91,91],"card_choices":[{"not_picked":["Poisoned Stab","Distraction"],"picked":"Leg Sweep","floor":1},{"not_picked":["Dagger Spray","Deflect","Tactician"],"picked":"SKIP","floor":5},{"not_picked":["Accuracy","Acrobatics"],"picked":"Envenom","floor":7},{"not_picked":["Quick Slash","Underhanded Strike","Choke"],"picked":"SKIP","floor":8},{"not_picked":["Underhanded Strike","Sucker Punch"],"picked":"Heel Hook","floor":11},{"not_picked":["Accuracy","Quick Slash"],"picked":"Deadly Poison","floor":12},{"not_picked":["Malaise","Grand Finale"],"picked":"Die Die Die","floor":16},{"not_picked":["Choke+1","Heel Hook","Flying Knee+1"],"picked":"SKIP","floor":18},{"not_picked":["Reflex","Dodge and Roll+1","PiercingWail"],"picked":"SKIP","floor":20},{"not_picked":["Slice","Flying Knee"],"picked":"Blade Dance+1","floor":24},{"not_picked":["Dagger Throw","Underhanded Strike","Acrobatics+1"],"picked":"SKIP","floor":24},{"not_picked":["Dagger Throw","Deadly Poison","Bouncing Flask+1"],"picked":"SKIP","floor":25},{"not_picked":["Glass Knife","Acrobatics","Dodge and Roll+1"],"picked":"Singing Bowl","floor":31},{"not_picked":["Dagger Spray","Choke","Outmaneuver+1"],"picked":"Singing Bowl","floor":31}],"player_experience":799835,"relics_obtained":[{"floor":7,"key":"Darkstone Periapt"},{"floor":9,"key":"Bronze Scales"},{"floor":12,"key":"Bottled Lightning"},{"floor":25,"key":"Dead Branch"},{"floor":26,"key":"Singing Bowl"}],"event_choices":[{"damage_healed":0,"gold_gain":0,"player_choice":"Ignored","damage_taken":0,"max_hp_gain":0,"max_hp_loss":0,"event_name":"Liars Game","floor":3,"gold_loss":0},{"cards_removed":["Defend_G"],"damage_healed":0,"gold_gain":0,"player_choice":"Offered Basic","damage_taken":0,"max_hp_gain":0,"max_hp_loss":0,"event_name":"Bonfire Elementals","floor":4,"gold_loss":0},{"damage_healed":0,"gold_gain":0,"player_choice":"Got Potions","damage_taken":0,"max_hp_gain":0,"max_hp_loss":0,"event_name":"Lab","floor":14,"gold_loss":0},{"damage_healed":0,"gold_gain":0,"player_choice":"Obtained Relic","damage_taken":0,"relics_obtained":["Prayer Wheel"],"max_hp_gain":0,"max_hp_loss":0,"event_name":"Addict","floor":21,"gold_loss":85},{"damage_healed":0,"gold_gain":0,"player_choice":"Shed Blood","damage_taken":21,"max_hp_gain":5,"max_hp_loss":0,"event_name":"Forgotten Altar","floor":22,"gold_loss":0},{"damage_healed":29,"gold_gain":0,"player_choice":"Heal","damage_taken":0,"max_hp_gain":0,"max_hp_loss":0,"event_name":"The Library","floor":29,"gold_loss":0}],"is_beta":false,"boss_relics":[{"not_picked":["Busted Crown","Ectoplasm"],"picked":"White Beast Statue"}],"items_purged_floors":[2],"is_endless":false,"potions_floor_spawned":[1,7,16,18,20,24,25,31],"killed_by":"Collector","ascension_level":4}