{"gold_per_floor":[119,10,26,39,52,52,52,52,79,98,113,113,113,123,123,228,228,248,248,148,159,173,173,173],"floor_reached":24,"playtime":691,"items_purged":["Strike_R","Strike_R"],"score":285,"play_id":"56f2c4e7-7aea-4351-8311-e736b6e0db55","local_time":"20190206051041","is_ascension_mode":true,"campfire_choices":[{"data":"Inflame","floor":6,"key":"SMITH"},{"data":"Whirlwind","floor":8,"key":"SMITH"},{"data":"Pommel Strike","floor":15,"key":"SMITH"},{"data":"Shrug It Off","floor":23,"key":"SMITH"}],"neow_cost":"NONE","seed_source_timestamp":20654354387277,"circlet_count":0,"master_deck":["AscendersBane","Strike_R","Strike_R","Defend_R","Defend_R","Defend_R","Defend_R","Bash","Whirlwind+1","Inflame+1","Ghostly Armor","Shockwave","Twin Strike","Pommel Strike+1","Impervious","Shrug It Off","Shrug It Off+1"],"relics":["Burning Blood","NeowsBlessing","Centennial Puzzle","Potion Belt","Frozen Egg 2","Black Star"],"potions_floor_usage":[16,16,24],"damage_taken":[{"damage":0,"enemies":"Small Slimes","floor":1,"turns":1},{"damage":0,"enemies":"Cultist","floor":3,"turns":1},{"damage":0,"enemies":"Jaw Worm","floor":4,"turns":1},{"damage":13,"enemies":"3 Louse","floor":5,"turns":2},{"damage":4,"enemies":"2 Fungi Beasts","floor":10,"turns":2},{"damage":0,"enemies":"Gremlin Gang","floor":11,"turns":1},{"damage":7,"enemies":"Looter","floor":14,"turns":3},{"damage":73,"enemies":"Hexaghost","floor":16,"turns":10},{"damage":17,"enemies":"Chosen","floor":18,"turns":6},{"damage":0,"enemies":"3 Byrds","floor":21,"turns":4},{"damage":9,"enemies":"Snecko","floor":22,"turns":5},{"damage":6,"enemies":"Gremlin Leader","floor":24,"turns":3}],"seed_played":"5036942804499941592","potions_obtained":[{"floor":1,"key":"FearPotion"},{"floor":4,"key":"Weak Potion"},{"floor":11,"key":"FairyPotion"},{"floor":14,"key":"Fire Potion"},{"floor":22,"key":"Strength Potion"}],"is_trial":false,"path_per_floor":["M","$","M","M","M","R","?","R","T","M","M","?","T","M","R","B",null,"M","?","$","M","M","R","E"],"character_chosen":"IRONCLAD","items_purchased":["Whirlwind"],"campfire_rested":0,"item_purchase_floors":[2],"current_hp_per_floor":[78,78,80,80,73,73,73,73,73,75,80,68,68,67,67,9,62,51,51,51,57,54,54,48],"gold":173,"neow_bonus":"THREE_ENEMY_KILL","is_prod":false,"is_daily":false,"chose_seed":false,"campfire_upgraded":4,"win_rate":0,"timestamp":1549397441,"path_taken":["M","$","M","M","M","R","?","R","T","?","M","?","?","M","R","BOSS","M","?","$","M","M","R","E"],"build_version":"2019-01-23","purchased_purges":2,"victory":false,"max_hp_per_floor":[80,80,80,80,80,80,80,80,80,80,80,80,80,80,80,80,80,80,80,80,80,80,80,80],"card_choices":[{"not_picked":["Sentinel","Clash","Cleave"],"picked":"SKIP","floor":1},{"not_picked":["Thunderclap","Clash","Cleave"],"picked":"SKIP","floor":3},{"not_picked":["Flex","Sever Soul"],"picked":"Inflame","floor":4},{"not_picked":["Body Slam","Clash"],"picked":"Ghostly Armor","floor":5},{"not_picked":["Wild Strike","Seeing Red"],"picked":"Twin Strike","floor":10},{"not_picked":["Clothesline","Rampage","Havoc"],"picked":"SKIP","floor":11},{"not_picked":["Berserk+1","Fire Breathing+1"],"picked":"Pommel Strike","floor":14},{"not_picked":["Barricade+1","Exhume"],"picked":"Impervious","floor":16},{"not_picked":["Havoc","Searing Blow+1","Headbutt"],"picked":"SKIP","floor":18},{"not_picked":["Clothesline","Iron Wave","True Grit+1"],"picked":"SKIP","floor":21},{"not_picked":["Warcry","Fire Breathing+1"],"picked":"Shrug It Off","floor":22}],"player_experience":179943,"relics_obtained":[{"floor":9,"key":"Centennial Puzzle"},{"floor":13,"key":"Frozen Egg 2"}],"event_choices":[{"damage_healed":0,"gold_gain":0,"cards_transformed":["Strike_R"],"player_choice":"Transformed","damage_taken":0,"max_hp_gain":0,"max_hp_loss":0,"event_name":"Transmorgrifier","floor":7,"gold_loss":0,"cards_obtained":["Shockwave"]},{"damage_healed":0,"gold_gain":0,"player_choice":"Success","damage_taken":12,"relics_obtained":["Potion Belt"],"max_hp_gain":0,"max_hp_loss":0,"event_name":"Scrap Ooze","floor":12,"gold_loss":0},{"damage_healed":0,"gold_gain":0,"player_choice":"Read","damage_taken":0,"max_hp_gain":0,"max_hp_loss":0,"event_name":"The Library","floor":19,"gold_loss":0,"cards_obtained":["Shrug It Off"]}],"is_beta":false,"boss_relics":[{"not_picked":["Runic Pyramid","Astrolabe"],"picked":"Black Star"}],"items_purged_floors":[2,20],"is_endless":false,"potions_floor_spawned":[1,4,11,14,22],"killed_by":"Gremlin Leader","ascension_level":10}