{"gold_per_floor":[367,367,18,30,30,63,63,63,63,77,77,77,95,95,95,225,225,220,63,63,87,102,102,102],"floor_reached":24,"playtime":1744,"items_purged":["Strike_R"],"score":194,"play_id":"e720f991-7b36-4770-ad8e-5dafac15faa5","local_time":"20190208213836","is_ascension_mode":false,"campfire_choices":[{"floor":8,"key":"REST"},{"floor":11,"key":"REST"},{"floor":15,"key":"RECALL"},{"floor":23,"key":"REST"}],"neow_cost":"TEN_PERCENT_HP_LOSS","seed_source_timestamp":944436076001529,"circlet_count":0,"master_deck":["Strike_R","Strike_R","Strike_R+1","Strike_R","Defend_R","Defend_R","Defend_R+1","Defend_R","Bash","Uppercut","Disarm","Pummel","Injury","Armaments","Anger","Iron Wave","Demon Form+1","Carnage","Pain","Anger+1","Heavy Blade"],"relics":["Burning Blood","Juzu Bracelet","Golden Idol","Frozen Egg 2","Velvet Choker","Tiny Chest","WarpedTongs"],"potions_floor_usage":[16,16,18,24,24],"damage_taken":[{"damage":9,"enemies":"Small Slimes","floor":1,"turns":4},{"damage":2,"enemies":"Jaw Worm","floor":4,"turns":4},{"damage":55,"enemies":"3 Sentries","floor":6,"turns":12},{"damage":4,"enemies":"2 Louse","floor":10,"turns":4},{"damage":1,"enemies":"2 Fungi Beasts","floor":13,"turns":4},{"damage":69,"enemies":"Slime Boss","floor":16,"turns":12},{"damage":13,"enemies":"2 Thieves","floor":18,"turns":4},{"damage":22,"enemies":"3 Byrds","floor":21,"turns":7},{"damage":17,"enemies":"Cultist and Chosen","floor":22,"turns":5},{"damage":65,"enemies":"Gremlin Leader","floor":24,"turns":4}],"seed_played":"5085079019423501613","potions_obtained":[{"floor":10,"key":"AttackPotion"},{"floor":16,"key":"GamblersBrew"},{"floor":21,"key":"SteroidPotion"},{"floor":22,"key":"Explosive Potion"}],"is_trial":false,"path_per_floor":["M","?","$","M","?","E","?","R","T","M","R","?","M","$","R","B",null,"M","$","?","M","M","R","E"],"character_chosen":"IRONCLAD","items_purchased":["Juzu Bracelet","Disarm","FearPotion","Tiny Chest","Carnage"],"campfire_rested":3,"item_purchase_floors":[3,3,3,19,19],"current_hp_per_floor":[69,55,55,59,59,10,3,24,24,26,47,71,72,72,72,9,72,65,65,65,49,38,59,0],"gold":102,"neow_bonus":"TWO_FIFTY_GOLD","is_prod":false,"is_daily":false,"chose_seed":false,"campfire_upgraded":0,"win_rate":0,"timestamp":1549669116,"path_taken":["M","?","$","M","?","E","?","R","T","M","R","?","M","$","R","BOSS","M","$","?","M","M","R","E"],"build_version":"2019-01-23","purchased_purges":1,"victory":false,"max_hp_per_floor":[72,72,72,72,72,72,72,72,72,72,72,72,72,72,72,72,72,72,72,72,72,72,72,72],"card_choices":[{"not_picked":["Pommel Strike","Clothesline"],"picked":"Uppercut","floor":1},{"not_picked":["Headbutt","Bloodletting"],"picked":"Pummel","floor":4},{"not_picked":["Havoc","Carnage"],"picked":"Armaments","floor":6},{"not_picked":["Burning Pact","Clash"],"picked":"Anger","floor":10},{"not_picked":["Body Slam","Warcry"],"picked":"Iron Wave","floor":13},{"not_picked":["Juggernaut+1","Offering"],"picked":"Demon Form+1","floor":16},{"not_picked":["Twin Strike","Armaments","Pommel Strike+1"],"picked":"SKIP","floor":18},{"not_picked":["Wild Strike","Twin Strike"],"picked":"Anger+1","floor":21},{"not_picked":["True Grit","Body Slam"],"picked":"Heavy Blade","floor":22}],"player_experience":375638,"relics_obtained":[{"floor":6,"key":"Frozen Egg 2"}],"event_choices":[{"damage_healed":0,"gold_gain":0,"player_choice":"Entered Light","damage_taken":14,"max_hp_gain":0,"max_hp_loss":0,"event_name":"Shining Light","floor":2,"gold_loss":0,"cards_upgraded":["Strike_R","Defend_R"]},{"damage_healed":0,"gold_gain":0,"player_choice":"Take Wound","damage_taken":0,"relics_obtained":["Golden Idol"],"max_hp_gain":0,"max_hp_loss":0,"event_name":"Golden Idol","floor":5,"gold_loss":0,"cards_obtained":["Injury"]},{"damage_healed":0,"gold_gain":0,"player_choice":"Fled","damage_taken":7,"max_hp_gain":0,"max_hp_loss":0,"event_name":"Scrap Ooze","floor":7,"gold_loss":0},{"damage_healed":24,"gold_gain":0,"player_choice":"Banana","damage_taken":0,"max_hp_gain":0,"max_hp_loss":0,"event_name":"Big Fish","floor":12,"gold_loss":0},{"damage_healed":0,"gold_gain":0,"player_choice":"Rummage","damage_taken":0,"relics_obtained":["WarpedTongs"],"max_hp_gain":0,"max_hp_loss":0,"event_name":"Accursed Blacksmith","floor":20,"gold_loss":0,"cards_obtained":["Pain"]}],"is_beta":false,"boss_relics":[{"not_picked":["Philosopher\u0027s Stone","Snecko Eye"],"picked":"Velvet Choker"}],"items_purged_floors":[3],"is_endless":false,"potions_floor_spawned":[10,16,21,22],"killed_by":"Gremlin Leader","ascension_level":0}