{"gold_per_floor":[109,126,126,90,108,142,142,142,142,168,187,152,152,163,163,163],"floor_reached":16,"playtime":518,"items_purged":[],"score":140,"play_id":"68c7ad35-46f6-4550-8fca-4fb5fd5168b7","local_time":"20190211132409","is_ascension_mode":true,"campfire_choices":[{"floor":7,"key":"REST"},{"floor":13,"key":"REST"},{"floor":15,"key":"REST"}],"neow_cost":"NONE","seed_source_timestamp":950733631906713,"circlet_count":0,"master_deck":["Strike_B","Strike_B","Strike_B","Strike_B","Defend_B","Defend_B","Defend_B","Defend_B","Zap","Dualcast","Leap","Auto Shields","White Noise","Streamline+1","Loop","BootSequence","Self Repair"],"relics":["Cracked Core","Question Card","Centennial Puzzle","Omamori"],"potions_floor_usage":[],"damage_taken":[{"damage":7,"enemies":"Small Slimes","floor":1,"turns":3},{"damage":7,"enemies":"Jaw Worm","floor":2,"turns":4},{"damage":5,"enemies":"Cultist","floor":5,"turns":5},{"damage":41,"enemies":"Gremlin Nob","floor":6,"turns":5},{"damage":13,"enemies":"Blue Slaver","floor":11,"turns":3},{"damage":9,"enemies":"Large Slime","floor":14,"turns":6},{"damage":70,"enemies":"Slime Boss","floor":16,"turns":8}],"seed_played":"-4606408536781296792","potions_obtained":[{"floor":0,"key":"PowerPotion"},{"floor":0,"key":"SneckoOil"},{"floor":0,"key":"SneckoOil"},{"floor":2,"key":"Dexterity Potion"},{"floor":14,"key":"Poison Potion"}],"is_trial":false,"path_per_floor":["M","M","?","$","M","E","R","?","T","T","M","?","R","M","R","B"],"character_chosen":"DEFECT","items_purchased":["White Noise"],"campfire_rested":3,"item_purchase_floors":[4],"current_hp_per_floor":[61,54,54,54,49,8,30,30,30,30,17,35,57,48,70,0],"gold":163,"neow_bonus":"THREE_SMALL_POTIONS","is_prod":false,"is_daily":false,"chose_seed":false,"campfire_upgraded":0,"win_rate":0,"timestamp":1549862649,"path_taken":["M","M","?","$","M","E","R","?","T","?","?","?","R","M","R","BOSS"],"build_version":"2019-01-23","purchased_purges":0,"victory":false,"max_hp_per_floor":[75,75,75,75,75,75,75,75,75,75,75,75,75,75,75,75],"card_choices":[{"not_picked":["Reprogram","Heatsinks"],"picked":"Leap","floor":1},{"not_picked":["Lockon","Beam Cell"],"picked":"Auto Shields","floor":2},{"not_picked":["Loop","Genetic Algorithm"],"picked":"Streamline","floor":5},{"not_picked":["Redo","Fusion"],"picked":"Loop","floor":6},{"not_picked":["Compile Driver","Rebound","Cold Snap"],"picked":"BootSequence","floor":11},{"not_picked":["Sweeping Beam","Doom and Gloom","Blizzard"],"picked":"Self Repair","floor":14}],"player_experience":644611,"relics_obtained":[{"floor":6,"key":"Question Card"},{"floor":9,"key":"Centennial Puzzle"},{"floor":10,"key":"Omamori"}],"event_choices":[{"damage_healed":0,"gold_gain":0,"player_choice":"Ignored","damage_taken":0,"max_hp_gain":0,"max_hp_loss":0,"event_name":"Shining Light","floor":3,"gold_loss":0},{"damage_healed":0,"gold_gain":0,"player_choice":"Grow","damage_taken":0,"max_hp_gain":0,"max_hp_loss":0,"event_name":"Living Wall","floor":8,"gold_loss":0,"cards_upgraded":["Streamline"]},{"damage_healed":18,"gold_gain":0,"player_choice":"Healed","damage_taken":0,"max_hp_gain":0,"max_hp_loss":0,"event_name":"The Cleric","floor":12,"gold_loss":35}],"is_beta":false,"boss_relics":[],"items_purged_floors":[],"is_endless":false,"potions_floor_spawned":[2,14],"killed_by":"Slime Boss","ascension_level":8}