{"gold_per_floor":[117,136,156,173,188,222,222,257,310,330,330,343,23,23],"floor_reached":14,"playtime":969,"items_purged":[],"score":172,"play_id":"6dad465b-cb59-435b-8b0f-81d5a678c923","local_time":"20190202102732","is_ascension_mode":true,"campfire_choices":[{"data":"Streamline","floor":7,"key":"SMITH"}],"neow_cost":"NONE","seed_source_timestamp":1205772288283043,"circlet_count":0,"master_deck":["AscendersBane","Strike_B","Strike_B","Strike_B","Strike_B","Defend_B","Defend_B","Defend_B","Defend_B","Zap","Dualcast","Leap","Streamline","Sweeping Beam","Streamline+1","Tempest","Genetic Algorithm","Defragment"],"relics":["Busted Crown","Boot","Cables","PreservedInsect","Kunai"],"potions_floor_usage":[5,6,8],"damage_taken":[{"damage":0,"enemies":"2 Louse","floor":1,"turns":3},{"damage":0,"enemies":"Small Slimes","floor":2,"turns":3},{"damage":1,"enemies":"Cultist","floor":3,"turns":4},{"damage":20,"enemies":"Lots of Slimes","floor":4,"turns":5},{"damage":2,"enemies":"2 Fungi Beasts","floor":5,"turns":4},{"damage":9,"enemies":"3 Sentries","floor":6,"turns":7},{"damage":25,"enemies":"Gremlin Nob","floor":8,"turns":4},{"damage":2,"enemies":"3 Louse","floor":10,"turns":3},{"damage":6,"enemies":"Blue Slaver","floor":12,"turns":3},{"damage":27,"enemies":"Lagavulin","floor":14,"turns":3}],"seed_played":"-6796379696401334504","potions_obtained":[{"floor":1,"key":"Ancient Potion"},{"floor":4,"key":"Regen Potion"},{"floor":5,"key":"Dexterity Potion"},{"floor":6,"key":"PowerPotion"}],"is_trial":false,"path_per_floor":["M","M","M","M","M","E","R","E","T","M","?","M","$","E"],"character_chosen":"DEFECT","items_purchased":["Kunai","Defragment"],"campfire_rested":0,"item_purchase_floors":[13,13],"current_hp_per_floor":[68,68,67,47,57,48,48,23,23,21,21,15,15,0],"gold":23,"neow_bonus":"BOSS_RELIC","is_prod":false,"is_daily":false,"chose_seed":false,"campfire_upgraded":1,"win_rate":0,"timestamp":1549103252,"path_taken":["M","M","M","M","M","E","R","E","T","M","?","M","$","E"],"build_version":"2019-01-23","purchased_purges":0,"victory":false,"max_hp_per_floor":[75,75,75,75,75,75,75,75,75,75,75,75,75,75],"card_choices":[{"not_picked":["Stack"],"picked":"SKIP","floor":1},{"not_picked":[],"picked":"Leap","floor":2},{"not_picked":[],"picked":"Streamline","floor":3},{"not_picked":[],"picked":"Sweeping Beam","floor":4},{"not_picked":[],"picked":"Streamline","floor":5},{"not_picked":[],"picked":"Tempest","floor":6},{"not_picked":["Chaos"],"picked":"SKIP","floor":8},{"not_picked":[],"picked":"Genetic Algorithm","floor":10},{"not_picked":["Stack"],"picked":"SKIP","floor":12}],"player_experience":1249138,"relics_obtained":[{"floor":6,"key":"Boot"},{"floor":8,"key":"Cables"},{"floor":9,"key":"PreservedInsect"}],"event_choices":[{"damage_healed":0,"gold_gain":0,"player_choice":"Ignored","damage_taken":0,"max_hp_gain":0,"max_hp_loss":0,"event_name":"Shining Light","floor":11,"gold_loss":0}],"is_beta":false,"boss_relics":[],"items_purged_floors":[],"is_endless":false,"potions_floor_spawned":[1,4,5,6],"killed_by":"Lagavulin","ascension_level":13}