{"gold_per_floor":[368,378,67,147,159,159,15,15,15,32,49,49,49,79,79,174,174,189,30,30,40,53,53,80,97,150,150,150,150,150,249,249,344,344,356,356,78,93,24,24,42,57,80,110,130,130,159,169,169,169],"floor_reached":51,"playtime":6731,"items_purged":["Concentrate"],"score":1188,"play_id":"2cee6efa-50cb-46ac-b057-aef7966441f7","local_time":"20181015154756","is_ascension_mode":true,"campfire_choices":[{"data":"Well Laid Plans","floor":6.0,"key":"SMITH"},{"data":"Cloak And Dagger","floor":8.0,"key":"SMITH"},{"floor":12.0,"key":"REST"},{"data":"Malaise","floor":15.0,"key":"SMITH"},{"floor":23.0,"key":"REST"},{"floor":27,"key":"REST"},{"data":"Ghostly","floor":29,"key":"SMITH"},{"data":"Ghostly","floor":32,"key":"SMITH"},{"data":"Wraith Form v2","floor":40,"key":"SMITH"},{"data":"Catalyst","floor":46,"key":"SMITH"},{"data":"Ghostly","floor":49,"key":"SMITH"}],"neow_cost":"PERCENT_DAMAGE","seed_source_timestamp":0,"circlet_count":0,"master_deck":["Survivor","Neutralize","Well Laid Plans+1","Dagger Spray","Dash","Cloak And Dagger+1","Footwork","Sucker Punch","Slice","Malaise+1","All Out Attack","Crippling Poison","Night Terror","Flying Knee","Prepared","Bane","Noxious Fumes+1","Deadly Poison","Bane","Deflect","Dagger Throw","Dagger Spray","Cloak And Dagger+1","Backflip","Well Laid Plans","Catalyst+1","Endless Agony","Catalyst+1","Backflip+1","Well Laid Plans+1","Ghostly+1","Ghostly+1","Ghostly+1","Ghostly","Ghostly","Wraith Form v2+1","Backflip+1","Deflect","Cloak And Dagger+1","Blur","Cloak And Dagger+1","Blur+1","Cloak And Dagger+1","Sucker Punch+1","PiercingWail+1"],"special_seed":0,"relics":["Ring of the Snake","Kunai","Dream Catcher","Mummified Hand","Pandora\u0027s Box","Thread and Needle","Bronze Scales","Runic Dome","Happy Flower","Paper Crane","Smiling Mask","Sundial","Mango"],"potions_floor_usage":[25,33,44,50],"damage_taken":[{"damage":6.0,"enemies":"Cultist","floor":1.0,"turns":6.0},{"damage":6.0,"enemies":"2 Louse","floor":2.0,"turns":3.0},{"damage":0.0,"enemies":"Small Slimes","floor":5.0,"turns":2.0},{"damage":0.0,"enemies":"Blue Slaver","floor":10.0,"turns":4.0},{"damage":7.0,"enemies":"Exordium Wildlife","floor":11.0,"turns":4.0},{"damage":9.0,"enemies":"Gremlin Nob","floor":14.0,"turns":4.0},{"damage":6.0,"enemies":"Hexaghost","floor":16.0,"turns":15.0},{"damage":25.0,"enemies":"2 Thieves","floor":18.0,"turns":4.0},{"damage":10.0,"enemies":"Spheric Guardian","floor":21.0,"turns":4.0},{"damage":5.0,"enemies":"3 Cultists","floor":22.0,"turns":5.0},{"damage":36.0,"enemies":"Slavers","floor":24.0,"turns":5.0},{"damage":0,"enemies":"Centurion and Healer","floor":25,"turns":9},{"damage":0,"enemies":"Champ","floor":33,"turns":7},{"damage":0,"enemies":"3 Shapes","floor":35,"turns":7},{"damage":0,"enemies":"3 Darklings","floor":38,"turns":4},{"damage":0,"enemies":"Transient","floor":41,"turns":5},{"damage":0,"enemies":"Maw","floor":42,"turns":11},{"damage":1,"enemies":"Nemesis","floor":44,"turns":11},{"damage":0,"enemies":"4 Shapes","floor":45,"turns":3},{"damage":1,"enemies":"2 Orb Walkers","floor":47,"turns":9},{"damage":0,"enemies":"Spire Growth","floor":48,"turns":7},{"damage":16,"enemies":"Awakened One","floor":50,"turns":27}],"seed_played":"513036348978650242","potions_obtained":[{"floor":2.0,"key":"SkillPotion"},{"floor":10.0,"key":"Dexterity Potion"},{"floor":16.0,"key":"GamblersBrew"},{"floor":25,"key":"Poison Potion"},{"floor":33,"key":"GhostInAJar"},{"floor":41,"key":"Block Potion"},{"floor":44,"key":"Strength Potion"},{"floor":48,"key":"Block Potion"}],"is_trial":false,"path_per_floor":["M","M","$","?","M","R","$","R","T","M","M","R","$","E","R","B",null,"M","$","?","M","M","R","E","M","T","R","?","R","?","?","R","B",null,"M","?","$","M","$","R","M","M","T","E","M","R","E","M","R","B"],"character_chosen":"THE_SILENT","items_purchased":["Kunai","Dash","Footwork","Sucker Punch","Slice","Backflip","Well Laid Plans","Paper Crane","Deflect","Blur"],"campfire_rested":3,"item_purchase_floors":[3,3,7,7,7,19,19,37,37,39],"current_hp_per_floor":[39,33,33,33,33,33,33,33,33,33,26,47,47,38,38,32,61,36,36,36,26,21,42,6,6,6,27,27,27,27,27,27,27,33,33,33,33,33,33,33,33,33,33,32,32,32,45,45,45,29],"gold":169,"neow_bonus":"TWO_FIFTY_GOLD","is_prod":false,"is_daily":false,"chose_seed":false,"campfire_upgraded":8,"win_rate":0,"timestamp":1539632876,"path_taken":["M","?","?","?","M","R","$","R","T","M","M","R","?","E","R","BOSS","M","$","?","M","M","R","E","M","T","R","?","R","?","?","R","BOSS","M","?","$","M","$","R","M","M","T","E","M","R","E","?","R","BOSS"],"build_version":"2018-10-11","purchased_purges":1,"victory":true,"max_hp_per_floor":[70,70,70,70,70,70,70,70,70,70,70,70,70,70,70,70,70,70,70,70,70,70,70,70,70,70,70,35,35,35,35,35,35,35,35,35,35,35,35,35,35,35,35,35,35,35,49,49,49,49],"card_choices":[{"not_picked":["Dagger Throw","Poisoned Stab"],"picked":"Well Laid Plans","floor":1.0},{"not_picked":["Cloak And Dagger","Flying Knee"],"picked":"Dagger Spray","floor":2.0},{"not_picked":["Masterful Stab","Outmaneuver"],"picked":"Cloak And Dagger","floor":5.0},{"not_picked":["Deflect","Blur"],"picked":"Malaise","floor":10.0},{"not_picked":["Skewer","Acrobatics"],"picked":"All Out Attack","floor":11.0},{"not_picked":["Bane","Dagger Throw"],"picked":"Crippling Poison","floor":12.0},{"not_picked":["Reflex","Tactician","Grand Finale"],"picked":"SKIP","floor":14.0},{"not_picked":["Grand Finale","Doppelganger"],"picked":"Night Terror","floor":16.0},{"not_picked":["PiercingWail","Bane+1"],"picked":"Cloak And Dagger+1","floor":18.0},{"not_picked":["Slice+1","Dodge and Roll+1"],"picked":"Catalyst+1","floor":21.0},{"not_picked":["Quick Slash","Blade Dance"],"picked":"Endless Agony","floor":22.0},{"not_picked":["Distraction","Blade Dance"],"picked":"Catalyst","floor":23.0},{"not_picked":["Dash","Expertise"],"picked":"Backflip+1","floor":24.0},{"not_picked":["Blade Dance","Flying Knee"],"picked":"Well Laid Plans+1","floor":25},{"not_picked":["Grand Finale","Storm of Steel"],"picked":"Wraith Form v2","floor":33},{"not_picked":["Skewer+1","Blade Dance"],"picked":"Backflip+1","floor":35},{"not_picked":["Acrobatics","All Out Attack"],"picked":"Cloak And Dagger+1","floor":38},{"not_picked":["Masterful Stab","Outmaneuver+1"],"picked":"Cloak And Dagger+1","floor":41},{"not_picked":["Flechettes+1","Flying Knee+1","Backstab"],"picked":"SKIP","floor":42},{"not_picked":["Endless Agony+1","Unload"],"picked":"Blur+1","floor":44},{"not_picked":["Distraction","Flechettes"],"picked":"Cloak And Dagger+1","floor":45},{"not_picked":["Quick Slash","Expertise"],"picked":"Sucker Punch+1","floor":47},{"not_picked":["Eviscerate+1","Finisher"],"picked":"PiercingWail+1","floor":48}],"player_experience":3045963,"relics_obtained":[{"floor":9.0,"key":"Dream Catcher"},{"floor":14.0,"key":"Mummified Hand"},{"floor":24.0,"key":"Thread and Needle"},{"floor":26,"key":"Bronze Scales"},{"floor":36,"key":"Happy Flower"},{"floor":43,"key":"Smiling Mask"},{"floor":44,"key":"Sundial"},{"floor":47,"key":"Mango"}],"event_choices":[{"event_name":"Golden Wing","player_choice":"Gained Gold","floor":4.0,"damage_taken":0.0},{"event_name":"Upgrade Shrine","player_choice":"Upgraded","floor":20.0,"damage_taken":0.0},{"event_name":"Ghosts","player_choice":"Became a Ghost","floor":28,"damage_taken":0},{"event_name":"The Mausoleum","player_choice":"No","floor":30,"damage_taken":0},{"event_name":"Nest","player_choice":"Stole From Cult","floor":31,"damage_taken":0},{"event_name":"Wheel of Change","player_choice":"Relic","floor":36,"damage_taken":0}],"is_beta":false,"boss_relics":[{"not_picked":["Fusion Hammer","WristBlade"],"picked":"Pandora\u0027s Box"},{"not_picked":["Calling Bell","HoveringKite"],"picked":"Runic Dome"}],"items_purged_floors":[19],"is_endless":false,"potions_floor_spawned":[2,10,16,25,33,41,42,44,48],"ascension_level":9}