{"gold_per_floor":[117,134,134,9,26,26,54,54,54,79,106,117,117,36,36,36],"floor_reached":16,"playtime":589,"items_purged":["Regret"],"score":148,"play_id":"37b8c309-2782-4a36-84e0-44444930a7aa","local_time":"20190126140303","is_ascension_mode":true,"campfire_choices":[{"data":"Armaments","floor":6,"key":"SMITH"},{"data":"Body Slam","floor":8,"key":"SMITH"},{"floor":15,"key":"REST"}],"neow_cost":"NONE","seed_source_timestamp":567558934133600,"circlet_count":0,"master_deck":["Strike_R","Strike_R","Strike_R","Strike_R","Strike_R","Defend_R","Defend_R","Defend_R","Defend_R","Bash","Body Slam+1","Iron Wave","Armaments+1","Flex","Blood for Blood","Immolate","Sentinel+1","True Grit+1"],"relics":["Burning Blood","Matryoshka","Bag of Marbles","Oddly Smooth Stone","WingedGreaves","Blood Vial","Potion Belt","Toxic Egg 2"],"potions_floor_usage":[16],"damage_taken":[{"damage":2,"enemies":"2 Louse","floor":1,"turns":4},{"damage":10,"enemies":"Small Slimes","floor":2,"turns":4},{"damage":1,"enemies":"Cultist","floor":5,"turns":3},{"damage":31,"enemies":"Gremlin Nob","floor":7,"turns":6},{"damage":26,"enemies":"Lagavulin","floor":10,"turns":5},{"damage":34,"enemies":"Gremlin Nob","floor":11,"turns":4},{"damage":0,"enemies":"Large Slime","floor":12,"turns":4},{"damage":60,"enemies":"Slime Boss","floor":16,"turns":8}],"seed_played":"969567176198544498","potions_obtained":[{"floor":2,"key":"GamblersBrew"},{"floor":11,"key":"Block Potion"}],"is_trial":false,"path_per_floor":["M","M","?","$","M","R","E","R","T","E","E","M","?","$","R","B"],"character_chosen":"IRONCLAD","items_purchased":["Iron Wave","Sentinel+1","True Grit+1"],"campfire_rested":1,"item_purchase_floors":[4,14,14],"current_hp_per_floor":[88,84,84,84,88,88,63,63,63,43,17,25,25,25,51,0],"gold":36,"neow_bonus":"TEN_PERCENT_HP_BONUS","is_prod":false,"is_daily":false,"chose_seed":false,"campfire_upgraded":2,"win_rate":0,"timestamp":1548507783,"path_taken":["M","M","?","$","M","R","E","R","T","E","E","M","?","$","R","BOSS"],"build_version":"2019-01-23","purchased_purges":1,"victory":false,"max_hp_per_floor":[88,88,88,88,88,88,88,88,88,88,88,88,88,88,88,88],"card_choices":[{"not_picked":["Warcry","Twin Strike","Wild Strike"],"picked":"SKIP","floor":1},{"not_picked":["Perfected Strike","Warcry"],"picked":"Body Slam","floor":2},{"not_picked":["Inflame","Iron Wave"],"picked":"Armaments","floor":5},{"not_picked":["Pummel","Reckless Charge"],"picked":"Flex","floor":7},{"not_picked":["Carnage","Seeing Red"],"picked":"Blood for Blood","floor":10},{"not_picked":["Iron Wave","Pommel Strike"],"picked":"Immolate","floor":11},{"not_picked":["Anger","Clash","Carnage"],"picked":"SKIP","floor":12}],"player_experience":852812,"relics_obtained":[{"floor":7,"key":"Bag of Marbles"},{"floor":9,"key":"Oddly Smooth Stone"},{"floor":9,"key":"WingedGreaves"},{"floor":10,"key":"Blood Vial"},{"floor":11,"key":"Potion Belt"}],"event_choices":[{"damage_healed":0,"gold_gain":0,"player_choice":"Box","damage_taken":0,"relics_obtained":["Matryoshka"],"max_hp_gain":0,"max_hp_loss":0,"event_name":"Big Fish","floor":3,"gold_loss":0,"cards_obtained":["Regret"]},{"damage_healed":0,"gold_gain":0,"player_choice":"Searched \u00271\u0027 times","damage_taken":0,"relics_obtained":["Toxic Egg 2"],"max_hp_gain":0,"max_hp_loss":0,"event_name":"Dead Adventurer","floor":13,"gold_loss":0}],"is_beta":false,"boss_relics":[],"items_purged_floors":[4],"is_endless":false,"potions_floor_spawned":[2,11],"killed_by":"Slime Boss","ascension_level":5}