{"gold_per_floor":[112,112,124,49,66,66,97,116,167,167,177,206,220,230,230,230],"floor_reached":16,"playtime":1314,"items_purged":["Strike_R"],"score":114,"play_id":"c63b13dd-b0e1-4c40-ad32-0e11c6e960cd","local_time":"20190208120210","is_ascension_mode":false,"campfire_choices":[{"data":"Enlightenment","floor":6,"key":"SMITH"},{"floor":15,"key":"REST"}],"neow_cost":"CURSE","seed_source_timestamp":66000753894705,"circlet_count":0,"master_deck":["Strike_R","Strike_R","Strike_R","Strike_R","Defend_R","Defend_R","Defend_R","Defend_R","Bash+1","Swift Strike+1","Enlightenment+1","Dual Wield","Blood for Blood","Fiend Fire+1","Burning Pact","Power Through","Fire Breathing","Corruption","Impervious","Dropkick"],"relics":["Burning Blood","Letter Opener","Centennial Puzzle","Whetstone"],"potions_floor_usage":[],"damage_taken":[{"damage":10,"enemies":"Jaw Worm","floor":1,"turns":3},{"damage":5,"enemies":"2 Louse","floor":3,"turns":3},{"damage":0,"enemies":"Small Slimes","floor":5,"turns":3},{"damage":30,"enemies":"Gremlin Nob","floor":7,"turns":4},{"damage":12,"enemies":"3 Louse","floor":8,"turns":4},{"damage":2,"enemies":"Large Slime","floor":11,"turns":5},{"damage":13,"enemies":"Lagavulin","floor":12,"turns":7},{"damage":10,"enemies":"Looter","floor":13,"turns":2},{"damage":16,"enemies":"Lots of Slimes","floor":14,"turns":4},{"damage":55,"enemies":"Slime Boss","floor":16,"turns":9}],"seed_played":"5820120198042198274","potions_obtained":[{"floor":1,"key":"Explosive Potion"},{"floor":3,"key":"AttackPotion"},{"floor":5,"key":"SteroidPotion"}],"is_trial":false,"path_per_floor":["M","?","M","$","M","R","E","M","T","?","M","E","M","M","R","B"],"character_chosen":"IRONCLAD","items_purchased":[],"campfire_rested":1,"item_purchase_floors":[],"current_hp_per_floor":[76,69,70,70,76,76,52,46,46,46,50,43,39,29,53,0],"gold":230,"neow_bonus":"RANDOM_COLORLESS_2","is_prod":false,"is_daily":false,"chose_seed":false,"campfire_upgraded":1,"win_rate":0.0,"timestamp":1549623730,"path_taken":["M","?","M","$","M","R","E","M","T","?","M","E","M","M","R","BOSS"],"build_version":"2019-01-23","purchased_purges":1,"victory":false,"max_hp_per_floor":[80,80,80,80,80,80,80,80,80,80,80,80,80,80,80,80],"card_choices":[{"not_picked":["Body Slam","Clash"],"picked":"Dual Wield","floor":1},{"not_picked":["Infernal Blade","Clothesline"],"picked":"Blood for Blood","floor":3},{"not_picked":["Power Through","Flex"],"picked":"Fiend Fire","floor":5},{"not_picked":["Carnage","Cleave"],"picked":"Burning Pact","floor":7},{"not_picked":["Havoc","Pommel Strike"],"picked":"Power Through","floor":8},{"not_picked":["Havoc","Headbutt"],"picked":"Fire Breathing","floor":11},{"not_picked":["Cleave","Iron Wave"],"picked":"Corruption","floor":12},{"not_picked":["Warcry","True Grit"],"picked":"Impervious","floor":13},{"not_picked":["Iron Wave","Body Slam"],"picked":"Dropkick","floor":14}],"player_experience":55213,"relics_obtained":[{"floor":7,"key":"Letter Opener"},{"floor":9,"key":"Centennial Puzzle"},{"floor":12,"key":"Whetstone"}],"event_choices":[{"cards_removed":["Regret"],"damage_healed":0,"gold_gain":0,"player_choice":"Card Removal","damage_taken":7,"max_hp_gain":0,"max_hp_loss":0,"event_name":"Golden Wing","floor":2,"gold_loss":0},{"damage_healed":0,"gold_gain":0,"player_choice":"Grow","damage_taken":0,"max_hp_gain":0,"max_hp_loss":0,"event_name":"Living Wall","floor":10,"gold_loss":0,"cards_upgraded":["Swift Strike"]}],"is_beta":false,"boss_relics":[],"items_purged_floors":[4],"is_endless":false,"potions_floor_spawned":[1,3,5,13,14],"killed_by":"Slime Boss","ascension_level":0}