{"gold_per_floor":[109,109,120,45,59,93,11,36,36,46,46,63,63],"floor_reached":13,"playtime":455,"items_purged":["Strike_B"],"score":114,"play_id":"4b3e345c-39eb-4d90-83d4-bf67a1c20639","local_time":"20181121175437","is_ascension_mode":true,"campfire_choices":[],"neow_cost":"NONE","seed_source_timestamp":86854721565755,"circlet_count":0,"master_deck":["Strike_B","Strike_B","Strike_B","Defend_B","Defend_B","Defend_B","Defend_B","Zap","Hologram","Compile Driver","Rebound","Melter","Loop","FTL","Capacitor","Consume","Sweeping Beam"],"relics":["Cracked Core","NeowsBlessing","DataDisk","Bottled Lightning","Ancient Tea Set"],"potions_floor_usage":[],"damage_taken":[{"damage":0,"enemies":"Small Slimes","floor":1,"turns":1},{"damage":0,"enemies":"Cultist","floor":3,"turns":1},{"damage":0,"enemies":"2 Louse","floor":5,"turns":1},{"damage":40,"enemies":"3 Sentries","floor":6,"turns":6},{"damage":15,"enemies":"Lagavulin","floor":8,"turns":6},{"damage":14,"enemies":"Exordium Wildlife","floor":10,"turns":4},{"damage":14,"enemies":"3 Louse","floor":12,"turns":3},{"damage":20,"enemies":"Gremlin Gang","floor":13,"turns":2}],"seed_played":"-8623457526506070887","potions_obtained":[{"floor":6,"key":"Ancient Potion"},{"floor":8,"key":"Strength Potion"},{"floor":10,"key":"Strength Potion"}],"is_trial":false,"path_per_floor":["M","?","M","$","M","E","$","E","T","M","?","M","M"],"character_chosen":"DEFECT","items_purchased":["FTL"],"campfire_rested":0,"item_purchase_floors":[7],"current_hp_per_floor":[75,75,75,75,75,35,35,20,20,6,31,17,0],"gold":63,"neow_bonus":"THREE_ENEMY_KILL","is_prod":false,"is_daily":false,"chose_seed":false,"campfire_upgraded":0,"win_rate":0,"timestamp":1542840877,"path_taken":["M","?","M","$","M","E","?","E","T","M","?","M","M"],"build_version":"2018-11-15","purchased_purges":1,"victory":false,"max_hp_per_floor":[75,75,75,75,75,75,75,75,75,75,75,75,75],"card_choices":[{"not_picked":["Cold Snap","Ball Lightning"],"picked":"Hologram","floor":1},{"not_picked":["Cold Snap","Barrage"],"picked":"Rebound","floor":3},{"not_picked":["Storm","Barrage"],"picked":"Melter","floor":5},{"not_picked":["Rainbow","Turbo"],"picked":"Loop","floor":6},{"not_picked":["Redo","Beam Cell"],"picked":"Capacitor","floor":8},{"not_picked":["Capacitor","Scrape"],"picked":"Consume","floor":10},{"not_picked":["Barrage","Conserve Battery"],"picked":"Sweeping Beam","floor":12}],"player_experience":302077,"relics_obtained":[{"floor":6,"key":"DataDisk"},{"floor":8,"key":"Bottled Lightning"},{"floor":9,"key":"Ancient Tea Set"}],"event_choices":[{"damage_healed":0,"gold_gain":0,"cards_transformed":["Dualcast"],"player_choice":"Transformed","damage_taken":0,"max_hp_gain":0,"max_hp_loss":0,"event_name":"Transmorgrifier","floor":2,"gold_loss":0,"cards_obtained":["Compile Driver"]},{"damage_healed":25,"gold_gain":0,"player_choice":"Banana","damage_taken":0,"max_hp_gain":0,"max_hp_loss":0,"event_name":"Big Fish","floor":11,"gold_loss":0}],"is_beta":false,"boss_relics":[],"items_purged_floors":[4],"is_endless":false,"potions_floor_spawned":[6,8,10,12],"killed_by":"Gremlin Gang","ascension_level":4}