{"gold_per_floor":[117,132,132,132,149,163,176,176,176,188,188,188,216,216,216,311,311,324,30,129,141,152,152,185,185,210,222,95,109,109],"floor_reached":30,"playtime":2502,"items_purged":["Defend_G"],"score":252,"play_id":"78783a3f-44b2-45f1-9379-5ec44744f775","local_time":"20181020042114","is_ascension_mode":false,"campfire_choices":[{"data":"Sucker Punch","floor":8,"key":"SMITH"},{"data":"Neutralize","floor":12,"key":"SMITH"},{"floor":15,"key":"REST"},{"floor":23,"key":"REST"}],"neow_cost":"NONE","seed_source_timestamp":0,"circlet_count":0,"master_deck":["Defend_G","Defend_G","Defend_G","Strike_G","Survivor","Neutralize+1","Underhanded Strike","Outmaneuver","Finisher","Dagger Throw","Cloak And Dagger","Sucker Punch+1","Acrobatics","Burst","Tools of the Trade","Bouncing Flask","Quick Slash","Reflex","Expertise","Backstab+1","Backflip","Endless Agony"],"special_seed":0,"relics":["Empty Cage","Sundial","Mango","Tingsha","Busted Crown","Letter Opener","Omamori","Enchiridion","Happy Flower"],"potions_floor_usage":[16,16,30,30,30],"damage_taken":[{"damage":3.0,"enemies":"Jaw Worm","floor":1.0,"turns":7.0},{"damage":0.0,"enemies":"2 Louse","floor":2.0,"turns":2.0},{"damage":2.0,"enemies":"Small Slimes","floor":5.0,"turns":5.0},{"damage":0,"enemies":"2 Fungi Beasts","floor":6,"turns":4},{"damage":3,"enemies":"Exordium Wildlife","floor":7,"turns":5},{"damage":0,"enemies":"Looter","floor":10,"turns":3},{"damage":18,"enemies":"Gremlin Nob","floor":13,"turns":5},{"damage":49,"enemies":"Slime Boss","floor":16,"turns":15},{"damage":24,"enemies":"2 Thieves","floor":18,"turns":5},{"damage":5,"enemies":"Chosen","floor":21,"turns":4},{"damage":16,"enemies":"Snake Plant","floor":22,"turns":3},{"damage":21,"enemies":"Book of Stabbing","floor":24,"turns":5},{"damage":14,"enemies":"Snecko","floor":27,"turns":4},{"damage":0,"enemies":"Cultist and Chosen","floor":29,"turns":4},{"damage":0,"enemies":"Colosseum Slavers","floor":30,"turns":1},{"damage":13,"enemies":"Colosseum Nobs","floor":30,"turns":3}],"seed_played":"8773961815716822694","potions_obtained":[{"floor":2.0,"key":"SkillPotion"},{"floor":13,"key":"PowerPotion"},{"floor":16,"key":"GhostInAJar"},{"floor":21,"key":"FearPotion"},{"floor":29,"key":"SkillPotion"}],"is_trial":false,"path_per_floor":["M","M","?","?","M","M","M","R","T","M","?","R","E","?","R","B",null,"M","$","?","M","M","R","E","?","T","M","$","M"],"character_chosen":"THE_SILENT","items_purchased":["Letter Opener","Quick Slash","Backflip"],"campfire_rested":2,"item_purchase_floors":[19,19,28],"current_hp_per_floor":[67,67,67,60,58,58,55,55,69,69,69,69,51,44,69,20,84,60,60,60,55,39,64,43,27,27,13,13,13,0],"gold":109,"neow_bonus":"BOSS_RELIC","is_prod":false,"is_daily":false,"chose_seed":false,"campfire_upgraded":2,"win_rate":0,"timestamp":1540023674,"path_taken":["M","M","?","?","M","M","M","R","T","?","?","R","E","?","R","BOSS","M","$","?","M","M","R","E","?","T","M","$","M","?"],"build_version":"2018-10-18","purchased_purges":1,"victory":false,"max_hp_per_floor":[70,70,70,70,70,70,70,70,84,84,84,84,84,84,84,84,84,84,84,84,84,84,84,84,84,84,84,84,84,84],"card_choices":[{"not_picked":["Dodge and Roll","Quick Slash"],"picked":"Underhanded Strike","floor":1.0},{"not_picked":["Choke","Predator"],"picked":"Outmaneuver","floor":2.0},{"not_picked":["Flying Knee","Reflex"],"picked":"Dagger Throw","floor":5},{"not_picked":["Deflect","Dagger Spray"],"picked":"Cloak And Dagger","floor":6},{"not_picked":["PiercingWail","Skewer"],"picked":"Sucker Punch","floor":7},{"not_picked":["Dagger Spray","Dagger Throw"],"picked":"Acrobatics","floor":10},{"not_picked":["Quick Slash","Dagger Spray"],"picked":"Burst","floor":13},{"not_picked":["Malaise","Glass Knife"],"picked":"Tools of the Trade","floor":16},{"not_picked":[],"picked":"Bouncing Flask","floor":18},{"not_picked":[],"picked":"Reflex","floor":21},{"not_picked":["Predator"],"picked":"SKIP","floor":22},{"not_picked":[],"picked":"Expertise","floor":24},{"not_picked":[],"picked":"Backstab+1","floor":27},{"not_picked":[],"picked":"Endless Agony","floor":29}],"player_experience":155740,"relics_obtained":[{"floor":9,"key":"Mango"},{"floor":13,"key":"Tingsha"},{"floor":24,"key":"Omamori"},{"floor":25,"key":"Enchiridion"},{"floor":26,"key":"Happy Flower"}],"event_choices":[{"event_name":"Living Wall","player_choice":"Change","floor":3.0,"damage_taken":0.0},{"event_name":"Scrap Ooze","player_choice":"success","floor":4.0,"damage_taken":7.0},{"cards_removed":["Strike_G"],"damage_healed":0,"gold_gain":0,"player_choice":"Offered Basic","damage_taken":0,"max_hp_gain":0,"max_hp_loss":0,"event_name":"Bonfire Elementals","floor":11,"gold_loss":0},{"cards_removed":["Strike_G"],"damage_healed":0,"gold_gain":0,"player_choice":"Card Removal","damage_taken":7,"max_hp_gain":0,"max_hp_loss":0,"event_name":"Golden Wing","floor":14,"gold_loss":0},{"damage_healed":0,"gold_gain":99,"player_choice":"Stole From Cult","damage_taken":0,"max_hp_gain":0,"max_hp_loss":0,"event_name":"Nest","floor":20,"gold_loss":0},{"damage_healed":0,"gold_gain":0,"player_choice":"Obtained Book","damage_taken":16,"max_hp_gain":0,"max_hp_loss":0,"event_name":"Cursed Tome","floor":25,"gold_loss":0},{"damage_healed":0,"gold_gain":0,"player_choice":"Fight","damage_taken":0,"max_hp_gain":0,"max_hp_loss":0,"event_name":"Colosseum","floor":30,"gold_loss":0},{"damage_healed":0,"gold_gain":0,"player_choice":"Fought Nobs","damage_taken":0,"max_hp_gain":0,"max_hp_loss":0,"event_name":"Colosseum","floor":30,"gold_loss":0}],"is_beta":false,"boss_relics":[{"not_picked":["Velvet Choker","Runic Dome"],"picked":"Busted Crown"}],"items_purged_floors":[28],"is_endless":false,"potions_floor_spawned":[2,13,16,21,29],"killed_by":"Colosseum Nobs","ascension_level":0}