{"gold_per_floor":[109,59,59,7,7,7,24,38,65,65,140,52,69,79,79,181,181,195,207,222,23,23,23],"floor_reached":23,"playtime":967,"items_purged":[],"score":226,"play_id":"9a87f50a-ffce-416c-abce-83a25533570f","local_time":"20190207205614","is_ascension_mode":true,"campfire_choices":[{"data":"Zap","floor":6,"key":"SMITH"},{"data":"Storm","floor":10,"key":"SMITH"},{"data":"Self Repair","floor":15,"key":"SMITH"}],"neow_cost":"NONE","seed_source_timestamp":531746508823400,"circlet_count":0,"master_deck":["Strike_B+1","Strike_B","Strike_B","Defend_B","Defend_B","Defend_B","Zap+1","Dualcast","Finesse+1","Hologram","Ball Lightning","Storm+1","Capacitor","Self Repair+1","Leap","Compile Driver","Machine Learning","Echo Form","Self Repair","Self Repair","Conserve Battery","Defragment","Go for the Eyes","Coolheaded","Machine Learning","Dark Shackles"],"relics":["Cracked Core","Regal Pillow","Orrery"],"potions_floor_usage":[16,23],"damage_taken":[{"damage":8,"enemies":"Small Slimes","floor":1,"turns":3},{"damage":0,"enemies":"2 Louse","floor":7,"turns":2},{"damage":4,"enemies":"Jaw Worm","floor":8,"turns":2},{"damage":4,"enemies":"3 Louse","floor":13,"turns":4},{"damage":12,"enemies":"Blue Slaver","floor":14,"turns":3},{"damage":6,"enemies":"Hexaghost","floor":16,"turns":9},{"damage":14,"enemies":"Chosen","floor":18,"turns":6},{"damage":32,"enemies":"Shell Parasite","floor":19,"turns":6},{"damage":82,"enemies":"Centurion and Healer","floor":20,"turns":8},{"damage":51,"enemies":"Slavers","floor":23,"turns":4}],"seed_played":"8414390501747807771","potions_obtained":[{"floor":13,"key":"Fire Potion"},{"floor":14,"key":"FairyPotion"},{"floor":16,"key":"Explosive Potion"}],"is_trial":false,"path_per_floor":["M","?","?","$","?","R","M","M","T","R","?","$","M","M","R","B",null,"M","M","M","$","?","E"],"character_chosen":"DEFECT","items_purchased":["Ball Lightning","Self Repair","Leap","Coolheaded","Machine Learning"],"campfire_rested":0,"item_purchase_floors":[4,12,12,21,21],"current_hp_per_floor":[67,67,60,60,45,45,45,41,41,41,30,30,33,28,28,32,64,75,75,48,48,48,0],"gold":23,"neow_bonus":"RANDOM_COLORLESS","is_prod":false,"is_daily":false,"chose_seed":false,"campfire_upgraded":3,"win_rate":0,"timestamp":1549598174,"path_taken":["M","?","?","?","?","R","?","M","T","R","?","$","M","M","R","BOSS","M","M","M","$","?","E"],"build_version":"2019-01-23","purchased_purges":0,"victory":false,"max_hp_per_floor":[75,75,75,75,75,75,75,75,75,75,75,75,75,75,75,75,75,75,75,75,75,75,75],"card_choices":[{"not_picked":["Chaos","Reinforced Body"],"picked":"Hologram","floor":1},{"not_picked":["Compile Driver","Auto Shields"],"picked":"Storm","floor":7},{"not_picked":["Tempest","Reinforced Body"],"picked":"Capacitor","floor":8},{"not_picked":["Stack","Steam","Streamline"],"picked":"SKIP","floor":13},{"not_picked":["Stack","Double Energy"],"picked":"Compile Driver","floor":14},{"not_picked":["Thunder Strike","Buffer"],"picked":"Machine Learning","floor":16},{"not_picked":["Recycle","Static Discharge"],"picked":"Echo Form","floor":17},{"not_picked":["Stack","Chill"],"picked":"Self Repair","floor":17},{"not_picked":["Barrage","BootSequence"],"picked":"Self Repair","floor":17},{"not_picked":["Melter","Streamline"],"picked":"Conserve Battery","floor":17},{"not_picked":["Hello World","Stack"],"picked":"Defragment","floor":18},{"not_picked":["Rip and Tear","Chaos"],"picked":"Go for the Eyes","floor":19},{"not_picked":["Cold Snap","Stack","Chaos+1"],"picked":"SKIP","floor":20}],"player_experience":306697,"relics_obtained":[{"floor":9,"key":"Regal Pillow"}],"event_choices":[{"cards_removed":["Defend_B"],"damage_healed":0,"gold_gain":0,"player_choice":"Card Removal","damage_taken":0,"max_hp_gain":0,"max_hp_loss":0,"event_name":"The Cleric","floor":2,"gold_loss":50},{"cards_removed":["Strike_B"],"damage_healed":0,"gold_gain":0,"player_choice":"Card Removal","damage_taken":7,"max_hp_gain":0,"max_hp_loss":0,"event_name":"Golden Wing","floor":3,"gold_loss":0},{"damage_healed":0,"gold_gain":0,"player_choice":"Entered Light","damage_taken":15,"max_hp_gain":0,"max_hp_loss":0,"event_name":"Shining Light","floor":5,"gold_loss":0,"cards_upgraded":["Strike_B","Finesse"]},{"damage_healed":0,"gold_gain":75,"player_choice":"Gather Gold","damage_taken":11,"max_hp_gain":0,"max_hp_loss":0,"event_name":"World of Goop","floor":11,"gold_loss":0},{"damage_healed":0,"gold_gain":0,"player_choice":"1 cards matched","damage_taken":0,"max_hp_gain":0,"max_hp_loss":0,"event_name":"Match and Keep!","floor":22,"gold_loss":0,"cards_obtained":["Dark Shackles"]}],"is_beta":false,"boss_relics":[{"not_picked":["Calling Bell","Nuclear Battery"],"picked":"Orrery"}],"items_purged_floors":[],"is_endless":false,"potions_floor_spawned":[13,14,16],"killed_by":"Slavers","ascension_level":5}