{"gold_per_floor":[109,109,109,109,126,156,169,181,206,218,230,270,309,341,353,461,473,459,471,483,506,536,559,571,616,628,654,699,711,723,748,760,772],"floor_reached":33,"playtime":2452,"items_purged":[],"score":387,"play_id":"7b884af7-5678-491a-a3c0-a35bed7eb220","local_time":"20190208131241","is_ascension_mode":true,"campfire_choices":[{"data":"Armaments","floor":11,"key":"SMITH"},{"data":"Bash","floor":15,"key":"SMITH"},{"floor":24,"key":"REST"},{"floor":29,"key":"REST"},{"floor":32,"key":"REST"}],"neow_cost":"NONE","seed_source_timestamp":1200138378498143,"circlet_count":0,"master_deck":["Defend_R","Defend_R","Bash+1","True Grit+1","Sentinel","Shrug It Off","Iron Wave","Armaments+1","Metallicize","Flex","Demon Form","Dropkick","Bite","Bite","Bite","Bite","Shrug It Off","Anger","Carnage","Uppercut"],"relics":["Burning Blood","NeowsBlessing","Happy Flower","MawBank","Smiling Mask","Red Skull","Runic Cube","Toxic Egg 2","Bottled Tornado","Red Mask","Ornamental Fan"],"potions_floor_usage":[18,23,25,28,31],"damage_taken":[{"damage":0,"enemies":"Small Slimes","floor":1,"turns":1},{"damage":0,"enemies":"2 Louse","floor":5,"turns":1},{"damage":0,"enemies":"Lagavulin","floor":6,"turns":1},{"damage":0,"enemies":"Cultist","floor":7,"turns":3},{"damage":0,"enemies":"Blue Slaver","floor":8,"turns":4},{"damage":29,"enemies":"3 Sentries","floor":12,"turns":12},{"damage":0,"enemies":"Red Slaver","floor":14,"turns":6},{"damage":27,"enemies":"The Guardian","floor":16,"turns":14},{"damage":25,"enemies":"2 Thieves","floor":18,"turns":5},{"damage":22,"enemies":"Shell Parasite","floor":21,"turns":9},{"damage":38,"enemies":"3 Cultists","floor":22,"turns":7},{"damage":27,"enemies":"Snake Plant","floor":23,"turns":4},{"damage":36,"enemies":"Gremlin Leader","floor":25,"turns":7},{"damage":26,"enemies":"Centurion and Healer","floor":27,"turns":7},{"damage":29,"enemies":"Masked Bandits","floor":28,"turns":4},{"damage":32,"enemies":"Sentry and Sphere","floor":31,"turns":6},{"damage":78,"enemies":"Collector","floor":33,"turns":7}],"seed_played":"6833653878378960186","potions_obtained":[{"floor":5,"key":"BloodPotion"},{"floor":6,"key":"AttackPotion"},{"floor":12,"key":"Strength Potion"},{"floor":14,"key":"Swift Potion"},{"floor":18,"key":"BloodPotion"},{"floor":22,"key":"PowerPotion"},{"floor":28,"key":"Regen Potion"}],"is_trial":false,"path_per_floor":["M","?","?","?","M","E","M","M","T","?","R","E","T","M","R","B",null,"M","?","?","M","M","M","R","E","T","M","?","R","T","M","R","B"],"character_chosen":"IRONCLAD","items_purchased":[],"campfire_rested":3,"item_purchase_floors":[],"current_hp_per_floor":[80,64,64,64,70,76,80,80,80,73,73,50,50,56,56,35,80,69,56,56,56,39,30,46,43,43,37,22,38,38,36,52,0],"gold":772,"neow_bonus":"THREE_ENEMY_KILL","is_prod":false,"is_daily":false,"chose_seed":false,"campfire_upgraded":2,"win_rate":0,"timestamp":1549627961,"path_taken":["M","?","?","?","M","E","?","M","T","?","R","E","?","M","R","BOSS","M","?","?","M","M","?","R","E","T","M","?","R","?","M","R","BOSS"],"build_version":"2019-01-23","purchased_purges":0,"victory":false,"max_hp_per_floor":[80,80,80,80,80,80,80,80,80,80,80,80,80,80,80,80,80,80,56,56,56,56,56,56,56,56,56,56,56,56,56,56,56],"card_choices":[{"not_picked":["Clash","Burning Pact"],"picked":"True Grit","floor":1},{"not_picked":["Searing Blow","Clash","Twin Strike"],"picked":"SKIP","floor":5},{"not_picked":["Sword Boomerang","Clothesline"],"picked":"Shrug It Off","floor":6},{"not_picked":["Clothesline","Rupture"],"picked":"Iron Wave","floor":7},{"not_picked":["Pummel","Feel No Pain"],"picked":"Armaments","floor":8},{"not_picked":["Body Slam","Dropkick"],"picked":"Metallicize","floor":12},{"not_picked":["Anger","Havoc"],"picked":"Flex","floor":14},{"not_picked":["Bludgeon","Fiend Fire"],"picked":"Demon Form","floor":16},{"not_picked":["Pummel","Armaments"],"picked":"Dropkick","floor":18},{"not_picked":["Headbutt","Shockwave+1"],"picked":"Shrug It Off","floor":21},{"not_picked":["Dual Wield","Perfected Strike","Second Wind"],"picked":"SKIP","floor":22},{"not_picked":["Corruption+1","Perfected Strike","Dual Wield"],"picked":"SKIP","floor":23},{"not_picked":["Dual Wield","Flex+1"],"picked":"Anger","floor":25},{"not_picked":["Clash","Perfected Strike+1"],"picked":"Carnage","floor":27},{"not_picked":["Feed","Armaments+1"],"picked":"Uppercut","floor":28},{"not_picked":["Twin Strike","Dropkick","True Grit+1"],"picked":"SKIP","floor":31}],"player_experience":293894,"relics_obtained":[{"floor":6,"key":"Happy Flower"},{"floor":9,"key":"MawBank"},{"floor":12,"key":"Smiling Mask"},{"floor":13,"key":"Red Skull"},{"floor":25,"key":"Toxic Egg 2"},{"floor":26,"key":"Bottled Tornado"},{"floor":28,"key":"Red Mask"},{"floor":30,"key":"Ornamental Fan"}],"event_choices":[{"damage_healed":0,"gold_gain":0,"player_choice":"Entered Light","damage_taken":16,"max_hp_gain":0,"max_hp_loss":0,"event_name":"Shining Light","floor":2,"gold_loss":0,"cards_upgraded":["True Grit","Strike_R"]},{"damage_healed":0,"gold_gain":0,"cards_transformed":["Strike_R"],"player_choice":"Change","damage_taken":0,"max_hp_gain":0,"max_hp_loss":0,"event_name":"Living Wall","floor":3,"gold_loss":0,"cards_obtained":["Sentinel"]},{"cards_removed":["Defend_R"],"damage_healed":0,"gold_gain":0,"player_choice":"Purged","damage_taken":0,"max_hp_gain":0,"max_hp_loss":0,"event_name":"Purifier","floor":4,"gold_loss":0},{"cards_removed":["Defend_R"],"damage_healed":0,"gold_gain":0,"player_choice":"Card Removal","damage_taken":7,"max_hp_gain":0,"max_hp_loss":0,"event_name":"Golden Wing","floor":10,"gold_loss":0},{"damage_healed":0,"gold_gain":0,"player_choice":"Became a vampire","damage_taken":0,"max_hp_gain":0,"max_hp_loss":24,"event_name":"Vampires","floor":19,"gold_loss":0,"cards_obtained":["Bite","Bite","Bite","Bite","Bite"]},{"cards_removed":["Bite"],"damage_healed":0,"gold_gain":0,"player_choice":"Purged","damage_taken":0,"max_hp_gain":0,"max_hp_loss":0,"event_name":"Purifier","floor":20,"gold_loss":0},{"damage_healed":0,"gold_gain":0,"player_choice":"Fought Bandits","damage_taken":0,"max_hp_gain":0,"max_hp_loss":0,"event_name":"Masked Bandits","floor":28,"gold_loss":0}],"is_beta":false,"boss_relics":[{"not_picked":["Orrery","Pandora\u0027s Box"],"picked":"Runic Cube"}],"items_purged_floors":[],"is_endless":false,"potions_floor_spawned":[5,6,12,14,18,22,28],"killed_by":"Collector","ascension_level":4}