{"gold_per_floor":[362,374,387,237,251,251,282,298,298,298,324,341,404,404,404,404],"floor_reached":16,"playtime":617,"items_purged":["Defend_R"],"score":159,"play_id":"41a73ec7-cc0e-4da4-8a6e-1fab43677171","local_time":"20190110160808","is_ascension_mode":true,"campfire_choices":[{"data":"Whirlwind","floor":6,"key":"SMITH"},{"floor":10,"key":"REST"},{"data":"Perfected Strike","floor":15,"key":"SMITH"}],"neow_cost":"PERCENT_DAMAGE","seed_source_timestamp":93579415917501,"circlet_count":0,"master_deck":["Strike_R","Strike_R","Strike_R","Strike_R","Strike_R","Defend_R","Defend_R","Defend_R","Bash","Shrug It Off","Rampage","Perfected Strike+1","Hemokinesis","Whirlwind+1","Shockwave","Inflame","Power Through","True Grit"],"relics":["Burning Blood","Smiling Mask","Mercury Hourglass","Pear","Tiny Chest","Golden Idol"],"potions_floor_usage":[5,16],"damage_taken":[{"damage":0,"enemies":"2 Louse","floor":1,"turns":3},{"damage":2,"enemies":"Cultist","floor":2,"turns":5},{"damage":6,"enemies":"Jaw Worm","floor":3,"turns":4},{"damage":6,"enemies":"Gremlin Gang","floor":5,"turns":2},{"damage":35,"enemies":"Lagavulin","floor":7,"turns":6},{"damage":15,"enemies":"Large Slime","floor":8,"turns":3},{"damage":19,"enemies":"Gremlin Nob","floor":11,"turns":3},{"damage":0,"enemies":"Lots of Slimes","floor":12,"turns":1},{"damage":15,"enemies":"Lagavulin","floor":13,"turns":6},{"damage":45,"enemies":"Hexaghost","floor":16,"turns":8}],"seed_played":"6163755890444727145","potions_obtained":[{"floor":3,"key":"AttackPotion"},{"floor":5,"key":"EssenceOfSteel"},{"floor":11,"key":"SneckoOil"},{"floor":13,"key":"LiquidBronze"}],"is_trial":false,"path_per_floor":["M","M","M","$","M","R","E","M","T","R","E","M","E","?","R","B"],"character_chosen":"IRONCLAD","items_purchased":["Hemokinesis"],"campfire_rested":1,"item_purchase_floors":[4],"current_hp_per_floor":[57,61,61,61,61,61,32,23,23,47,44,50,41,41,41,0],"gold":404,"neow_bonus":"TWO_FIFTY_GOLD","is_prod":false,"is_daily":false,"chose_seed":false,"campfire_upgraded":2,"win_rate":0,"timestamp":1547158088,"path_taken":["M","M","M","$","M","R","E","M","T","R","E","M","E","?","R","BOSS"],"build_version":"2019-01-03v4","purchased_purges":1,"victory":false,"max_hp_per_floor":[80,80,80,80,80,80,80,80,80,80,90,90,90,83,83,83],"card_choices":[{"not_picked":["Pummel","Wild Strike"],"picked":"Shrug It Off","floor":1},{"not_picked":["Pummel","Fire Breathing"],"picked":"Rampage","floor":2},{"not_picked":["Feel No Pain","Havoc"],"picked":"Perfected Strike","floor":3},{"not_picked":["Thunderclap","Feel No Pain"],"picked":"Whirlwind","floor":5},{"not_picked":["Anger","Metallicize"],"picked":"Shockwave","floor":7},{"not_picked":["Havoc","Metallicize"],"picked":"Inflame","floor":8},{"not_picked":["Immolate","Clash","Anger"],"picked":"SKIP","floor":11},{"not_picked":["Reckless Charge","Thunderclap"],"picked":"Power Through","floor":12},{"not_picked":["Anger","Perfected Strike"],"picked":"True Grit","floor":13}],"player_experience":141735,"relics_obtained":[{"floor":7,"key":"Smiling Mask"},{"floor":9,"key":"Mercury Hourglass"},{"floor":11,"key":"Pear"},{"floor":13,"key":"Tiny Chest"}],"event_choices":[{"damage_healed":0,"gold_gain":0,"player_choice":"Lose Max HP","damage_taken":0,"relics_obtained":["Golden Idol"],"max_hp_gain":0,"max_hp_loss":7,"event_name":"Golden Idol","floor":14,"gold_loss":0}],"is_beta":false,"boss_relics":[],"items_purged_floors":[4],"is_endless":false,"potions_floor_spawned":[3,5,11,13],"killed_by":"Hexaghost","ascension_level":6}