{"gold_per_floor":[115,65,65,77,96,123,123,139,193,207,207],"floor_reached":11,"playtime":858,"items_purged":[],"score":79,"play_id":"9de899de-8d71-4b7a-9a48-fe429496e663","local_time":"20190210222836","is_ascension_mode":true,"campfire_choices":[{"floor":7,"key":"REST"}],"neow_cost":"TEN_PERCENT_HP_LOSS","seed_source_timestamp":1277858664073707,"circlet_count":0,"master_deck":["Defend_G","Defend_G","Defend_G","Defend_G","Defend_G","Strike_G","Strike_G","Strike_G","Strike_G","Survivor","Neutralize","Mind Blast","Finesse","Setup","Finisher","Phantasmal Killer","Quick Slash","Setup"],"relics":["Ring of the Snake","Bottled Lightning","The Specimen","Strawberry"],"potions_floor_usage":[8,10],"damage_taken":[{"damage":5,"enemies":"Jaw Worm","floor":1,"turns":6},{"damage":5,"enemies":"Small Slimes","floor":4,"turns":7},{"damage":7,"enemies":"2 Louse","floor":5,"turns":4},{"damage":36,"enemies":"3 Sentries","floor":6,"turns":12},{"damage":17,"enemies":"Lots of Slimes","floor":8,"turns":8},{"damage":2,"enemies":"Red Slaver","floor":10,"turns":4},{"damage":16,"enemies":"Large Slime","floor":11,"turns":6}],"seed_played":"2789186158233730504","potions_obtained":[{"floor":5,"key":"SpeedPotion"},{"floor":8,"key":"Ancient Potion"}],"is_trial":false,"path_per_floor":["M","?","T","M","M","E","R","M","T","M","M"],"character_chosen":"THE_SILENT","items_purchased":[],"campfire_rested":1,"item_purchase_floors":[],"current_hp_per_floor":[58,58,58,53,46,10,28,11,18,16,0],"gold":207,"neow_bonus":"RANDOM_COLORLESS_2","is_prod":false,"is_daily":false,"chose_seed":false,"campfire_upgraded":0,"win_rate":0,"timestamp":1549855716,"path_taken":["M","?","?","M","M","E","R","M","T","M","M"],"build_version":"2019-01-23","purchased_purges":0,"victory":false,"max_hp_per_floor":[63,63,63,63,63,63,63,63,70,70,70],"card_choices":[{"not_picked":["Bouncing Flask","Heel Hook"],"picked":"Setup","floor":1},{"not_picked":["PiercingWail","Concentrate","Heel Hook"],"picked":"SKIP","floor":4},{"not_picked":["Outmaneuver","Blade Dance"],"picked":"Finisher","floor":5},{"not_picked":["PiercingWail","Sucker Punch"],"picked":"Phantasmal Killer","floor":6},{"not_picked":["Blade Dance","Dagger Spray"],"picked":"Quick Slash","floor":8},{"not_picked":["Predator","Blur"],"picked":"Setup","floor":10}],"player_experience":98866,"relics_obtained":[{"floor":3,"key":"Bottled Lightning"},{"floor":6,"key":"The Specimen"},{"floor":9,"key":"Strawberry"}],"event_choices":[{"cards_removed":["Strike_G"],"damage_healed":0,"gold_gain":0,"player_choice":"Card Removal","damage_taken":0,"max_hp_gain":0,"max_hp_loss":0,"event_name":"The Cleric","floor":2,"gold_loss":50}],"is_beta":false,"boss_relics":[],"items_purged_floors":[],"is_endless":false,"potions_floor_spawned":[5,8],"killed_by":"Large Slime","ascension_level":1}