{"gold_per_floor":[368,318,336,336,336,336,350,18,18,18,50,69,102,117,117,219,219,235,246,246,261,276,276,307,307,307,318,345,444,455,455,455,553,603,617,280,280,180,0,34,34,66,66,96,108,108,124,137,137,137,137,137,12,44,44],"floor_reached":56,"playtime":5957,"items_purged":["Gash","Defend_B","Zap+1"],"score":1965,"play_id":"e5582e34-b3f5-4def-8ef4-f37ba99a0194","local_time":"20190211122732","is_ascension_mode":true,"campfire_choices":[{"data":"Zap","floor":6,"key":"SMITH"},{"data":"Dualcast","floor":10,"key":"SMITH"},{"data":"Electrodynamics","floor":15,"key":"SMITH"},{"data":"Defragment","floor":23,"key":"SMITH"},{"data":"Reinforced Body","floor":25,"key":"SMITH"},{"data":"Thunder Strike","floor":32,"key":"SMITH"},{"data":"Machine Learning","floor":41,"key":"SMITH"},{"floor":49,"key":"RECALL"},{"floor":52,"key":"REST"}],"neow_cost":"TEN_PERCENT_HP_LOSS","seed_source_timestamp":1453100343749869,"circlet_count":0,"master_deck":["AscendersBane","Defend_B+1","Defend_B+1","Dualcast+1","White Noise+1","Cold Snap+1","Leap+1","Electrodynamics+1","FTL+1","Glacier+1","Conserve Battery+1","Machine Learning+1","Tempest+1","Self Repair+1","Defragment+1","Reinforced Body+1","Tempest+1","Thunder Strike+1","Sunder+1","Fusion+1","Steam Power+1","Go for the Eyes+1","Seek+1","Hologram+1","Defragment+1","Capacitor+1","Discovery+1","Coolheaded+1","Machine Learning+1","Reinforced Body+1","Hologram+1"],"relics":["Cracked Core","Gambling Chip","Mummified Hand","Ice Cream","Bag of Preparation","Snecko Eye","Vajra","Pear","Tiny House","DollysMirror","Red Mask","Singing Bowl","Blue Candle","Whetstone","Bottled Lightning","Mark of the Bloom","Calipers"],"potions_floor_usage":[40,50,54,55],"damage_taken":[{"damage":2,"enemies":"Jaw Worm","floor":1,"turns":4},{"damage":0,"enemies":"Small Slimes","floor":3,"turns":2},{"damage":4,"enemies":"2 Louse","floor":7,"turns":2},{"damage":3,"enemies":"3 Sentries","floor":11,"turns":8},{"damage":0,"enemies":"Exordium Thugs","floor":12,"turns":3},{"damage":16,"enemies":"Gremlin Nob","floor":13,"turns":4},{"damage":0,"enemies":"Red Slaver","floor":14,"turns":2},{"damage":16,"enemies":"Hexaghost","floor":16,"turns":12},{"damage":0,"enemies":"3 Byrds","floor":18,"turns":2},{"damage":0,"enemies":"Spheric Guardian","floor":19,"turns":3},{"damage":0,"enemies":"Centurion and Healer","floor":21,"turns":3},{"damage":0,"enemies":"Cultist and Chosen","floor":22,"turns":2},{"damage":0,"enemies":"Gremlin Leader","floor":24,"turns":5},{"damage":0,"enemies":"Snecko","floor":27,"turns":3},{"damage":2,"enemies":"Book of Stabbing","floor":28,"turns":5},{"damage":0,"enemies":"Sentry and Sphere","floor":30,"turns":2},{"damage":0,"enemies":"Collector","floor":33,"turns":5},{"damage":0,"enemies":"3 Shapes","floor":35,"turns":1},{"damage":9,"enemies":"Nemesis","floor":40,"turns":7},{"damage":4,"enemies":"Giant Head","floor":42,"turns":5},{"damage":0,"enemies":"Reptomancer","floor":44,"turns":4},{"damage":0,"enemies":"Orb Walker","floor":45,"turns":2},{"damage":0,"enemies":"Jaw Worm Horde","floor":47,"turns":1},{"damage":0,"enemies":"4 Shapes","floor":48,"turns":1},{"damage":0,"enemies":"Donu and Deca","floor":50,"turns":5},{"damage":14,"enemies":"Shield and Spear","floor":54,"turns":4},{"damage":7,"enemies":"The Heart","floor":55,"turns":10}],"seed_played":"-4359820536737915728","potions_obtained":[{"floor":1,"key":"SteroidPotion"},{"floor":11,"key":"EssenceOfSteel"},{"floor":21,"key":"SteroidPotion"},{"floor":22,"key":"SneckoOil"},{"floor":24,"key":"Ancient Potion"},{"floor":30,"key":"Swift Potion"},{"floor":40,"key":"Swift Potion"},{"floor":45,"key":"LiquidBronze"},{"floor":54,"key":"Energy Potion"}],"is_trial":false,"path_per_floor":["M","?","M","?","?","R","M","$","T","R","E","M","E","M","R","B",null,"M","M","?","M","M","R","E","R","T","M","E","?","M","?","R","B",null,"M","$","?","$","?","E","R","E","T","E","M","?","M","M","R","B",null,"R","$","E","B",null],"character_chosen":"DEFECT","items_purchased":["Gambling Chip","Leap","DollysMirror","Capacitor"],"campfire_rested":1,"item_purchase_floors":[8,8,36,36],"current_hp_per_floor":[66,66,66,71,71,71,67,67,67,67,64,64,48,48,48,32,63,63,63,63,73,73,73,73,73,73,73,83,83,83,83,83,83,88,88,88,78,78,78,81,81,87,87,90,90,90,90,90,90,90,90,90,90,76,69],"gold":44,"neow_bonus":"TWO_FIFTY_GOLD","is_prod":false,"is_daily":false,"chose_seed":false,"campfire_upgraded":7,"win_rate":0,"timestamp":1549884452,"path_taken":["M","?","M","?","?","R","M","$","T","R","E","M","E","M","R","BOSS","M","M","?","?","M","R","E","R","T","M","E","?","M","?","R","BOSS","M","$","?","$","?","E","R","E","T","E","M","?","M","M","R","BOSS","R","$","E","BOSS"],"build_version":"2019-01-23","purchased_purges":3,"victory":true,"max_hp_per_floor":[68,68,68,73,73,73,73,73,73,73,73,73,73,73,73,73,73,73,73,73,73,73,73,73,73,73,73,83,83,83,83,83,83,88,88,88,88,88,88,90,90,90,90,90,90,90,92,94,94,94,94,94,94,94,94],"card_choices":[{"not_picked":["Turbo","Sweeping Beam"],"picked":"White Noise","floor":1},{"not_picked":["Beam Cell","Recycle"],"picked":"Cold Snap","floor":3},{"not_picked":["Turbo","Steam"],"picked":"Gash","floor":7},{"not_picked":["Chill","Doom and Gloom"],"picked":"Electrodynamics","floor":11},{"not_picked":["Streamline","Compile Driver"],"picked":"FTL","floor":12},{"not_picked":["Turbo","Steam"],"picked":"Glacier","floor":13},{"not_picked":["Cold Snap","Compile Driver"],"picked":"Conserve Battery","floor":14},{"not_picked":["Thunder Strike","Core Surge"],"picked":"Machine Learning","floor":16},{"not_picked":["Sweeping Beam+1","Beam Cell+1"],"picked":"Tempest","floor":18},{"not_picked":["Compile Driver","Turbo"],"picked":"Self Repair+1","floor":19},{"not_picked":["Hologram","Stack+1"],"picked":"Defragment","floor":21},{"not_picked":["Compile Driver","BootSequence+1"],"picked":"Reinforced Body","floor":22},{"not_picked":["Reprogram","Consume"],"picked":"Tempest+1","floor":24},{"not_picked":["Lockon","Undo"],"picked":"Thunder Strike","floor":27},{"not_picked":["Doom and Gloom","Go for the Eyes"],"picked":"Sunder+1","floor":28},{"not_picked":["Fusion","Reprogram+1","Beam Cell"],"picked":"SKIP","floor":30},{"not_picked":["Reprogram+1","Beam Cell"],"picked":"Fusion","floor":30},{"not_picked":["Buffer","Hyperbeam"],"picked":"Seek","floor":33},{"not_picked":["Cold Snap","Steam Power+1"],"picked":"Hologram","floor":34},{"not_picked":["Turbo+1","Ball Lightning+1","Melter+1"],"picked":"SKIP","floor":35},{"not_picked":["Jack Of All Trades","HandOfGreed"],"picked":"Discovery","floor":37},{"not_picked":["Beam Cell+1","Redo","Hologram"],"picked":"Singing Bowl","floor":40},{"not_picked":["Sweeping Beam","Auto Shields+1"],"picked":"Coolheaded+1","floor":42},{"not_picked":["Go for the Eyes","Stack+1"],"picked":"Machine Learning","floor":44},{"not_picked":["Cold Snap","Coolheaded"],"picked":"Reinforced Body","floor":45},{"not_picked":["Streamline","Rebound","Beam Cell+1"],"picked":"Singing Bowl","floor":47},{"not_picked":["Sweeping Beam+1","Rebound","Conserve Battery+1"],"picked":"Singing Bowl","floor":48},{"not_picked":["Auto Shields","Gash"],"picked":"Hologram+1","floor":54}],"player_experience":392964,"relics_obtained":[{"floor":9,"key":"Mummified Hand"},{"floor":11,"key":"Ice Cream"},{"floor":13,"key":"Bag of Preparation"},{"floor":24,"key":"Vajra"},{"floor":28,"key":"Pear"},{"floor":40,"key":"Singing Bowl"},{"floor":42,"key":"Blue Candle"},{"floor":43,"key":"Whetstone"},{"floor":44,"key":"Bottled Lightning"},{"floor":54,"key":"Calipers"}],"event_choices":[{"cards_removed":["Strike_B"],"damage_healed":0,"gold_gain":0,"player_choice":"Card Removal","damage_taken":0,"max_hp_gain":0,"max_hp_loss":0,"event_name":"The Cleric","floor":2,"gold_loss":50},{"damage_healed":0,"gold_gain":0,"player_choice":"Donut","damage_taken":0,"max_hp_gain":5,"max_hp_loss":0,"event_name":"Big Fish","floor":4,"gold_loss":0},{"cards_removed":["Strike_B"],"damage_healed":0,"gold_gain":0,"player_choice":"Purged","damage_taken":0,"max_hp_gain":0,"max_hp_loss":0,"event_name":"Purifier","floor":5,"gold_loss":0},{"cards_removed":["Strike_B"],"damage_healed":0,"gold_gain":0,"player_choice":"Purged","damage_taken":0,"max_hp_gain":0,"max_hp_loss":0,"event_name":"Purifier","floor":20,"gold_loss":0},{"damage_healed":0,"gold_gain":99,"player_choice":"Stole From Cult","damage_taken":0,"max_hp_gain":0,"max_hp_loss":0,"event_name":"Nest","floor":29,"gold_loss":0},{"damage_healed":0,"gold_gain":0,"cards_transformed":["Strike_B","Defend_B"],"player_choice":"Became Test Subject","damage_taken":0,"max_hp_gain":0,"max_hp_loss":0,"event_name":"Drug Dealer","floor":31,"gold_loss":0,"cards_obtained":["Steam Power","Go for the Eyes"]},{"damage_healed":0,"gold_gain":0,"player_choice":"Memory 3","damage_taken":10,"max_hp_gain":0,"max_hp_loss":0,"event_name":"SensoryStone","floor":37,"gold_loss":0},{"damage_healed":0,"gold_gain":0,"player_choice":"Paid","damage_taken":0,"relics_obtained":["Red Mask"],"max_hp_gain":0,"max_hp_loss":0,"event_name":"Tomb of Lord Red Mask","floor":39,"gold_loss":180},{"damage_healed":0,"gold_gain":0,"player_choice":"Upgrade","damage_taken":0,"relics_obtained":["Mark of the Bloom"],"max_hp_gain":0,"max_hp_loss":0,"event_name":"MindBloom","floor":46,"gold_loss":0,"cards_upgraded":["Defend_B","Defend_B","White Noise","Cold Snap","Leap","Glacier","Tempest","Fusion","Steam Power","Seek","Hologram","Capacitor","Discovery","Machine Learning","Reinforced Body"]}],"is_beta":false,"boss_relics":[{"not_picked":["Philosopher\u0027s Stone","Coffee Dripper"],"picked":"Snecko Eye"},{"not_picked":["Velvet Choker","Runic Dome"],"picked":"Tiny House"}],"items_purged_floors":[36,38,53],"is_endless":false,"potions_floor_spawned":[1,11,21,22,24,27,30,40,45,47,48,54],"ascension_level":10}