{"gold_per_floor":[119,119,119,129,16,16,51,51,51,77,77,88,113,127,127,230,280,295,295,295,295,135,149,149,183,183,183,193,207,45,70,70,165,165,179,190,140,154,254,254,303,303,328,340,350,361,374,388,388,388],"floor_reached":51,"playtime":7833,"items_purged":["Strike_R","Rupture"],"score":737,"play_id":"d2e33aee-fd13-4082-be2a-e86e9ec50972","local_time":"20190201210851","is_ascension_mode":false,"campfire_choices":[{"data":"Feel No Pain","floor":6,"key":"SMITH"},{"data":"Uppercut","floor":8,"key":"SMITH"},{"data":"Shockwave","floor":15,"key":"SMITH"},{"floor":24,"key":"REST"},{"floor":32,"key":"REST"},{"floor":40,"key":"REST"},{"floor":42,"key":"REST"},{"data":"Seeing Red","floor":49,"key":"SMITH"}],"neow_cost":"NONE","seed_source_timestamp":1214229439849953,"circlet_count":0,"master_deck":["Strike_R","Strike_R+1","Strike_R","Defend_R","Defend_R","Defend_R","Defend_R","Bash+1","Finesse","Clash","Uppercut+1","Feel No Pain","Feel No Pain+1","Infernal Blade","Seeing Red+1","Whirlwind+1","Shrug It Off+1","Shockwave+1","Bludgeon+1","Feed+1","Rage","Warcry","Necronomicurse","Dropkick+1","Feel No Pain","Warcry","Carnage+1","Feel No Pain","Double Tap","Shockwave","Bludgeon+1","Seeing Red","True Grit+1","Headbutt+1","Whirlwind+1","Metallicize+1","Sever Soul+1","Parasite","Battle Trance+1","Disarm+1","Battle Trance"],"relics":["Burning Blood","Letter Opener","Smiling Mask","Oddly Smooth Stone","Molten Egg 2","Whetstone","Tiny House","Necronomicon","MutagenicStrength","Ornamental Fan","Mummified Hand","Shuriken","Red Mask","Runic Cube","Champion Belt","Bird Faced Urn","Strawberry"],"potions_floor_usage":[16,18,33,33,44,45,46,50],"damage_taken":[{"damage":6,"enemies":"Jaw Worm","floor":1,"turns":3},{"damage":0,"enemies":"Small Slimes","floor":4,"turns":3},{"damage":24,"enemies":"Gremlin Nob","floor":7,"turns":4},{"damage":15,"enemies":"3 Sentries","floor":10,"turns":9},{"damage":0,"enemies":"Cultist","floor":12,"turns":3},{"damage":7,"enemies":"Lagavulin","floor":13,"turns":9},{"damage":9,"enemies":"3 Louse","floor":14,"turns":2},{"damage":40,"enemies":"Hexaghost","floor":16,"turns":8},{"damage":8,"enemies":"3 Byrds","floor":18,"turns":5},{"damage":12,"enemies":"Shell Parasite","floor":23,"turns":5},{"damage":14,"enemies":"Book of Stabbing","floor":25,"turns":4},{"damage":7,"enemies":"Centurion and Healer","floor":28,"turns":3},{"damage":1,"enemies":"Chosen and Byrds","floor":29,"turns":4},{"damage":8,"enemies":"Masked Bandits","floor":31,"turns":7},{"damage":38,"enemies":"Automaton","floor":33,"turns":7},{"damage":0,"enemies":"Orb Walker","floor":35,"turns":2},{"damage":0,"enemies":"3 Darklings","floor":36,"turns":6},{"damage":40,"enemies":"Sphere and 2 Shapes","floor":38,"turns":5},{"damage":0,"enemies":"Mind Bloom Boss Battle","floor":39,"turns":3},{"damage":55,"enemies":"2 Orb Walkers","floor":41,"turns":5},{"damage":7,"enemies":"Maw","floor":44,"turns":6},{"damage":7,"enemies":"Writhing Mass","floor":45,"turns":4},{"damage":3,"enemies":"Transient","floor":46,"turns":5},{"damage":12,"enemies":"Jaw Worm Horde","floor":47,"turns":3},{"damage":0,"enemies":"Spire Growth","floor":48,"turns":4},{"damage":34,"enemies":"Donu and Deca","floor":50,"turns":7}],"seed_played":"1125024981677467696","potions_obtained":[{"floor":1,"key":"FairyPotion"},{"floor":14,"key":"Swift Potion"},{"floor":16,"key":"Ancient Potion"},{"floor":17,"key":"SteroidPotion"},{"floor":23,"key":"LiquidBronze"},{"floor":31,"key":"Weak Potion"},{"floor":36,"key":"Ancient Potion"},{"floor":41,"key":"PowerPotion"},{"floor":45,"key":"AttackPotion"},{"floor":48,"key":"Block Potion"}],"is_trial":false,"path_per_floor":["M","?","?","M","$","R","E","R","T","E","?","M","E","M","R","B",null,"M","?","?","?","$","M","R","E","T","T","M","M","$","?","R","B",null,"M","M","$","M","?","R","?","R","T","M","M","M","M","M","R","B",null],"character_chosen":"IRONCLAD","items_purchased":["Feel No Pain","Infernal Blade","Dropkick+1","Feel No Pain","Double Tap"],"campfire_rested":4,"item_purchase_floors":[5,5,22,22,30],"current_hp_per_floor":[80,80,80,80,80,80,62,62,62,53,79,80,79,76,76,42,85,87,70,54,54,54,48,76,68,68,68,71,80,80,78,102,70,102,102,102,102,68,74,102,53,83,90,91,92,97,91,107,107,87],"gold":388,"neow_bonus":"RANDOM_COLORLESS","is_prod":false,"is_daily":false,"chose_seed":false,"campfire_upgraded":4,"win_rate":0.0,"timestamp":1549051731,"path_taken":["M","?","?","?","$","R","E","R","T","E","?","M","E","M","R","BOSS","M","?","?","?","$","M","R","E","T","?","M","M","$","?","R","BOSS","M","M","$","M","?","R","?","R","T","M","M","M","M","M","R","BOSS"],"build_version":"2019-01-23","purchased_purges":2,"victory":true,"max_hp_per_floor":[80,80,80,80,80,80,80,80,80,80,80,80,80,80,80,80,85,89,94,94,94,94,94,94,94,94,94,98,102,102,102,102,102,102,102,102,102,102,102,102,102,102,109,109,109,109,109,113,113,113],"card_choices":[{"not_picked":["True Grit","Burning Pact"],"picked":"Clash","floor":1},{"not_picked":["Disarm","Clash"],"picked":"Feel No Pain","floor":4},{"not_picked":["Searing Blow","True Grit"],"picked":"Seeing Red","floor":7},{"not_picked":["Anger","Rupture"],"picked":"Whirlwind","floor":10},{"not_picked":["Heavy Blade+1","Pommel Strike+1"],"picked":"Shrug It Off","floor":12},{"not_picked":["Iron Wave+1","Feel No Pain"],"picked":"Shockwave","floor":13},{"not_picked":["Pommel Strike+1","Ghostly Armor"],"picked":"Bludgeon+1","floor":14},{"not_picked":["Berserk","Dark Embrace"],"picked":"Feed+1","floor":16},{"not_picked":["Sword Boomerang+1","Twin Strike+1"],"picked":"Rage","floor":17},{"not_picked":["Sword Boomerang+1","Cleave+1"],"picked":"Warcry","floor":18},{"not_picked":["Bloodletting","Spot Weakness"],"picked":"Rupture","floor":23},{"not_picked":["Ghostly Armor","Feel No Pain"],"picked":"Warcry","floor":25},{"not_picked":["Headbutt+1","Reckless Charge+1"],"picked":"Carnage+1","floor":28},{"not_picked":["Bloodletting","Spot Weakness"],"picked":"Feel No Pain","floor":29},{"not_picked":["Heavy Blade+1","Body Slam+1"],"picked":"Shockwave","floor":31},{"not_picked":["Reaper+1","Demon Form"],"picked":"Bludgeon+1","floor":33},{"not_picked":["Clash+1","Infernal Blade+1"],"picked":"Seeing Red","floor":35},{"not_picked":["Body Slam+1","Inflame+1"],"picked":"True Grit+1","floor":36},{"not_picked":["Power Through+1","Shrug It Off"],"picked":"Headbutt+1","floor":38},{"not_picked":["Anger+1","Perfected Strike+1"],"picked":"Whirlwind+1","floor":39},{"not_picked":["True Grit","Pommel Strike+1"],"picked":"Metallicize+1","floor":41},{"not_picked":["Entrench","Thunderclap+1"],"picked":"Sever Soul+1","floor":44},{"not_picked":["True Grit+1","Clothesline+1"],"picked":"Battle Trance+1","floor":45},{"not_picked":["Fire Breathing","Thunderclap+1"],"picked":"Disarm+1","floor":46},{"not_picked":["Iron Wave+1","Clothesline+1","Sword Boomerang+1"],"picked":"SKIP","floor":47},{"not_picked":["Cleave+1","Twin Strike+1"],"picked":"Battle Trance","floor":48}],"player_experience":66486,"relics_obtained":[{"floor":3,"key":"Letter Opener"},{"floor":7,"key":"Smiling Mask"},{"floor":9,"key":"Oddly Smooth Stone"},{"floor":10,"key":"Molten Egg 2"},{"floor":13,"key":"Whetstone"},{"floor":20,"key":"Necronomicon"},{"floor":25,"key":"Ornamental Fan"},{"floor":26,"key":"Mummified Hand"},{"floor":27,"key":"Shuriken"},{"floor":31,"key":"Red Mask"},{"floor":39,"key":"Champion Belt"},{"floor":41,"key":"Bird Faced Urn"},{"floor":43,"key":"Strawberry"}],"event_choices":[{"damage_healed":0,"gold_gain":0,"cards_transformed":["Strike_R"],"player_choice":"Change","damage_taken":0,"max_hp_gain":0,"max_hp_loss":0,"event_name":"Living Wall","floor":2,"gold_loss":0,"cards_obtained":["Uppercut"]},{"damage_healed":0,"gold_gain":0,"player_choice":"Relic","damage_taken":0,"max_hp_gain":0,"max_hp_loss":0,"event_name":"Wheel of Change","floor":3,"gold_loss":0},{"damage_healed":26,"gold_gain":0,"player_choice":"Banana","damage_taken":0,"max_hp_gain":0,"max_hp_loss":0,"event_name":"Big Fish","floor":11,"gold_loss":0},{"damage_healed":0,"gold_gain":0,"player_choice":"Shed Blood","damage_taken":22,"max_hp_gain":5,"max_hp_loss":0,"event_name":"Forgotten Altar","floor":19,"gold_loss":0},{"damage_healed":0,"gold_gain":0,"player_choice":"Obtained Book","damage_taken":16,"max_hp_gain":0,"max_hp_loss":0,"event_name":"Cursed Tome","floor":20,"gold_loss":0},{"damage_healed":0,"gold_gain":0,"player_choice":"Inject Mutagens","damage_taken":0,"relics_obtained":["MutagenicStrength"],"max_hp_gain":0,"max_hp_loss":0,"event_name":"Drug Dealer","floor":21,"gold_loss":0},{"damage_healed":0,"gold_gain":0,"player_choice":"Fought Bandits","damage_taken":0,"max_hp_gain":0,"max_hp_loss":0,"event_name":"Masked Bandits","floor":31,"gold_loss":0},{"damage_healed":0,"gold_gain":0,"player_choice":"Fight","damage_taken":0,"max_hp_gain":0,"max_hp_loss":0,"event_name":"MindBloom","floor":39,"gold_loss":0},{"damage_healed":0,"gold_gain":0,"player_choice":"Fight","damage_taken":0,"max_hp_gain":0,"max_hp_loss":0,"event_name":"Mysterious Sphere","floor":41,"gold_loss":0}],"is_beta":false,"boss_relics":[{"not_picked":["Cursed Key","Sozu"],"picked":"Tiny House"},{"not_picked":["Snecko Eye","Empty Cage"],"picked":"Runic Cube"}],"items_purged_floors":[22,37],"is_endless":false,"potions_floor_spawned":[1,14,16,23,25,31,36,41,45,48],"ascension_level":0}