{"gold_per_floor":[111,61,61,77,95,108,122,122,200,200,210,228,257,277,277,382,382,394,414,429,344,269,301,301,320,320,333,362,362,46,58,58,160,160,180,197,197,1,1],"floor_reached":39,"playtime":2741,"items_purged":[],"score":477,"play_id":"ae4a79eb-841f-449d-a2a6-497b1e2ba6a9","local_time":"20190204130500","is_ascension_mode":false,"campfire_choices":[{"floor":8,"key":"RECALL"},{"data":"Zap","floor":10,"key":"SMITH"},{"floor":15,"key":"REST"},{"floor":24,"key":"REST"},{"floor":29,"key":"REST"},{"floor":32,"key":"REST"}],"neow_cost":"NONE","seed_source_timestamp":622917375047095,"circlet_count":0,"master_deck":["Strike_B","Strike_B","Defend_B","Defend_B","Defend_B","Zap+1","Dualcast","Redo","Hyperbeam","Conserve Battery","Capacitor","Genetic Algorithm","Ball Lightning","Coolheaded","Core Surge","Buffer","Hello World","Hologram","Creative AI","Turbo","Melter","Hologram","Chrysalis","Redo","Glacier","Coolheaded+1","Turbo","Doom and Gloom","Stack","Leap","Capacitor+1","Darkness","Decay"],"relics":["Cracked Core","DataDisk","Symbiotic Virus","Ginger","Nuclear Battery","Regal Pillow","Boot","Mummified Hand","Orrery","Strange Spoon"],"potions_floor_usage":[16,16,23,23,28],"damage_taken":[{"damage":0,"enemies":"Small Slimes","floor":1,"turns":2},{"damage":0,"enemies":"Cultist","floor":4,"turns":2},{"damage":0,"enemies":"2 Louse","floor":5,"turns":1},{"damage":8,"enemies":"Looter","floor":6,"turns":3},{"damage":0,"enemies":"2 Fungi Beasts","floor":7,"turns":3},{"damage":11,"enemies":"Blue Slaver","floor":11,"turns":2},{"damage":2,"enemies":"Looter","floor":12,"turns":2},{"damage":30,"enemies":"Lagavulin","floor":13,"turns":6},{"damage":1,"enemies":"Red Slaver","floor":14,"turns":3},{"damage":27,"enemies":"The Guardian","floor":16,"turns":7},{"damage":3,"enemies":"3 Byrds","floor":18,"turns":5},{"damage":0,"enemies":"Chosen","floor":19,"turns":5},{"damage":11,"enemies":"Snake Plant","floor":20,"turns":4},{"damage":37,"enemies":"Slavers","floor":23,"turns":4},{"damage":27,"enemies":"Centurion and Healer","floor":25,"turns":5},{"damage":0,"enemies":"3 Cultists","floor":27,"turns":5},{"damage":38,"enemies":"Gremlin Leader","floor":28,"turns":6},{"damage":0,"enemies":"Snecko","floor":31,"turns":6},{"damage":0,"enemies":"Automaton","floor":33,"turns":10},{"damage":38,"enemies":"3 Darklings","floor":35,"turns":5},{"damage":32,"enemies":"Orb Walker","floor":36,"turns":5},{"damage":10,"enemies":"Spire Growth","floor":39,"turns":2}],"seed_played":"-3476034938725530514","potions_obtained":[{"floor":1,"key":"SpeedPotion"},{"floor":4,"key":"LiquidBronze"},{"floor":13,"key":"Fire Potion"},{"floor":14,"key":"FocusPotion"},{"floor":16,"key":"PowerPotion"},{"floor":20,"key":"FairyPotion"},{"floor":25,"key":"Energy Potion"},{"floor":28,"key":"FocusPotion"},{"floor":31,"key":"Fire Potion"},{"floor":35,"key":"SteroidPotion"},{"floor":36,"key":"Explosive Potion"}],"is_trial":false,"path_per_floor":["M","?","?","M","M","M","M","R","T","R","M","M","E","M","R","B",null,"M","M","M","?","?","E","R","M","T","M","E","R","$","M","R","B",null,"M","M","?","$","M"],"character_chosen":"DEFECT","items_purchased":["Melter","Hologram","Chrysalis","Redo","Strange Spoon"],"campfire_rested":4,"item_purchase_floors":[30,30,30,30,38],"current_hp_per_floor":[75,75,75,75,75,67,67,67,67,67,56,54,24,23,45,18,75,72,72,61,61,61,24,61,34,34,34,7,44,44,44,75,75,75,37,5,5,5,0],"gold":1,"neow_bonus":"RANDOM_COMMON_RELIC","is_prod":false,"is_daily":false,"chose_seed":false,"campfire_upgraded":1,"win_rate":0,"timestamp":1549292700,"path_taken":["M","?","?","M","M","M","M","R","T","R","M","?","E","M","R","BOSS","M","M","M","?","?","E","R","M","T","M","E","R","$","M","R","BOSS","M","M","?","$","M"],"build_version":"2019-01-23","purchased_purges":0,"victory":false,"max_hp_per_floor":[75,75,75,75,75,75,75,75,75,75,75,75,75,75,75,75,75,75,75,75,75,75,75,75,75,75,75,75,75,75,75,75,75,75,75,75,75,75,75],"card_choices":[{"not_picked":["Static Discharge","Double Energy"],"picked":"Redo","floor":1},{"not_picked":["Go for the Eyes","Ball Lightning"],"picked":"Conserve Battery","floor":4},{"not_picked":["Redo","Rebound"],"picked":"Capacitor","floor":5},{"not_picked":["Beam Cell","Amplify","Ball Lightning"],"picked":"SKIP","floor":6},{"not_picked":["Steam","Leap"],"picked":"Genetic Algorithm","floor":7},{"not_picked":["Sweeping Beam","Steam"],"picked":"Ball Lightning","floor":11},{"not_picked":["Rebound","Beam Cell","Stack"],"picked":"SKIP","floor":12},{"not_picked":["Sweeping Beam","Reinforced Body"],"picked":"Coolheaded","floor":13},{"not_picked":["Cold Snap","Leap"],"picked":"Core Surge","floor":14},{"not_picked":["Fission","Multi-Cast"],"picked":"Buffer","floor":16},{"not_picked":["Streamline","Beam Cell"],"picked":"Hello World","floor":18},{"not_picked":["Stack","Ball Lightning"],"picked":"Hologram","floor":19},{"not_picked":["Streamline","Ball Lightning","Force Field"],"picked":"SKIP","floor":20},{"not_picked":["Beam Cell","Ball Lightning"],"picked":"Creative AI","floor":23},{"not_picked":["Hello World","Stack","Cold Snap"],"picked":"SKIP","floor":25},{"not_picked":["Rip and Tear+1","Storm+1","Ball Lightning"],"picked":"SKIP","floor":27},{"not_picked":["Darkness","Barrage+1"],"picked":"Turbo","floor":28},{"not_picked":["Biased Cognition","Steam"],"picked":"Glacier","floor":31},{"not_picked":["Beam Cell","Melter"],"picked":"Coolheaded+1","floor":34},{"not_picked":["Leap","Ball Lightning"],"picked":"Turbo","floor":34},{"not_picked":["Undo","Creative AI"],"picked":"Doom and Gloom","floor":34},{"not_picked":["Sweeping Beam+1","Beam Cell"],"picked":"Stack","floor":34},{"not_picked":["Go for the Eyes","Gash"],"picked":"Leap","floor":34},{"not_picked":["Go for the Eyes","Cold Snap+1"],"picked":"Capacitor+1","floor":35},{"not_picked":["Gash","Sunder+1"],"picked":"Darkness","floor":36}],"player_experience":356451,"relics_obtained":[{"floor":9,"key":"Symbiotic Virus"},{"floor":13,"key":"Ginger"},{"floor":23,"key":"Boot"},{"floor":28,"key":"Mummified Hand"}],"event_choices":[{"cards_removed":["Strike_B"],"damage_healed":0,"gold_gain":0,"player_choice":"Card Removal","damage_taken":0,"max_hp_gain":0,"max_hp_loss":0,"event_name":"The Cleric","floor":2,"gold_loss":50},{"damage_healed":0,"gold_gain":0,"cards_transformed":["Defend_B"],"player_choice":"Transformed","damage_taken":0,"max_hp_gain":0,"max_hp_loss":0,"event_name":"Transmorgrifier","floor":3,"gold_loss":0,"cards_obtained":["Hyperbeam"]},{"damage_healed":0,"gold_gain":0,"player_choice":"Obtained Relic","damage_taken":0,"relics_obtained":["Regal Pillow"],"max_hp_gain":0,"max_hp_loss":0,"event_name":"Addict","floor":21,"gold_loss":85},{"cards_removed":["Strike_B"],"damage_healed":0,"gold_gain":0,"player_choice":"Gave Gold","damage_taken":0,"max_hp_gain":0,"max_hp_loss":0,"event_name":"Beggar","floor":22,"gold_loss":75},{"damage_healed":0,"gold_gain":0,"player_choice":"Cursed","damage_taken":0,"max_hp_gain":0,"max_hp_loss":0,"event_name":"Wheel of Change","floor":37,"gold_loss":0,"cards_obtained":["Decay"]}],"is_beta":false,"boss_relics":[{"not_picked":["Ectoplasm","Empty Cage"],"picked":"Nuclear Battery"},{"not_picked":["Fusion Hammer","Philosopher\u0027s Stone"],"picked":"Orrery"}],"items_purged_floors":[],"is_endless":false,"potions_floor_spawned":[1,4,13,14,16,20,25,28,31,35,36],"killed_by":"Spire Growth","ascension_level":0}