{"gold_per_floor":[118,2,77,87,102,119,139,64,64,80,80,80,24,49,49,128,128,147,11,0,10,30,30,30,48,73,85,97,126,150,177,189,201],"floor_reached":33,"playtime":2020,"items_purged":[],"score":470,"play_id":"dc3dd9b1-90bd-4cca-b206-de698052f3b7","local_time":"20180910134238","is_ascension_mode":true,"campfire_choices":[{"data":"Uppercut","floor":12,"key":"SMITH"},{"data":"True Grit","floor":15,"key":"SMITH"},{"data":"Inflame","floor":23,"key":"SMITH"},{"floor":28,"key":"REST"},{"floor":32,"key":"REST"}],"neow_cost":"","seed_source_timestamp":1509662062382,"circlet_count":0,"master_deck":["Strike_R","Strike_R","Strike_R","Strike_R+1","Strike_R","Defend_R","Defend_R","Defend_R","Bash","AscendersBane","Clash+1","True Grit+1","Clothesline","Headbutt","Reaper","Uppercut+1","Flame Barrier","Havoc+1","Armaments+1","Reaper","Thunderclap","Ghostly Armor+1","Inflame+1","Warcry+1","True Grit+1","RitualDagger","Dropkick","Demon Form","Sentinel+1","Spot Weakness+1"],"relics":["Burning Blood","Toxic Egg 2","Bag of Marbles","Sozu","MawBank"],"potions_floor_usage":[16,16],"damage_taken":[{"damage":8,"enemies":"Small Slimes","floor":1,"turns":5},{"damage":2,"enemies":"Jaw Worm","floor":4,"turns":4},{"damage":2,"enemies":"2 Louse","floor":5,"turns":3},{"damage":24,"enemies":"Lots of Slimes","floor":6,"turns":6},{"damage":2,"enemies":"Large Slime","floor":7,"turns":5},{"damage":14,"enemies":"3 Louse","floor":10,"turns":4},{"damage":30,"enemies":"Slime Boss","floor":16,"turns":7},{"damage":22,"enemies":"Shell Parasite","floor":18,"turns":6},{"damage":13,"enemies":"2 Thieves","floor":21,"turns":4},{"damage":24,"enemies":"Snake Plant","floor":22,"turns":4},{"damage":21,"enemies":"Sentry and Sphere","floor":25,"turns":6},{"damage":27,"enemies":"3 Cultists","floor":29,"turns":5},{"damage":8,"enemies":"Cultist and Chosen","floor":30,"turns":5},{"damage":13,"enemies":"Snecko","floor":31,"turns":3},{"damage":88,"enemies":"Collector","floor":33,"turns":8}],"seed_played":"-7749144264705181245","potions_obtained":[{"floor":1,"key":"PowerPotion"},{"floor":5,"key":"Energy Potion"},{"floor":6,"key":"PowerPotion"}],"is_trial":false,"path_per_floor":["M","$","?","M","M","M","M","?","T","M","?","R","$","T","R","B",null,"M","$","?","M","M","R","?","M","T","$","R","M","M","M","R"],"character_chosen":"IRONCLAD","items_purchased":["True Grit","Clothesline","Armaments+1","Ghostly Armor+1","Inflame"],"campfire_rested":2,"item_purchase_floors":[2,2,13,19,19],"current_hp_per_floor":[66,66,55,59,63,53,63,63,63,63,40,40,40,40,40,22,62,56,56,56,61,49,49,43,28,28,28,50,40,48,41,63,0],"gold":201,"neow_bonus":"","is_prod":false,"is_daily":false,"chose_seed":false,"campfire_upgraded":3,"win_rate":0,"timestamp":1536601358,"path_taken":["M","$","?","?","M","M","M","?","T","M","?","R","?","?","R","BOSS","M","$","?","?","M","R","?","M","T","$","R","M","M","?","R","BOSS"],"build_version":"2018-09-06","purchased_purges":0,"victory":false,"max_hp_per_floor":[75,75,75,75,75,75,75,75,75,75,75,75,75,75,75,75,75,75,75,75,75,75,75,75,75,75,75,75,75,75,75,75,75],"card_choices":[{"not_picked":["Reckless Charge","Havoc"],"picked":"Clash","floor":1},{"not_picked":["Anger","Perfected Strike"],"picked":"Headbutt","floor":4},{"not_picked":["Rage","Clothesline"],"picked":"Reaper","floor":5},{"not_picked":["Anger","Perfected Strike"],"picked":"Uppercut","floor":6},{"not_picked":["Infernal Blade","Body Slam"],"picked":"Flame Barrier","floor":7},{"not_picked":["Pommel Strike","Heavy Blade"],"picked":"Havoc+1","floor":10},{"not_picked":["Juggernaut","Berserk"],"picked":"Reaper","floor":16},{"not_picked":["Fire Breathing","Pommel Strike"],"picked":"Thunderclap","floor":18},{"not_picked":["Iron Wave","Body Slam+1"],"picked":"Warcry+1","floor":21},{"not_picked":["Armaments+1","Cleave"],"picked":"True Grit+1","floor":22},{"not_picked":["Dropkick","Cleave","Sentinel+1"],"picked":"SKIP","floor":25},{"not_picked":["Cleave","Sentinel+1"],"picked":"Dropkick","floor":25},{"not_picked":["Cleave+1","Sword Boomerang"],"picked":"Demon Form","floor":29},{"not_picked":["Armaments+1","Sever Soul"],"picked":"Sentinel+1","floor":30},{"not_picked":["Anger+1","Wild Strike"],"picked":"Spot Weakness+1","floor":31}],"player_experience":2697660,"relics_obtained":[{"floor":9,"key":"Toxic Egg 2"},{"floor":14,"key":"Bag of Marbles"},{"floor":26,"key":"MawBank"}],"event_choices":[{"event_name":"World of Goop","player_choice":"Gather Gold","floor":3,"damage_taken":0},{"event_name":"The Cleric","player_choice":"Card Removal","floor":8,"damage_taken":0},{"event_name":"Shining Light","player_choice":"Entered Light","floor":11,"damage_taken":0},{"event_name":"Masked Bandits","player_choice":"Paid Fearfully","floor":20,"damage_taken":0},{"event_name":"Nest","player_choice":"Joined the Cult","floor":24,"damage_taken":0}],"is_beta":false,"boss_relics":[{"not_picked":["Orrery","Tiny House"],"picked":"Sozu"}],"items_purged_floors":[],"is_endless":false,"potions_floor_spawned":[1,5,6,18,25],"killed_by":"Collector","ascension_level":19}