{"gold_per_floor":[113,113,124,137,156,156,166,166,196,213,238,23,49,49,49,153,153,172,172,220,26,43,60,60,70,70,105,117,133,133,159,159,262,262,272,59,59,59,76,76,102,113,113,33,59,59,91,101,101,101,101,101,1,36,36],"floor_reached":56,"playtime":2540,"items_purged":["Strike_R","Strike_R","Strike_R"],"score":1569,"play_id":"643dd57b-9476-490f-a2f6-d244b14fedcd","local_time":"20190203231550","is_ascension_mode":true,"campfire_choices":[{"data":"Clothesline","floor":6,"key":"SMITH"},{"data":"Cleave","floor":8,"key":"SMITH"},{"data":"Demon Form","floor":15,"key":"SMITH"},{"data":"Limit Break","floor":30,"key":"SMITH"},{"data":"Mind Blast","floor":32,"key":"SMITH"},{"data":"Corruption","floor":40,"key":"SMITH"},{"data":"Offering","floor":46,"key":"SMITH"},{"floor":49,"key":"RECALL"},{"data":"Heavy Blade","floor":52,"key":"SMITH"}],"neow_cost":"NONE","seed_source_timestamp":192917793851100,"circlet_count":0,"master_deck":["Defend_R","Defend_R","Defend_R","Defend_R","Bash+1","Cleave+1","Mind Blast+1","Reaper","True Grit","Clothesline+1","Flex","Shrug It Off","Wild Strike","Anger+1","Flex","Demon Form+1","Offering","Ghostly","Ghostly","Ghostly","Ghostly","Ghostly","Feel No Pain","True Grit+1","Infernal Blade+1","Limit Break+1","Offering+1","Corruption+1","Shrug It Off+1","Whirlwind+1","Heavy Blade+1","Intimidate+1"],"relics":["Burning Blood","Tiny Chest","Vajra","Sling","The Courier","Sozu","Whetstone","Singing Bowl","Turnip","Orichalcum","Mark of Pain","Brimstone","Bottled Lightning","Bottled Flame","Centennial Puzzle","Blue Candle","Mercury Hourglass"],"potions_floor_usage":[7,11,16,27,50],"damage_taken":[{"damage":0,"enemies":"Small Slimes","floor":1,"turns":3},{"damage":1,"enemies":"Cultist","floor":3,"turns":3},{"damage":9,"enemies":"Jaw Worm","floor":4,"turns":4},{"damage":5,"enemies":"Blue Slaver","floor":5,"turns":6},{"damage":18,"enemies":"Exordium Wildlife","floor":7,"turns":4},{"damage":5,"enemies":"Looter","floor":10,"turns":3},{"damage":8,"enemies":"Gremlin Nob","floor":11,"turns":3},{"damage":23,"enemies":"Lagavulin","floor":13,"turns":4},{"damage":55,"enemies":"Hexaghost","floor":16,"turns":10},{"damage":28,"enemies":"2 Thieves","floor":18,"turns":3},{"damage":9,"enemies":"Shell Parasite","floor":22,"turns":4},{"damage":8,"enemies":"Snecko","floor":23,"turns":7},{"damage":6,"enemies":"3 Cultists","floor":25,"turns":6},{"damage":27,"enemies":"Slavers","floor":27,"turns":7},{"damage":11,"enemies":"Centurion and Healer","floor":28,"turns":7},{"damage":28,"enemies":"Chosen and Byrds","floor":29,"turns":8},{"damage":7,"enemies":"Gremlin Leader","floor":31,"turns":8},{"damage":51,"enemies":"Collector","floor":33,"turns":12},{"damage":0,"enemies":"3 Shapes","floor":35,"turns":4},{"damage":9,"enemies":"Orb Walker","floor":39,"turns":3},{"damage":17,"enemies":"Giant Head","floor":41,"turns":7},{"damage":20,"enemies":"3 Darklings","floor":42,"turns":4},{"damage":34,"enemies":"Reptomancer","floor":47,"turns":4},{"damage":1,"enemies":"Transient","floor":48,"turns":5},{"damage":23,"enemies":"Awakened One","floor":50,"turns":8},{"damage":31,"enemies":"Shield and Spear","floor":54,"turns":4},{"damage":64,"enemies":"The Heart","floor":55,"turns":9}],"seed_played":"-2686749026976522854","potions_obtained":[{"floor":4,"key":"Block Potion"},{"floor":5,"key":"Weak Potion"},{"floor":7,"key":"Swift Potion"},{"floor":10,"key":"FearPotion"},{"floor":13,"key":"Strength Potion"}],"is_trial":false,"path_per_floor":["M","?","M","M","M","R","M","R","T","M","E","$","E","?","R","B",null,"M","?","T","$","M","M","?","M","T","E","M","M","R","E","R","B",null,"M","$","?","?","M","R","E","M","T","$","T","R","E","M","R","B",null,"R","$","E","B",null],"character_chosen":"IRONCLAD","items_purchased":["Sling","Flex","Singing Bowl","Brimstone"],"campfire_rested":0,"item_purchase_floors":[12,12,21,36],"current_hp_per_floor":[78,78,80,77,78,78,77,77,77,78,76,76,59,64,64,17,68,60,42,42,42,39,42,42,42,42,23,46,32,32,33,33,12,39,48,48,50,50,49,49,52,46,46,46,46,46,23,52,52,54,54,54,54,54,17],"gold":36,"neow_bonus":"REMOVE_CARD","is_prod":false,"is_daily":false,"chose_seed":false,"campfire_upgraded":8,"win_rate":0,"timestamp":1549260950,"path_taken":["M","?","M","M","?","R","M","R","T","M","E","$","E","?","R","BOSS","M","?","?","?","M","M","?","M","T","E","?","M","R","E","R","BOSS","M","$","?","?","?","R","E","M","T","?","?","R","E","M","R","BOSS","R","$","E","BOSS"],"build_version":"2019-01-23","purchased_purges":3,"victory":true,"max_hp_per_floor":[80,80,80,80,80,80,80,80,80,80,80,80,80,85,85,85,85,85,42,42,42,42,42,42,42,42,44,46,46,46,48,48,48,48,48,48,50,50,52,52,52,52,52,52,52,52,54,54,54,54,54,54,54,54,54],"card_choices":[{"not_picked":["Heavy Blade","Burning Pact"],"picked":"Cleave","floor":1},{"not_picked":["Clothesline","Evolve"],"picked":"True Grit","floor":3},{"not_picked":["Havoc","Wild Strike"],"picked":"Clothesline","floor":4},{"not_picked":["Rage","Heavy Blade"],"picked":"Flex","floor":5},{"not_picked":["Flex","Dark Embrace"],"picked":"Shrug It Off","floor":7},{"not_picked":["Warcry","Second Wind"],"picked":"Wild Strike","floor":10},{"not_picked":["Iron Wave","True Grit"],"picked":"Anger","floor":11},{"not_picked":["Cleave","Combust"],"picked":"Demon Form","floor":13},{"not_picked":["Feed","Demon Form"],"picked":"Offering","floor":16},{"not_picked":["Twin Strike","Sever Soul","Armaments+1"],"picked":"SKIP","floor":18},{"not_picked":["Pummel","Rampage+1"],"picked":"Feel No Pain","floor":22},{"not_picked":["Ghostly Armor","Sentinel+1"],"picked":"True Grit+1","floor":23},{"not_picked":["Bloodletting","Rampage"],"picked":"Infernal Blade+1","floor":25},{"not_picked":["Perfected Strike","Iron Wave","Thunderclap"],"picked":"Singing Bowl","floor":27},{"not_picked":["Perfected Strike","Twin Strike","Flame Barrier"],"picked":"Singing Bowl","floor":28},{"not_picked":["Bloodletting","Carnage+1"],"picked":"Limit Break","floor":29},{"not_picked":["Cleave","Anger","Flex"],"picked":"Singing Bowl","floor":31},{"not_picked":["Immolate","Brutality"],"picked":"Offering","floor":33},{"not_picked":["Bloodletting+1","Wild Strike"],"picked":"Corruption","floor":35},{"not_picked":["Chrysalis","Apotheosis","Trip"],"picked":"Singing Bowl","floor":37},{"not_picked":["Cleave+1","Second Wind+1","Ghostly Armor+1"],"picked":"Singing Bowl","floor":39},{"not_picked":["Sever Soul+1","True Grit+1"],"picked":"Shrug It Off+1","floor":41},{"not_picked":["Armaments","Flex"],"picked":"Whirlwind+1","floor":42},{"not_picked":["Juggernaut","Anger+1","Clothesline+1"],"picked":"Singing Bowl","floor":47},{"not_picked":["Twin Strike","Wild Strike"],"picked":"Heavy Blade","floor":48},{"not_picked":["Thunderclap+1","Perfected Strike"],"picked":"Intimidate+1","floor":54}],"player_experience":295737,"relics_obtained":[{"floor":9,"key":"Tiny Chest"},{"floor":11,"key":"Vajra"},{"floor":13,"key":"The Courier"},{"floor":20,"key":"Whetstone"},{"floor":27,"key":"Turnip"},{"floor":31,"key":"Orichalcum"},{"floor":41,"key":"Bottled Lightning"},{"floor":43,"key":"Bottled Flame"},{"floor":45,"key":"Centennial Puzzle"},{"floor":47,"key":"Blue Candle"},{"floor":54,"key":"Mercury Hourglass"}],"event_choices":[{"damage_healed":0,"gold_gain":0,"player_choice":"2 cards matched","damage_taken":0,"max_hp_gain":0,"max_hp_loss":0,"event_name":"Match and Keep!","floor":2,"gold_loss":0,"cards_obtained":["Mind Blast","Reaper"]},{"damage_healed":0,"gold_gain":0,"player_choice":"Donut","damage_taken":0,"max_hp_gain":5,"max_hp_loss":0,"event_name":"Big Fish","floor":14,"gold_loss":0},{"damage_healed":0,"gold_gain":0,"player_choice":"Became a Ghost","damage_taken":0,"max_hp_gain":0,"max_hp_loss":43,"event_name":"Ghosts","floor":19,"gold_loss":0,"cards_obtained":["Ghostly","Ghostly","Ghostly","Ghostly","Ghostly"]},{"damage_healed":0,"gold_gain":0,"player_choice":"Got Potions","damage_taken":0,"max_hp_gain":0,"max_hp_loss":0,"event_name":"Lab","floor":24,"gold_loss":0},{"damage_healed":0,"gold_gain":0,"player_choice":"Memory 1","damage_taken":0,"max_hp_gain":0,"max_hp_loss":0,"event_name":"SensoryStone","floor":37,"gold_loss":0},{"cards_removed":["Strike_R"],"damage_healed":0,"gold_gain":0,"player_choice":"Offered Basic","damage_taken":0,"max_hp_gain":0,"max_hp_loss":0,"event_name":"Bonfire Elementals","floor":38,"gold_loss":0}],"is_beta":false,"boss_relics":[{"not_picked":["Runic Dome","Astrolabe"],"picked":"Sozu"},{"not_picked":["Coffee Dripper","Black Blood"],"picked":"Mark of Pain"}],"items_purged_floors":[36,44,53],"is_endless":false,"potions_floor_spawned":[4,5,7,10,13,22,25,27,33,42,47,48,54],"ascension_level":6}