{"gold_per_floor":[119,131,131,149,159,190,190,205,205,231,406,406,406,419,419,522,522,541,541,553,553,569,569],"floor_reached":23,"playtime":1758,"items_purged":[],"score":213,"play_id":"04c9c1c1-27de-45da-9f9e-0dec4a0c8571","local_time":"20190122153630","is_ascension_mode":true,"campfire_choices":[{"data":"White Noise","floor":7,"key":"SMITH"},{"floor":15,"key":"REST"}],"neow_cost":"NONE","seed_source_timestamp":1106141803441081,"circlet_count":0,"master_deck":["Strike_B","Strike_B+1","Defend_B","Defend_B","Defend_B","Defend_B","Zap+1","Dualcast","Doom and Gloom","Defragment","White Noise+1","Electrodynamics","Conserve Battery","Machine Learning+1","Doubt","Thunder Strike","Biased Cognition","Defragment","Capacitor","All For One","White Noise","Barrage+1"],"relics":["Cracked Core","Ornamental Fan","Singing Bowl","Boot","Lizard Tail"],"potions_floor_usage":[10,16,22,23],"damage_taken":[{"damage":1,"enemies":"Jaw Worm","floor":1,"turns":3},{"damage":1,"enemies":"Cultist","floor":2,"turns":3},{"damage":0,"enemies":"2 Louse","floor":4,"turns":2},{"damage":5,"enemies":"Looter","floor":5,"turns":3},{"damage":24,"enemies":"Gremlin Nob","floor":6,"turns":4},{"damage":9,"enemies":"2 Fungi Beasts","floor":8,"turns":2},{"damage":8,"enemies":"Lagavulin","floor":10,"turns":7},{"damage":4,"enemies":"Red Slaver","floor":14,"turns":3},{"damage":6,"enemies":"Slime Boss","floor":16,"turns":6},{"damage":25,"enemies":"Chosen","floor":18,"turns":5},{"damage":44,"enemies":"2 Thieves","floor":20,"turns":4},{"damage":21,"enemies":"Snake Plant","floor":22,"turns":5},{"damage":24,"enemies":"Gremlin Leader","floor":23,"turns":2}],"seed_played":"-8209007894010678378","potions_obtained":[{"floor":4,"key":"Swift Potion"},{"floor":6,"key":"LiquidBronze"},{"floor":8,"key":"Dexterity Potion"},{"floor":20,"key":"Block Potion"},{"floor":22,"key":"PowerPotion"}],"is_trial":false,"path_per_floor":["M","M","?","M","M","E","R","M","T","E","?","?","?","M","R","B",null,"M","?","M","?","M","E"],"character_chosen":"DEFECT","items_purchased":[],"campfire_rested":1,"item_purchase_floors":[],"current_hp_per_floor":[74,73,73,73,68,44,44,35,35,27,27,12,12,10,33,27,77,52,38,41,41,20,0],"gold":569,"neow_bonus":"THREE_CARDS","is_prod":false,"is_daily":false,"chose_seed":false,"campfire_upgraded":1,"win_rate":0,"timestamp":1548192990,"path_taken":["M","M","?","M","?","E","R","M","T","E","?","?","?","M","R","BOSS","M","?","M","?","M","E"],"build_version":"2019-01-17v2","purchased_purges":0,"victory":false,"max_hp_per_floor":[75,75,75,75,75,75,75,75,75,75,75,75,75,77,77,77,77,77,82,82,82,82,82],"card_choices":[{"not_picked":["Chill","Barrage"],"picked":"Streamline","floor":0},{"not_picked":["Streamline","Ball Lightning"],"picked":"Doom and Gloom","floor":1},{"not_picked":["Streamline","Rebound","Reboot"],"picked":"SKIP","floor":2},{"not_picked":["Barrage","Conserve Battery"],"picked":"Defragment","floor":4},{"not_picked":["Fusion","Rebound"],"picked":"White Noise","floor":5},{"not_picked":["Aggregate","Barrage"],"picked":"Electrodynamics","floor":6},{"not_picked":["Cold Snap","Coolheaded"],"picked":"Conserve Battery","floor":8},{"not_picked":["Double Energy","Steam Power"],"picked":"Machine Learning","floor":10},{"not_picked":["Steam","Chill","Aggregate"],"picked":"Singing Bowl","floor":14},{"not_picked":["Multi-Cast","Hyperbeam"],"picked":"Biased Cognition","floor":16},{"not_picked":["Steam Power","Barrage"],"picked":"Defragment","floor":18},{"not_picked":["Reprogram","Conserve Battery"],"picked":"Capacitor","floor":20},{"not_picked":["Compile Driver","Steam"],"picked":"Barrage+1","floor":22}],"player_experience":280575,"relics_obtained":[{"floor":6,"key":"Ornamental Fan"},{"floor":9,"key":"Singing Bowl"},{"floor":10,"key":"Boot"}],"event_choices":[{"damage_healed":0,"gold_gain":0,"player_choice":"Upgraded","damage_taken":0,"max_hp_gain":0,"max_hp_loss":0,"event_name":"Upgrade Shrine","floor":3,"gold_loss":0,"cards_upgraded":["Zap"]},{"damage_healed":0,"gold_gain":175,"player_choice":"AGREE","damage_taken":0,"max_hp_gain":0,"max_hp_loss":0,"event_name":"Liars Game","floor":11,"gold_loss":0,"cards_obtained":["Doubt"]},{"damage_healed":0,"gold_gain":0,"player_choice":"Entered Light","damage_taken":15,"max_hp_gain":0,"max_hp_loss":0,"event_name":"Shining Light","floor":12,"gold_loss":0,"cards_upgraded":["Strike_B","Machine Learning"]},{"damage_healed":0,"gold_gain":0,"cards_transformed":["Streamline"],"player_choice":"Transformed","damage_taken":0,"max_hp_gain":0,"max_hp_loss":0,"event_name":"Transmorgrifier","floor":13,"gold_loss":0,"cards_obtained":["Thunder Strike"]},{"damage_healed":0,"gold_gain":0,"player_choice":"Shed Blood","damage_taken":19,"max_hp_gain":5,"max_hp_loss":0,"event_name":"Forgotten Altar","floor":19,"gold_loss":0},{"damage_healed":0,"gold_gain":0,"cards_transformed":["Strike_B","Strike_B"],"player_choice":"Became Test Subject","damage_taken":0,"max_hp_gain":0,"max_hp_loss":0,"event_name":"Drug Dealer","floor":21,"gold_loss":0,"cards_obtained":["All For One","White Noise"]}],"is_beta":false,"boss_relics":[{"not_picked":["White Beast Statue","Velvet Choker"],"picked":"Lizard Tail"}],"items_purged_floors":[],"is_endless":false,"potions_floor_spawned":[4,6,8,20,22],"killed_by":"Gremlin Leader","ascension_level":1}