{"gold_per_floor":[216,216,33,33,48,48,75,90,90,16,16],"floor_reached":11,"playtime":238,"items_purged":["Strike_B"],"score":117,"play_id":"dd5107f6-e874-44d2-8778-cefcc6c065c4","local_time":"20190107002637","is_ascension_mode":true,"campfire_choices":[{"floor":6,"key":"REST"}],"neow_cost":"NONE","seed_source_timestamp":1233471291586974,"circlet_count":0,"master_deck":["AscendersBane","Strike_B","Strike_B","Strike_B","Defend_B","Defend_B","Defend_B+1","Defend_B","Zap","Dualcast+1","Turbo","Ball Lightning","Loop","Decay","Melter","Conserve Battery","Echo Form"],"relics":["Cracked Core","Darkstone Periapt","Gremlin Horn","Dodecahedron"],"potions_floor_usage":[7],"damage_taken":[{"damage":9,"enemies":"Jaw Worm","floor":1,"turns":4},{"damage":2,"enemies":"Small Slimes","floor":5,"turns":2},{"damage":30,"enemies":"Gremlin Nob","floor":7,"turns":4},{"damage":2,"enemies":"Cultist","floor":8,"turns":3},{"damage":32,"enemies":"Gremlin Gang","floor":11,"turns":3}],"seed_played":"639194189998745533","potions_obtained":[{"floor":5,"key":"SneckoOil"}],"is_trial":false,"path_per_floor":["M","?","$","?","M","R","E","M","T","?","M"],"character_chosen":"DEFECT","items_purchased":["Ball Lightning","Loop"],"campfire_rested":1,"item_purchase_floors":[3,3],"current_hp_per_floor":[59,44,44,44,42,64,34,32,32,32,0],"gold":16,"neow_bonus":"HUNDRED_GOLD","is_prod":false,"is_daily":false,"chose_seed":false,"campfire_upgraded":0,"win_rate":0,"timestamp":1546838797,"path_taken":["M","?","$","?","?","R","E","?","T","?","M"],"build_version":"2019-01-03v4","purchased_purges":1,"victory":false,"max_hp_per_floor":[75,75,75,75,75,75,75,75,75,75,75],"card_choices":[{"not_picked":["Coolheaded","Rebound"],"picked":"Turbo","floor":1},{"not_picked":["Beam Cell","Steam"],"picked":"Melter","floor":5},{"not_picked":["Static Discharge","Streamline"],"picked":"Conserve Battery","floor":7},{"not_picked":["Beam Cell","Reinforced Body"],"picked":"Echo Form","floor":8}],"player_experience":476203,"relics_obtained":[{"floor":7,"key":"Darkstone Periapt"},{"floor":9,"key":"Gremlin Horn"}],"event_choices":[{"damage_healed":0,"gold_gain":0,"player_choice":"Entered Light","damage_taken":15,"max_hp_gain":0,"max_hp_loss":0,"event_name":"Shining Light","floor":2,"gold_loss":0,"cards_upgraded":["Dualcast","Defend_B"]},{"damage_healed":0,"gold_gain":0,"player_choice":"Cursed","damage_taken":0,"max_hp_gain":0,"max_hp_loss":0,"event_name":"Wheel of Change","floor":4,"gold_loss":0,"cards_obtained":["Decay"]},{"damage_healed":0,"gold_gain":0,"player_choice":"Paid Gold","damage_taken":0,"relics_obtained":["Dodecahedron"],"max_hp_gain":0,"max_hp_loss":0,"event_name":"WeMeetAgain","floor":10,"gold_loss":74}],"is_beta":false,"boss_relics":[],"items_purged_floors":[3],"is_endless":false,"potions_floor_spawned":[5],"killed_by":"Gremlin Gang","ascension_level":13}