{"gold_per_floor":[113,113,38,38,38,38,52,86,86,86,86,120,195,209,209,209],"floor_reached":16,"playtime":1261,"items_purged":["Injury"],"score":106,"play_id":"38849a17-7f53-480c-8d72-54c20c42ad4b","local_time":"20190210032744","is_ascension_mode":false,"campfire_choices":[{"data":"Rage","floor":6,"key":"SMITH"},{"data":"Metallicize","floor":10,"key":"SMITH"},{"floor":15,"key":"REST"}],"neow_cost":"NONE","seed_source_timestamp":163527375386992,"circlet_count":0,"master_deck":["Strike_R","Strike_R+1","Strike_R","Defend_R","Defend_R","Defend_R","Bash","Ghostly Armor+1","Double Tap+1","Shockwave+1","Rage+1","Fire Breathing+1","Metallicize+1","Intimidate","Burning Pact","Searing Blow","Metallicize"],"relics":["Astrolabe","Golden Idol","Prayer Wheel","Omamori","Question Card","Bottled Tornado"],"potions_floor_usage":[],"damage_taken":[{"damage":0,"enemies":"Small Slimes","floor":1,"turns":4},{"damage":1,"enemies":"Jaw Worm","floor":7,"turns":5},{"damage":6,"enemies":"Lagavulin","floor":8,"turns":12},{"damage":34,"enemies":"Gremlin Nob","floor":12,"turns":6},{"damage":0,"enemies":"2 Louse","floor":14,"turns":4},{"damage":38,"enemies":"Hexaghost","floor":16,"turns":16}],"seed_played":"6664241169711709729","potions_obtained":[{"floor":1,"key":"Strength Potion"},{"floor":7,"key":"SkillPotion"}],"is_trial":false,"path_per_floor":["M","?","$","?","$","R","M","E","T","R","?","E","?","M","R","B"],"character_chosen":"IRONCLAD","items_purchased":[],"campfire_rested":1,"item_purchase_floors":[],"current_hp_per_floor":[80,80,80,77,77,77,76,70,70,70,54,20,9,9,33,0],"gold":209,"neow_bonus":"BOSS_RELIC","is_prod":false,"is_daily":false,"chose_seed":false,"campfire_upgraded":2,"win_rate":0.0,"timestamp":1549765664,"path_taken":["M","?","?","?","?","R","M","E","T","R","?","E","?","M","R","BOSS"],"build_version":"2019-01-23","purchased_purges":1,"victory":false,"max_hp_per_floor":[80,80,80,80,80,80,80,80,80,80,80,80,80,80,80,80],"card_choices":[{"not_picked":["Hemokinesis","Clothesline"],"picked":"Rage","floor":1},{"not_picked":["Combust","Iron Wave"],"picked":"Fire Breathing","floor":7},{"not_picked":["Armaments","Hemokinesis"],"picked":"Metallicize","floor":7},{"not_picked":["Evolve","Cleave"],"picked":"Intimidate","floor":8},{"not_picked":["Seeing Red","Shrug It Off","Entrench"],"picked":"Burning Pact","floor":12},{"not_picked":["Wild Strike","Clothesline","Anger"],"picked":"Searing Blow","floor":14},{"not_picked":["Sever Soul","Whirlwind","Power Through"],"picked":"Metallicize","floor":14}],"player_experience":120392,"relics_obtained":[{"floor":8,"key":"Omamori"},{"floor":9,"key":"Question Card"},{"floor":12,"key":"Bottled Tornado"}],"event_choices":[{"damage_healed":0,"gold_gain":0,"player_choice":"Take Wound","damage_taken":0,"relics_obtained":["Golden Idol"],"max_hp_gain":0,"max_hp_loss":0,"event_name":"Golden Idol","floor":2,"gold_loss":0,"cards_obtained":["Injury"]},{"damage_healed":0,"gold_gain":0,"player_choice":"Success","damage_taken":3,"relics_obtained":["Prayer Wheel"],"max_hp_gain":0,"max_hp_loss":0,"event_name":"Scrap Ooze","floor":4,"gold_loss":0},{"damage_healed":0,"gold_gain":0,"player_choice":"Entered Light","damage_taken":16,"max_hp_gain":0,"max_hp_loss":0,"event_name":"Shining Light","floor":11,"gold_loss":0,"cards_upgraded":["Fire Breathing","Strike_R"]},{"damage_healed":0,"gold_gain":75,"player_choice":"Gather Gold","damage_taken":11,"max_hp_gain":0,"max_hp_loss":0,"event_name":"World of Goop","floor":13,"gold_loss":0}],"is_beta":false,"boss_relics":[],"items_purged_floors":[3],"is_endless":false,"potions_floor_spawned":[1,7],"killed_by":"Hexaghost","ascension_level":0}