{"gold_per_floor":[115,115,135,60,11,42,42,72,148,167,167,201,201],"floor_reached":13,"playtime":434,"items_purged":[],"score":177,"play_id":"1ec8fb76-40dd-432c-9c95-2ea5ee85cae6","local_time":"20190207012434","is_ascension_mode":true,"campfire_choices":[{"floor":7,"key":"REST"},{"data":"Searing Blow","floor":11,"key":"SMITH"}],"neow_cost":"NONE","seed_source_timestamp":2273625224004029,"circlet_count":0,"master_deck":["AscendersBane","Strike_R","Strike_R","Strike_R","Defend_R","Defend_R","Defend_R+1","Defend_R+1","Bash","Dramatic Entrance","Sword Boomerang","Searing Blow+1","Feed","Thunderclap","Armaments"],"relics":["Burning Blood","War Paint","Champion Belt","Question Card","Ancient Tea Set"],"potions_floor_usage":[6,10],"damage_taken":[{"damage":0,"enemies":"Small Slimes","floor":1,"turns":2},{"damage":12,"enemies":"Jaw Worm","floor":3,"turns":2},{"damage":55,"enemies":"Lagavulin","floor":6,"turns":9},{"damage":28,"enemies":"3 Sentries","floor":8,"turns":11},{"damage":0,"enemies":"Cultist","floor":10,"turns":4},{"damage":22,"enemies":"Lagavulin","floor":12,"turns":7},{"damage":19,"enemies":"Large Slime","floor":13,"turns":3}],"seed_played":"6630678290981964298","potions_obtained":[{"floor":1,"key":"Ancient Potion"},{"floor":8,"key":"SpeedPotion"},{"floor":10,"key":"Explosive Potion"},{"floor":12,"key":"Strength Potion"}],"is_trial":false,"path_per_floor":["M","?","M","?","$","E","R","E","T","M","R","E","M"],"character_chosen":"IRONCLAD","items_purchased":["SkillPotion"],"campfire_rested":1,"item_purchase_floors":[5],"current_hp_per_floor":[74,67,61,61,61,12,34,15,15,24,24,11,0],"gold":201,"neow_bonus":"RANDOM_COLORLESS","is_prod":false,"is_daily":false,"chose_seed":false,"campfire_upgraded":1,"win_rate":0,"timestamp":1549520674,"path_taken":["M","?","M","?","?","E","R","E","T","M","R","E","M"],"build_version":"2019-01-23","purchased_purges":0,"victory":false,"max_hp_per_floor":[75,75,75,75,75,75,75,78,78,81,81,84,84],"card_choices":[{"not_picked":["Havoc","Sever Soul"],"picked":"Sword Boomerang","floor":1},{"not_picked":["Second Wind","Corruption"],"picked":"Searing Blow","floor":3},{"not_picked":["Flex","Clothesline"],"picked":"Feed","floor":6},{"not_picked":["Flex","Sever Soul"],"picked":"Thunderclap","floor":8},{"not_picked":["Body Slam","Spot Weakness","Intimidate"],"picked":"Armaments","floor":10},{"not_picked":["Blood for Blood","Clothesline","Body Slam","Feel No Pain"],"picked":"SKIP","floor":12}],"player_experience":532783,"relics_obtained":[{"floor":6,"key":"War Paint"},{"floor":8,"key":"Champion Belt"},{"floor":9,"key":"Question Card"},{"floor":12,"key":"Ancient Tea Set"}],"event_choices":[{"cards_removed":["Strike_R"],"damage_healed":0,"gold_gain":0,"player_choice":"Card Removal","damage_taken":7,"max_hp_gain":0,"max_hp_loss":0,"event_name":"Golden Wing","floor":2,"gold_loss":0},{"cards_removed":["Strike_R"],"damage_healed":0,"gold_gain":0,"player_choice":"Card Removal","damage_taken":0,"max_hp_gain":0,"max_hp_loss":0,"event_name":"The Cleric","floor":4,"gold_loss":75}],"is_beta":false,"boss_relics":[],"items_purged_floors":[],"is_endless":false,"potions_floor_spawned":[1,8,10,12],"killed_by":"Large Slime","ascension_level":15}