{"gold_per_floor":[20,120,136,58,73,108,108,65,88,88,102,114,130,163,163,242,242,262,262,262,277,202,202,214,214,214,214,214,214,57,72,72,149,149,167,167,267,267,285,317,336,350,350,350,73,73,91,123,123,123,123,123,123,12,12],"floor_reached":55,"playtime":2921,"items_purged":["Strike_G+1","Strike_G+1"],"score":1820,"play_id":"23bfc1aa-4cbc-46e3-9ebd-195aa55e1931","local_time":"20190212030801","is_ascension_mode":true,"campfire_choices":[{"data":"Deadly Poison","floor":7.0,"key":"SMITH"},{"floor":10.0,"key":"REST"},{"data":"Catalyst","floor":15.0,"key":"SMITH"},{"floor":23.0,"key":"REST"},{"data":"Noxious Fumes","floor":25.0,"key":"SMITH"},{"data":"Catalyst","floor":27.0,"key":"SMITH"},{"data":"Neutralize","floor":29.0,"key":"SMITH"},{"data":"Bouncing Flask","floor":32.0,"key":"SMITH"},{"data":"PiercingWail","floor":44.0,"key":"SMITH"},{"floor":46.0,"key":"RECALL"},{"data":"Dodge and Roll","floor":49,"key":"SMITH"},{"data":"Acrobatics","floor":53,"key":"SMITH"}],"neow_cost":"NO_GOLD","seed_source_timestamp":2757966512312541,"circlet_count":0,"master_deck":["AscendersBane","Defend_G+1","Defend_G+1","Defend_G+1","Defend_G+1","Defend_G+1","Strike_G+1","Strike_G+1","Strike_G+1","Survivor","Neutralize+1","Venomology","Deadly Poison+1","Dagger Throw+1","Catalyst+1","Dash+1","Catalyst+1","PiercingWail+1","Noxious Fumes+1","Poisoned Stab","Acrobatics+1","Bouncing Flask+1","Corpse Explosion","Dodge and Roll+1","Well Laid Plans+1","Dodge and Roll+1","PiercingWail+1","Poisoned Stab","Backflip"],"special_seed":0,"relics":["Ring of the Serpent","Oddly Smooth Stone","Whetstone","Lantern","Coffee Dripper","Thread and Needle","Tough Bandages","Meat on the Bone","Pear","Letter Opener"],"potions_floor_usage":[48,48,50,51,55],"damage_taken":[{"damage":3.0,"enemies":"Cultist","floor":1.0,"turns":5.0},{"damage":3.0,"enemies":"Small Slimes","floor":3.0,"turns":4.0},{"damage":2.0,"enemies":"Jaw Worm","floor":5.0,"turns":5.0},{"damage":36.0,"enemies":"3 Sentries","floor":6.0,"turns":13.0},{"damage":1.0,"enemies":"3 Louse","floor":11.0,"turns":3.0},{"damage":0.0,"enemies":"2 Fungi Beasts","floor":12.0,"turns":3.0},{"damage":0.0,"enemies":"Lots of Slimes","floor":13.0,"turns":5.0},{"damage":1.0,"enemies":"Lagavulin","floor":14.0,"turns":6.0},{"damage":5.0,"enemies":"The Guardian","floor":16.0,"turns":9.0},{"damage":35.0,"enemies":"Spheric Guardian","floor":18.0,"turns":9.0},{"damage":6.0,"enemies":"Shell Parasite","floor":21.0,"turns":4.0},{"damage":0.0,"enemies":"Centurion and Healer","floor":24.0,"turns":6.0},{"damage":0.0,"enemies":"Snake Plant","floor":31.0,"turns":4.0},{"damage":3.0,"enemies":"Automaton","floor":33.0,"turns":6.0},{"damage":5.0,"enemies":"Orb Walker","floor":35.0,"turns":3.0},{"damage":4.0,"enemies":"Mind Bloom Boss Battle","floor":37.0,"turns":6.0},{"damage":0.0,"enemies":"3 Shapes","floor":39.0,"turns":4.0},{"damage":27.0,"enemies":"Giant Head","floor":40.0,"turns":6.0},{"damage":21.0,"enemies":"Jaw Worm Horde","floor":41.0,"turns":5.0},{"damage":0.0,"enemies":"Writhing Mass","floor":42.0,"turns":4.0},{"damage":0.0,"enemies":"Sphere and 2 Shapes","floor":47.0,"turns":6.0},{"damage":2,"enemies":"Reptomancer","floor":48,"turns":6},{"damage":17,"enemies":"Time Eater","floor":50,"turns":9},{"damage":19,"enemies":"Awakened One","floor":51,"turns":20},{"damage":73,"enemies":"Shield and Spear","floor":55,"turns":8}],"seed_played":"8236442414519892276","potions_obtained":[{"floor":5.0,"key":"Swift Potion"},{"floor":12.0,"key":"SteroidPotion"},{"floor":13.0,"key":"GhostInAJar"},{"floor":14.0,"key":"Regen Potion"},{"floor":18.0,"key":"SkillPotion"},{"floor":20.0,"key":"GhostInAJar"},{"floor":42.0,"key":"Dexterity Potion"},{"floor":48,"key":"SmokeBomb"}],"is_trial":false,"path_per_floor":["M","?","M","$","M","E","R","?","T","R","M","M","M","E","R","B",null,"M","?","?","M","$","R","M","R","T","R","?","R","$","M","R","B",null,"M","?","?","?","M","E","M","M","T","R","$","R","M","E","R","B","B",null,"R","$","E"],"character_chosen":"THE_SILENT","items_purchased":["Catalyst","Acrobatics","Pear","Backflip","SpeedPotion"],"campfire_rested":2,"item_purchase_floors":[4,30,45,54,54],"current_hp_per_floor":[56,56,53,53,51,15,15,15,15,34,33,33,33,32,32,27,56,36,36,36,30,30,49,49,49,49,49,49,49,49,49,49,46,61,56,56,52,52,52,25,4,4,4,4,14,14,26,36,36,31,24,63,63,63,0],"gold":12,"neow_bonus":"THREE_RARE_CARDS","is_prod":false,"is_daily":false,"chose_seed":false,"campfire_upgraded":9,"win_rate":0,"timestamp":1549937281,"path_taken":["M","?","M","?","M","E","R","?","T","R","M","M","?","E","R","BOSS","M","?","?","?","$","R","M","R","T","R","?","R","$","M","R","BOSS","M","?","?","?","M","E","?","M","T","R","?","R","M","E","R","BOSS","BOSS","R","$","E"],"build_version":"2019-02-06","purchased_purges":2,"victory":false,"max_hp_per_floor":[66,66,66,66,66,66,66,66,66,66,66,66,66,66,66,66,66,66,66,66,66,66,66,66,66,66,66,66,66,66,66,66,66,66,66,66,66,66,66,66,66,66,66,66,76,76,76,76,76,76,76,76,76,76,76],"card_choices":[{"not_picked":["Bullet Time","Phantasmal Killer"],"picked":"Venomology","floor":0.0},{"not_picked":["Blade Dance","Prepared"],"picked":"Deadly Poison","floor":1.0},{"not_picked":["PiercingWail","All Out Attack"],"picked":"Dagger Throw","floor":3.0},{"not_picked":["Slice","Finisher","Phantasmal Killer"],"picked":"SKIP","floor":5.0},{"not_picked":["Flechettes","Blade Dance"],"picked":"Dash","floor":6.0},{"not_picked":["Slice","Bane"],"picked":"Backstab","floor":11.0},{"not_picked":["Expertise","Finisher","Accuracy"],"picked":"SKIP","floor":12.0},{"not_picked":["Choke","Endless Agony","Bane"],"picked":"SKIP","floor":13.0},{"not_picked":["Calculated Gamble","Caltrops"],"picked":"Catalyst","floor":14.0},{"not_picked":["Prepared","Reflex"],"picked":"PiercingWail","floor":18.0},{"not_picked":["Dodge and Roll","Eviscerate"],"picked":"Noxious Fumes","floor":21.0},{"not_picked":["Heel Hook+1","Dagger Throw"],"picked":"Poisoned Stab","floor":24.0},{"not_picked":["A Thousand Cuts","Dagger Throw"],"picked":"Bouncing Flask","floor":31.0},{"not_picked":["Doppelganger","Burst"],"picked":"Corpse Explosion","floor":33.0},{"not_picked":["Deflect","Flying Knee+1"],"picked":"Dodge and Roll","floor":35.0},{"not_picked":["Blur+1","Underhanded Strike"],"picked":"Well Laid Plans+1","floor":37.0},{"not_picked":["Expertise","Endless Agony","Dagger Spray"],"picked":"SKIP","floor":39.0},{"not_picked":["Backstab+1","Escape Plan"],"picked":"Dodge and Roll+1","floor":40.0},{"not_picked":["Distraction","Blade Dance+1","Deadly Poison+1"],"picked":"SKIP","floor":41.0},{"not_picked":["Choke+1","Finisher+1","Poisoned Stab"],"picked":"SKIP","floor":42.0},{"not_picked":["Blur","Tactician"],"picked":"PiercingWail+1","floor":47.0},{"not_picked":["Sucker Punch","Dagger Throw+1"],"picked":"Poisoned Stab","floor":48}],"player_experience":2959084,"relics_obtained":[{"floor":6.0,"key":"Oddly Smooth Stone"},{"floor":9.0,"key":"Whetstone"},{"floor":14.0,"key":"Lantern"},{"floor":37.0,"key":"Thread and Needle"},{"floor":40.0,"key":"Tough Bandages"},{"floor":43.0,"key":"Meat on the Bone"},{"floor":48,"key":"Letter Opener"}],"event_choices":[{"damage_healed":0.0,"max_hp_gain":0.0,"max_hp_loss":0.0,"gold_gain":100.0,"event_name":"Wheel of Change","player_choice":"Gold","floor":2.0,"gold_loss":0.0,"damage_taken":0.0},{"damage_healed":0.0,"max_hp_gain":0.0,"max_hp_loss":0.0,"gold_gain":0.0,"event_name":"World of Goop","player_choice":"Left Gold","floor":8.0,"gold_loss":43.0,"damage_taken":0.0},{"damage_healed":0.0,"max_hp_gain":0.0,"max_hp_loss":0.0,"gold_gain":0.0,"event_name":"Back to Basics","player_choice":"Simplicity","floor":19.0,"gold_loss":0.0,"damage_taken":0.0,"cards_upgraded":["Defend_G","Defend_G","Defend_G","Defend_G","Defend_G","Strike_G","Strike_G","Strike_G","Strike_G","Strike_G"]},{"damage_healed":0.0,"max_hp_gain":0.0,"max_hp_loss":0.0,"gold_gain":0.0,"event_name":"Lab","player_choice":"Got Potions","floor":20.0,"gold_loss":0.0,"damage_taken":0.0},{"damage_healed":0.0,"max_hp_gain":0.0,"max_hp_loss":0.0,"gold_gain":0.0,"event_name":"Cursed Tome","player_choice":"Ignored","floor":28.0,"gold_loss":0.0,"damage_taken":0.0},{"cards_removed":["Backstab"],"damage_healed":0.0,"max_hp_gain":0.0,"max_hp_loss":0.0,"gold_gain":0.0,"event_name":"Falling","player_choice":"Removed Attack","floor":36.0,"gold_loss":0.0,"damage_taken":0.0},{"damage_healed":0.0,"max_hp_gain":0.0,"max_hp_loss":0.0,"gold_gain":0.0,"event_name":"MindBloom","player_choice":"Fight","floor":37.0,"gold_loss":0.0,"damage_taken":0.0},{"damage_healed":0.0,"max_hp_gain":0.0,"max_hp_loss":0.0,"gold_gain":0.0,"event_name":"Tomb of Lord Red Mask","player_choice":"Ignored","floor":38.0,"gold_loss":0.0,"damage_taken":0.0}],"is_beta":true,"boss_relics":[{"not_picked":["WristBlade","HoveringKite"],"picked":"Ring of the Serpent"},{"not_picked":["Empty Cage","White Beast Statue"],"picked":"Coffee Dripper"}],"items_purged_floors":[22,30],"is_endless":false,"potions_floor_spawned":[5,12,13,14,18,24,40,41,42,48],"killed_by":"Shield and Spear","ascension_level":20}