{"gold_per_floor":[114,114,126,76,86,119,149,149,149,165,183,183,183,212,212,212],"floor_reached":16,"playtime":851,"items_purged":[],"score":187,"play_id":"011bc5fe-3b28-4111-b1a8-780a5c10d32a","local_time":"20181228221355","is_ascension_mode":true,"campfire_choices":[{"floor":12,"key":"REST"},{"floor":15,"key":"REST"}],"neow_cost":"NONE","seed_source_timestamp":776828822215458,"circlet_count":0,"master_deck":["AscendersBane","Strike_R","Strike_R","Strike_R","Defend_R","Defend_R","Defend_R","Defend_R","Bash","Cleave","Battle Trance","Perfected Strike","Fiend Fire","Perfected Strike","Second Wind","Clash"],"relics":["Burning Blood","NeowsBlessing","Ornamental Fan","Odd Mushroom","StoneCalendar"],"potions_floor_usage":[6,7,16],"damage_taken":[{"damage":0,"enemies":"Cultist","floor":1,"turns":1},{"damage":0,"enemies":"Jaw Worm","floor":3,"turns":1},{"damage":0,"enemies":"Small Slimes","floor":5,"turns":1},{"damage":40,"enemies":"3 Sentries","floor":6,"turns":11},{"damage":19,"enemies":"The Mushroom Lair","floor":7,"turns":5},{"damage":25,"enemies":"Looter","floor":10,"turns":4},{"damage":2,"enemies":"2 Fungi Beasts","floor":11,"turns":3},{"damage":24,"enemies":"Gremlin Nob","floor":14,"turns":4},{"damage":42,"enemies":"Hexaghost","floor":16,"turns":8}],"seed_played":"-3336947385677052558","potions_obtained":[{"floor":2,"key":"SteroidPotion"},{"floor":2,"key":"Weak Potion"},{"floor":14,"key":"Explosive Potion"}],"is_trial":false,"path_per_floor":["M","?","M","?","M","E","?","?","T","M","M","R","?","E","R","B"],"character_chosen":"IRONCLAD","items_purchased":[],"campfire_rested":2,"item_purchase_floors":[],"current_hp_per_floor":[74,74,75,75,75,41,28,28,28,9,13,35,35,17,39,0],"gold":212,"neow_bonus":"THREE_ENEMY_KILL","is_prod":false,"is_daily":false,"chose_seed":false,"campfire_upgraded":0,"win_rate":0,"timestamp":1546035235,"path_taken":["M","?","?","?","M","E","?","?","T","M","M","R","?","E","R","BOSS"],"build_version":"2018-12-20","purchased_purges":0,"victory":false,"max_hp_per_floor":[75,75,75,75,75,75,75,75,75,75,75,75,75,75,75,75],"card_choices":[{"not_picked":["Wild Strike","Intimidate"],"picked":"Cleave","floor":1},{"not_picked":["Pommel Strike","Anger"],"picked":"Battle Trance","floor":3},{"not_picked":["Pummel","Burning Pact"],"picked":"Perfected Strike","floor":5},{"not_picked":["Heavy Blade","Metallicize"],"picked":"Fiend Fire","floor":6},{"not_picked":["Clash","Heavy Blade"],"picked":"Perfected Strike","floor":7},{"not_picked":["Evolve","Shockwave","Dropkick"],"picked":"SKIP","floor":10},{"not_picked":["Armaments","Warcry","Intimidate"],"picked":"SKIP","floor":11},{"not_picked":["Second Wind","Burning Pact"],"picked":"Clash","floor":14}],"player_experience":1094660,"relics_obtained":[{"floor":6,"key":"Ornamental Fan"},{"floor":7,"key":"Odd Mushroom"},{"floor":14,"key":"StoneCalendar"}],"event_choices":[{"damage_healed":0,"gold_gain":0,"player_choice":"Got Potions","damage_taken":0,"max_hp_gain":0,"max_hp_loss":0,"event_name":"Lab","floor":2,"gold_loss":0},{"cards_removed":["Strike_R"],"damage_healed":0,"gold_gain":0,"player_choice":"Card Removal","damage_taken":0,"max_hp_gain":0,"max_hp_loss":0,"event_name":"The Cleric","floor":4,"gold_loss":50},{"damage_healed":0,"gold_gain":0,"player_choice":"Fought Mushrooms","damage_taken":0,"max_hp_gain":0,"max_hp_loss":0,"event_name":"Mushrooms","floor":7,"gold_loss":0},{"damage_healed":0,"gold_gain":0,"cards_transformed":["Strike_R"],"player_choice":"Change","damage_taken":0,"max_hp_gain":0,"max_hp_loss":0,"event_name":"Living Wall","floor":8,"gold_loss":0,"cards_obtained":["Second Wind"]},{"damage_healed":0,"gold_gain":0,"player_choice":"Ignored","damage_taken":0,"max_hp_gain":0,"max_hp_loss":0,"event_name":"Shining Light","floor":13,"gold_loss":0}],"is_beta":false,"boss_relics":[],"items_purged_floors":[],"is_endless":false,"potions_floor_spawned":[3,5,14],"killed_by":"Hexaghost","ascension_level":14}