{"gold_per_floor":[109,128,53,70,145,145,178,192,215,215,231,231,81,113,113,187,187,205,205,33,44,55,55,55,67,122,136,136,51,51,51,51,125,125,143,18,18,18,18,18,53,53,53,78,78],"floor_reached":45,"playtime":3850,"items_purged":["Parasite","Strike_R","Strike_R"],"score":853,"play_id":"1220b4f3-3bab-4bf5-b89b-7d97efd39ddd","local_time":"20181206215046","is_ascension_mode":true,"campfire_choices":[{"data":"Uppercut","floor":6,"key":"SMITH"},{"data":"Shrug It Off","floor":12,"key":"SMITH"},{"data":"Double Tap","floor":15,"key":"SMITH"},{"data":"Body Slam","floor":23,"key":"SMITH"},{"data":"Double Tap","floor":28,"key":"SMITH"},{"floor":30,"key":"REST"},{"data":"Bludgeon","floor":32,"key":"SMITH"},{"floor":40,"key":"RECALL"},{"data":"Armaments","floor":42,"key":"SMITH"}],"neow_cost":"CURSE","seed_source_timestamp":510885259380565,"circlet_count":0,"master_deck":["AscendersBane","Defend_R","Defend_R","Defend_R","Defend_R","Bash","Uppercut+1","Immolate+1","True Grit","Pummel","Shrug It Off+1","Sever Soul","Double Tap+1","Shrug It Off","Bludgeon+1","Shrug It Off","Pommel Strike","Double Tap+1","Sentinel","Body Slam+1","Metallicize","Headbutt+1","Juggernaut","Trip","Bash","Armaments+1"],"relics":["Burning Blood","Lantern","Omamori","Bronze Scales","Sozu","Regal Pillow","Blood Vial","Happy Flower","Busted Crown","Prayer Wheel","Vajra"],"potions_floor_usage":[7,8,16,25],"damage_taken":[{"damage":13,"enemies":"Jaw Worm","floor":1,"turns":4},{"damage":5,"enemies":"Small Slimes","floor":2,"turns":3},{"damage":0,"enemies":"Cultist","floor":4,"turns":2},{"damage":13,"enemies":"3 Sentries","floor":7,"turns":4},{"damage":1,"enemies":"Lots of Slimes","floor":8,"turns":2},{"damage":0,"enemies":"3 Louse","floor":11,"turns":1},{"damage":17,"enemies":"Lagavulin","floor":14,"turns":5},{"damage":29,"enemies":"Slime Boss","floor":16,"turns":6},{"damage":18,"enemies":"2 Thieves","floor":18,"turns":3},{"damage":0,"enemies":"Chosen","floor":21,"turns":3},{"damage":5,"enemies":"Snecko","floor":22,"turns":3},{"damage":14,"enemies":"Snake Plant","floor":25,"turns":2},{"damage":10,"enemies":"Cultist and Chosen","floor":27,"turns":3},{"damage":62,"enemies":"Collector","floor":33,"turns":8},{"damage":2,"enemies":"3 Shapes","floor":35,"turns":5},{"damage":0,"enemies":"Reptomancer","floor":41,"turns":2},{"damage":69,"enemies":"Nemesis","floor":44,"turns":7},{"damage":14,"enemies":"3 Darklings","floor":45,"turns":3}],"seed_played":"8397016681541549530","potions_obtained":[{"floor":1,"key":"AttackPotion"},{"floor":2,"key":"Energy Potion"},{"floor":7,"key":"Energy Potion"},{"floor":14,"key":"SpeedPotion"}],"is_trial":false,"path_per_floor":["M","M","$","M","?","R","E","M","T","?","M","R","$","E","R","B",null,"M","?","$","M","M","R","?","M","T","M","R","?","R","?","R","B",null,"M","$","?","$","?","R","E","R","T","E","M"],"character_chosen":"IRONCLAD","items_purchased":["Double Tap","Double Tap"],"campfire_rested":1,"item_purchase_floors":[13,20],"current_hp_per_floor":[61,62,62,68,57,57,50,55,55,55,61,61,61,50,50,27,61,49,49,49,55,56,56,56,48,48,44,44,44,72,72,72,16,58,64,64,64,64,64,64,72,72,72,9,0],"gold":78,"neow_bonus":"TRANSFORM_TWO_CARDS","is_prod":false,"is_daily":false,"chose_seed":false,"campfire_upgraded":7,"win_rate":0,"timestamp":1544133046,"path_taken":["M","M","$","M","?","R","E","M","T","?","?","R","?","E","R","BOSS","M","?","$","?","M","R","?","?","T","M","R","?","R","?","R","BOSS","M","$","?","$","?","R","E","R","T","E","?"],"build_version":"2018-11-15","purchased_purges":3,"victory":false,"max_hp_per_floor":[75,75,72,72,72,72,72,72,72,72,72,72,72,72,72,72,72,72,72,72,72,72,72,72,72,72,72,72,72,72,72,72,72,72,72,72,72,72,72,72,72,72,72,72,72],"card_choices":[{"not_picked":["Headbutt","Evolve"],"picked":"True Grit","floor":1},{"not_picked":["Battle Trance","Pommel Strike"],"picked":"Pummel","floor":2},{"not_picked":["Havoc","Intimidate","Seeing Red"],"picked":"SKIP","floor":4},{"not_picked":["Seeing Red","Warcry"],"picked":"Shrug It Off","floor":7},{"not_picked":["Clash","Uppercut"],"picked":"Sever Soul","floor":8},{"not_picked":["Hemokinesis","Headbutt","Clash"],"picked":"SKIP","floor":11},{"not_picked":["Perfected Strike","Wild Strike"],"picked":"Shrug It Off","floor":14},{"not_picked":["Exhume","Offering"],"picked":"Bludgeon","floor":16},{"not_picked":["Wild Strike","Clash"],"picked":"Shrug It Off","floor":18},{"not_picked":["Blood for Blood","Combust"],"picked":"Sentinel","floor":21},{"not_picked":["Reckless Charge","Flex"],"picked":"Body Slam","floor":22},{"not_picked":["Clothesline","Thunderclap"],"picked":"Metallicize","floor":25},{"not_picked":["Sword Boomerang","Warcry"],"picked":"Headbutt+1","floor":27},{"not_picked":["Exhume","Offering"],"picked":"Juggernaut","floor":33},{"not_picked":["Sword Boomerang"],"picked":"SKIP","floor":35},{"not_picked":[],"picked":"Trip","floor":37},{"not_picked":["Clash"],"picked":"SKIP","floor":41},{"not_picked":["Shockwave+1"],"picked":"SKIP","floor":44}],"player_experience":988997,"relics_obtained":[{"floor":7,"key":"Lantern"},{"floor":9,"key":"Omamori"},{"floor":14,"key":"Bronze Scales"},{"floor":26,"key":"Regal Pillow"},{"floor":41,"key":"Prayer Wheel"},{"floor":44,"key":"Vajra"}],"event_choices":[{"damage_healed":0,"gold_gain":75,"player_choice":"Gather Gold","damage_taken":11,"max_hp_gain":0,"max_hp_loss":0,"event_name":"World of Goop","floor":5,"gold_loss":0},{"damage_healed":0,"gold_gain":0,"player_choice":"Upgraded","damage_taken":0,"max_hp_gain":0,"max_hp_loss":0,"event_name":"Upgrade Shrine","floor":10,"gold_loss":0,"cards_upgraded":["Immolate"]},{"damage_healed":0,"gold_gain":0,"cards_transformed":["Strike_R"],"player_choice":"Transformed","damage_taken":0,"max_hp_gain":0,"max_hp_loss":0,"event_name":"Transmorgrifier","floor":19,"gold_loss":0,"cards_obtained":["Pommel Strike"]},{"damage_healed":0,"gold_gain":0,"player_choice":"Bought 0 Potions","damage_taken":0,"max_hp_gain":0,"max_hp_loss":0,"event_name":"The Woman in Blue","floor":24,"gold_loss":0},{"damage_healed":0,"gold_gain":0,"player_choice":"Obtained Relic","damage_taken":0,"relics_obtained":["Blood Vial"],"max_hp_gain":0,"max_hp_loss":0,"event_name":"Addict","floor":29,"gold_loss":85},{"damage_healed":0,"gold_gain":0,"player_choice":"Opened","damage_taken":0,"relics_obtained":["Happy Flower"],"max_hp_gain":0,"max_hp_loss":0,"event_name":"The Mausoleum","floor":31,"gold_loss":0,"cards_obtained":["Writhe"]},{"damage_healed":0,"gold_gain":0,"player_choice":"Memory 1","damage_taken":0,"max_hp_gain":0,"max_hp_loss":0,"event_name":"SensoryStone","floor":37,"gold_loss":0},{"damage_healed":0,"gold_gain":0,"player_choice":"2 cards matched","damage_taken":0,"max_hp_gain":0,"max_hp_loss":0,"event_name":"Match and Keep!","floor":39,"gold_loss":0,"cards_obtained":["Bash","Armaments"]}],"is_beta":false,"boss_relics":[{"not_picked":["Tiny House","Fusion Hammer"],"picked":"Sozu"},{"not_picked":["Philosopher\u0027s Stone","Runic Dome"],"picked":"Busted Crown"}],"items_purged_floors":[3,20,36],"is_endless":false,"potions_floor_spawned":[1,2,7,14,21,22,33,41],"killed_by":"3 Darklings","ascension_level":14}