{"gold_per_floor":[118,128,128,128,203,203,220,220,244,244,254,254,274,59,59,59],"floor_reached":16,"playtime":862,"items_purged":["Defend_R"],"score":180,"play_id":"647d8dab-cfc6-45d6-a4fa-8fa4bf13a94c","local_time":"20180911132435","is_ascension_mode":true,"campfire_choices":[{"data":"Feed","floor":6,"key":"SMITH"},{"data":"Bash","floor":8,"key":"SMITH"},{"data":"Defend_R","floor":10,"key":"SMITH"},{"data":"True Grit","floor":12,"key":"SMITH"},{"data":"Body Slam","floor":15,"key":"SMITH"}],"neow_cost":"","seed_source_timestamp":438851602405,"circlet_count":0,"master_deck":["Strike_R","Strike_R","Strike_R","Strike_R","Strike_R","Defend_R","Defend_R+1","Bash+1","AscendersBane","True Grit+1","Thunderclap+1","Feed+1","Clash","True Grit+1","Body Slam+1","Limit Break","Iron Wave"],"relics":["Burning Blood","Regal Pillow"],"potions_floor_usage":[7,16],"damage_taken":[{"damage":3,"enemies":"Small Slimes","floor":1,"turns":3},{"damage":2,"enemies":"Jaw Worm","floor":2,"turns":6},{"damage":0,"enemies":"Cultist","floor":7,"turns":4},{"damage":15,"enemies":"Exordium Thugs","floor":11,"turns":5},{"damage":0,"enemies":"2 Fungi Beasts","floor":13,"turns":2},{"damage":60,"enemies":"The Guardian","floor":16,"turns":11}],"seed_played":"586873905324817145","potions_obtained":[{"floor":1,"key":"SneckoOil"},{"floor":11,"key":"GamblersBrew"}],"is_trial":false,"path_per_floor":["M","M","?","?","?","R","M","R","T","R","M","R","M","$","R"],"character_chosen":"IRONCLAD","items_purchased":["Limit Break","Iron Wave"],"campfire_rested":0,"item_purchase_floors":[14,14],"current_hp_per_floor":[71,75,52,52,41,41,51,51,51,51,46,46,56,56,56,0],"gold":59,"neow_bonus":"","is_prod":false,"is_daily":false,"chose_seed":false,"campfire_upgraded":5,"win_rate":0,"timestamp":1536686675,"path_taken":["M","M","?","?","?","R","M","R","T","R","M","R","M","$","R","BOSS"],"build_version":"2018-09-06","purchased_purges":1,"victory":false,"max_hp_per_floor":[75,75,75,75,75,75,79,79,79,79,83,83,87,87,87,87],"card_choices":[{"not_picked":["Perfected Strike","Power Through"],"picked":"True Grit","floor":1},{"not_picked":["Corruption","Anger"],"picked":"Thunderclap","floor":2},{"not_picked":["Havoc","Second Wind"],"picked":"Clash","floor":7},{"not_picked":["Clothesline","Shrug It Off"],"picked":"True Grit","floor":11},{"not_picked":["Twin Strike","Burning Pact"],"picked":"Body Slam","floor":13}],"player_experience":2703941,"relics_obtained":[{"floor":9,"key":"Regal Pillow"}],"event_choices":[{"event_name":"Shining Light","player_choice":"Entered Light","floor":3,"damage_taken":0},{"event_name":"Transmorgrifier","player_choice":"Transform","floor":4,"damage_taken":0},{"event_name":"World of Goop","player_choice":"Gather Gold","floor":5,"damage_taken":0}],"is_beta":false,"boss_relics":[],"items_purged_floors":[14],"is_endless":false,"potions_floor_spawned":[1,11],"killed_by":"The Guardian","ascension_level":20}