{"gold_per_floor":[109,184,73,73,85,85,110,110,133,144,144,203,214,225,225,225],"floor_reached":16,"playtime":1290,"items_purged":["Decay"],"score":135,"play_id":"1935257c-0752-4be2-8ba9-22e48a9ea615","local_time":"20190201004039","is_ascension_mode":false,"campfire_choices":[{"floor":6,"key":"REST"},{"floor":15,"key":"REST"}],"neow_cost":"CURSE","seed_source_timestamp":1147101187729741,"circlet_count":0,"master_deck":["Strike_R","Strike_R","Strike_R","Strike_R","Strike_R","Defend_R","Defend_R","Defend_R","Bash","Dropkick","Corruption+1","Combust","Dark Embrace","Flex","Searing Blow","Dropkick","Sever Soul"],"relics":["Burning Blood","Potion Belt","Ornamental Fan","Ancient Tea Set","Tiny Chest"],"potions_floor_usage":[12,14,16],"damage_taken":[{"damage":12,"enemies":"Jaw Worm","floor":1,"turns":4},{"damage":12,"enemies":"Small Slimes","floor":5,"turns":4},{"damage":25,"enemies":"Lagavulin","floor":7,"turns":6},{"damage":4,"enemies":"Cultist","floor":10,"turns":3},{"damage":38,"enemies":"Gremlin Nob","floor":12,"turns":5},{"damage":17,"enemies":"Red Slaver","floor":13,"turns":3},{"damage":17,"enemies":"Exordium Thugs","floor":14,"turns":4},{"damage":53,"enemies":"The Guardian","floor":16,"turns":6}],"seed_played":"9040686149656647846","potions_obtained":[{"floor":1,"key":"EssenceOfSteel"},{"floor":5,"key":"Strength Potion"},{"floor":13,"key":"Fire Potion"},{"floor":14,"key":"SneckoOil"}],"is_trial":false,"path_per_floor":["M","?","$","?","M","R","E","T","T","M","?","E","M","M","R","B"],"character_chosen":"IRONCLAD","items_purchased":["Corruption"],"campfire_rested":2,"item_purchase_floors":[3],"current_hp_per_floor":[90,79,79,72,66,94,75,75,75,77,77,45,34,23,51,0],"gold":225,"neow_bonus":"TWENTY_PERCENT_HP_BONUS","is_prod":false,"is_daily":false,"chose_seed":false,"campfire_upgraded":0,"win_rate":0.0,"timestamp":1548978039,"path_taken":["M","?","$","?","M","R","E","?","T","M","?","E","?","?","R","BOSS"],"build_version":"2019-01-23","purchased_purges":1,"victory":false,"max_hp_per_floor":[96,96,96,96,96,96,96,96,96,96,96,96,96,96,96,96],"card_choices":[{"not_picked":["Iron Wave","Armaments"],"picked":"Dropkick","floor":1},{"not_picked":["Bloodletting","Perfected Strike"],"picked":"Combust","floor":5},{"not_picked":["True Grit","Body Slam"],"picked":"Dark Embrace","floor":7},{"not_picked":["Pommel Strike","Cleave"],"picked":"Flex","floor":10},{"not_picked":["Heavy Blade","Perfected Strike"],"picked":"Searing Blow","floor":12},{"not_picked":["Disarm","Dual Wield"],"picked":"Dropkick","floor":13},{"not_picked":["Cleave","Armaments"],"picked":"Sever Soul","floor":14}],"player_experience":45198,"relics_obtained":[{"floor":7,"key":"Potion Belt"},{"floor":8,"key":"Ornamental Fan"},{"floor":9,"key":"Ancient Tea Set"},{"floor":12,"key":"Tiny Chest"}],"event_choices":[{"damage_healed":0,"gold_gain":75,"player_choice":"Gather Gold","damage_taken":11,"max_hp_gain":0,"max_hp_loss":0,"event_name":"World of Goop","floor":2,"gold_loss":0},{"cards_removed":["Defend_R"],"damage_healed":0,"gold_gain":0,"player_choice":"Card Removal","damage_taken":7,"max_hp_gain":0,"max_hp_loss":0,"event_name":"Golden Wing","floor":4,"gold_loss":0},{"damage_healed":0,"gold_gain":0,"player_choice":"Grow","damage_taken":0,"max_hp_gain":0,"max_hp_loss":0,"event_name":"Living Wall","floor":11,"gold_loss":0,"cards_upgraded":["Corruption"]}],"is_beta":false,"boss_relics":[],"items_purged_floors":[3],"is_endless":false,"potions_floor_spawned":[1,5,13,14],"killed_by":"The Guardian","ascension_level":0}