{"gold_per_floor":[119,135,210,222,233,233,247,247,247,265,265,283,311,28,28,101,101,112,132,132,23,40,40,73,73,100,120,155,155,173,67,67,141,141,152,40,59,70,370,370,398,398,451,114,131,131,160,38,38,38],"floor_reached":51,"playtime":5411,"items_purged":["Underhanded Strike"],"score":1365,"play_id":"c38c9444-1a78-4855-aa6d-e332c5f90fc9","local_time":"20181019135611","is_ascension_mode":true,"campfire_choices":[{"data":"Footwork","floor":6,"key":"SMITH"},{"data":"Neutralize","floor":8,"key":"SMITH"},{"data":"Deadly Poison","floor":11,"key":"SMITH"},{"data":"Dodge and Roll","floor":15,"key":"SMITH"},{"data":"Catalyst","floor":23,"key":"SMITH"},{"data":"Terror","floor":25,"key":"SMITH"},{"data":"After Image","floor":29,"key":"SMITH"},{"data":"Dodge and Roll","floor":32,"key":"SMITH"},{"data":"Footwork","floor":40,"key":"SMITH"},{"data":"Bouncing Flask","floor":42,"key":"SMITH"},{"data":"Apotheosis","floor":46,"key":"SMITH"},{"data":"Sucker Punch","floor":49,"key":"SMITH"}],"neow_cost":"TEN_PERCENT_HP_LOSS","seed_source_timestamp":786413474245787,"circlet_count":0,"master_deck":["Survivor","Neutralize+1","AscendersBane","Deadly Poison+1","Backstab","Backflip","Footwork+1","Slice","Dodge and Roll+1","Dagger Spray","Slice","Backstab","Slice","Dodge and Roll+1","Corpse Explosion","Terror+1","Catalyst+1","Dash","Cloak And Dagger","PiercingWail","Sucker Punch+1","Endless Agony","Infinite Blades","Cloak And Dagger","Bane","Escape Plan","Concentrate","Poisoned Stab+1","Well Laid Plans+1","After Image+1","Deflect","Backstab","Bouncing Flask+1","Corpse Explosion","Footwork+1","Escape Plan","Deflect","Terror+1","Apotheosis+1","Blur","Bandage Up","Prepared","Escape Plan"],"relics":["Ring of the Snake","Unceasing Top","Bag of Preparation","Regal Pillow","Lantern","Pandora\u0027s Box","MutagenicStrength","Pantograph","PreservedInsect","Happy Flower","Eternal Feather","Tingsha","Tiny Chest","Potion Belt"],"potions_floor_usage":[7,12,41,45,50,50,50,50],"damage_taken":[{"damage":1,"enemies":"Cultist","floor":1,"turns":5},{"damage":4,"enemies":"2 Louse","floor":2,"turns":4},{"damage":0,"enemies":"Jaw Worm","floor":4,"turns":4},{"damage":0,"enemies":"Blue Slaver","floor":5,"turns":5},{"damage":3,"enemies":"2 Fungi Beasts","floor":7,"turns":5},{"damage":2,"enemies":"Exordium Thugs","floor":10,"turns":6},{"damage":4,"enemies":"Exordium Wildlife","floor":12,"turns":8},{"damage":7,"enemies":"3 Sentries","floor":13,"turns":9},{"damage":5,"enemies":"The Guardian","floor":16,"turns":15},{"damage":6,"enemies":"Shell Parasite","floor":18,"turns":4},{"damage":0,"enemies":"Chosen","floor":19,"turns":4},{"damage":3,"enemies":"Snecko","floor":22,"turns":4},{"damage":0,"enemies":"Book of Stabbing","floor":24,"turns":5},{"damage":0,"enemies":"Centurion and Healer","floor":27,"turns":3},{"damage":0,"enemies":"Gremlin Leader","floor":28,"turns":3},{"damage":4,"enemies":"Snake Plant","floor":30,"turns":4},{"damage":8,"enemies":"Champ","floor":33,"turns":11},{"damage":13,"enemies":"3 Shapes","floor":35,"turns":5},{"damage":0,"enemies":"Orb Walker","floor":37,"turns":3},{"damage":17,"enemies":"Spire Growth","floor":38,"turns":5},{"damage":0,"enemies":"Nemesis","floor":41,"turns":5},{"damage":0,"enemies":"Jaw Worm Horde","floor":45,"turns":3},{"damage":1,"enemies":"Giant Head","floor":47,"turns":7},{"damage":2,"enemies":"Donu and Deca","floor":50,"turns":6}],"seed_played":"-1294341394805085785","potions_obtained":[{"floor":2,"key":"Weak Potion"},{"floor":5,"key":"Regen Potion"},{"floor":7,"key":"Dexterity Potion"},{"floor":13,"key":"SpeedPotion"},{"floor":18,"key":"GhostInAJar"},{"floor":41,"key":"SkillPotion"},{"floor":45,"key":"AttackPotion"},{"floor":47,"key":"Dexterity Potion"}],"is_trial":false,"path_per_floor":["M","M","?","M","M","R","M","R","T","M","R","M","E","$","R","B",null,"M","M","?","$","M","R","E","R","T","M","E","R","M","$","R","B",null,"M","$","M","M","?","R","E","R","T","$","M","R","E","$","R","B"],"character_chosen":"THE_SILENT","items_purchased":["Lantern","Backstab","Slice","Dodge and Roll","Concentrate","Backstab","Bouncing Flask","Footwork","Escape Plan","Apotheosis","Blur","Bandage Up","Escape Plan","SkillPotion"],"campfire_rested":0,"item_purchase_floors":[14,14,14,14,21,31,31,36,36,44,44,44,48,48],"current_hp_per_floor":[62,58,47,47,47,47,44,44,44,42,42,53,46,46,46,41,58,52,52,52,52,49,49,49,49,49,49,49,49,45,45,45,55,61,48,48,48,31,31,52,52,63,63,63,63,63,62,62,63,63],"gold":38,"neow_bonus":"ONE_RARE_RELIC","is_prod":false,"is_daily":false,"chose_seed":false,"campfire_upgraded":12,"win_rate":0,"timestamp":1539971771,"path_taken":["M","?","?","M","M","R","M","R","T","M","R","M","E","$","R","BOSS","M","M","?","?","M","R","E","R","T","?","E","R","M","$","R","BOSS","M","$","M","M","?","R","E","R","T","$","M","R","E","$","R","BOSS"],"build_version":"2018-10-18","purchased_purges":1,"victory":true,"max_hp_per_floor":[63,63,63,63,63,63,63,63,63,63,63,63,63,63,63,63,63,63,63,63,63,63,63,63,63,63,63,63,63,63,63,63,63,63,63,63,63,63,63,63,63,63,63,63,63,63,63,63,63,63],"card_choices":[{"not_picked":["Dodge and Roll","Acrobatics"],"picked":"Deadly Poison","floor":1},{"not_picked":["Backflip","Leg Sweep"],"picked":"Backstab","floor":2},{"not_picked":["Reflex","Doppelganger"],"picked":"Backflip","floor":4},{"not_picked":["Backflip","Deadly Poison"],"picked":"Footwork","floor":5},{"not_picked":["Outmaneuver","Distraction"],"picked":"Slice","floor":7},{"not_picked":["Dash","Setup"],"picked":"Dodge and Roll","floor":10},{"not_picked":["Predator","Cloak And Dagger"],"picked":"Dagger Spray","floor":12},{"not_picked":["Eviscerate","Tactician"],"picked":"Slice","floor":13},{"not_picked":["Unload","Venomology"],"picked":"Corpse Explosion","floor":16},{"not_picked":["Crippling Poison","Blade Dance"],"picked":"Bane","floor":18},{"not_picked":["Poisoned Stab","Bane"],"picked":"Escape Plan","floor":19},{"not_picked":["Slice","Bane+1"],"picked":"Poisoned Stab+1","floor":22},{"not_picked":["Prepared","Accuracy"],"picked":"Well Laid Plans+1","floor":24},{"not_picked":["Bane","Quick Slash+1","Dagger Spray"],"picked":"SKIP","floor":27},{"not_picked":["Bane","Backflip"],"picked":"After Image","floor":28},{"not_picked":["Flechettes","Terror+1"],"picked":"Deflect","floor":30},{"not_picked":["Die Die Die","Unload"],"picked":"Corpse Explosion","floor":33},{"not_picked":["Riddle With Holes","Accuracy","Backflip"],"picked":"SKIP","floor":35},{"not_picked":["Sucker Punch+1","Choke"],"picked":"Deflect","floor":37},{"not_picked":["Dodge and Roll","Outmaneuver+1","Heel Hook"],"picked":"SKIP","floor":38},{"not_picked":["Masterful Stab","Outmaneuver+1"],"picked":"Terror+1","floor":41},{"not_picked":["A Thousand Cuts","Dagger Spray","Riddle With Holes+1"],"picked":"SKIP","floor":45},{"not_picked":["Flechettes","Bouncing Flask"],"picked":"Prepared","floor":47}],"player_experience":3108781,"relics_obtained":[{"floor":9,"key":"Bag of Preparation"},{"floor":13,"key":"Regal Pillow"},{"floor":24,"key":"Pantograph"},{"floor":26,"key":"PreservedInsect"},{"floor":28,"key":"Happy Flower"},{"floor":41,"key":"Tingsha"},{"floor":43,"key":"Tiny Chest"},{"floor":47,"key":"Potion Belt"}],"event_choices":[{"damage_healed":0,"gold_gain":75,"player_choice":"Gather Gold","damage_taken":11,"max_hp_gain":0,"max_hp_loss":0,"event_name":"World of Goop","floor":3,"gold_loss":0},{"damage_healed":0,"gold_gain":0,"player_choice":"Inject Mutagens","damage_taken":0,"relics_obtained":["MutagenicStrength"],"max_hp_gain":0,"max_hp_loss":0,"event_name":"Drug Dealer","floor":20,"gold_loss":0},{"damage_healed":0,"gold_gain":300,"player_choice":"Gold","damage_taken":0,"max_hp_gain":0,"max_hp_loss":0,"event_name":"Wheel of Change","floor":39,"gold_loss":0}],"is_beta":false,"boss_relics":[{"not_picked":["Empty Cage","Busted Crown"],"picked":"Pandora\u0027s Box"},{"not_picked":["Orrery","Velvet Choker"],"picked":"Eternal Feather"}],"items_purged_floors":[21],"is_endless":false,"potions_floor_spawned":[2,5,7,13,18,22,24,41,45,47],"ascension_level":13}