{"gold_per_floor":[109,284,284,295,309,334,344,344,344,344,344,363,363],"floor_reached":13,"playtime":483,"items_purged":[],"score":98,"play_id":"f85b85da-60bc-46db-abd9-18b55324d577","local_time":"20190128003637","is_ascension_mode":true,"campfire_choices":[{"data":"Hemokinesis","floor":8,"key":"SMITH"},{"data":"Clothesline","floor":10,"key":"SMITH"}],"neow_cost":"PERCENT_DAMAGE","seed_source_timestamp":41989901846953,"circlet_count":0,"master_deck":["Strike_R","Strike_R","Strike_R","Defend_R","Defend_R","Defend_R","Defend_R","Bash","Clothesline+1","Hemokinesis+1","Metallicize","Doubt","Combust"],"relics":["Burning Blood","Darkstone Periapt","Frozen Egg 2","PreservedInsect"],"potions_floor_usage":[6],"damage_taken":[{"damage":7,"enemies":"Jaw Worm","floor":1,"turns":3},{"damage":6,"enemies":"Cultist","floor":4,"turns":4},{"damage":3,"enemies":"2 Louse","floor":5,"turns":2},{"damage":21,"enemies":"Gremlin Nob","floor":6,"turns":4},{"damage":15,"enemies":"Blue Slaver","floor":7,"turns":4},{"damage":8,"enemies":"Looter","floor":12,"turns":5},{"damage":22,"enemies":"Gremlin Gang","floor":13,"turns":1}],"seed_played":"-3014951031565408624","potions_obtained":[{"floor":3,"key":"Dexterity Potion"},{"floor":3,"key":"Ancient Potion"},{"floor":3,"key":"FearPotion"},{"floor":4,"key":"Fire Potion"},{"floor":12,"key":"Poison Potion"}],"is_trial":false,"path_per_floor":["M","?","?","M","M","E","M","R","T","R","?","M","M"],"character_chosen":"IRONCLAD","items_purchased":[],"campfire_rested":0,"item_purchase_floors":[],"current_hp_per_floor":[55,55,55,55,58,43,34,34,34,34,22,20,0],"gold":363,"neow_bonus":"TRANSFORM_TWO_CARDS","is_prod":false,"is_daily":false,"chose_seed":false,"campfire_upgraded":2,"win_rate":0,"timestamp":1548603397,"path_taken":["M","?","?","?","M","E","M","R","T","R","?","M","M"],"build_version":"2019-01-23","purchased_purges":0,"victory":false,"max_hp_per_floor":[80,80,80,80,80,80,80,80,80,80,80,80,80],"card_choices":[{"not_picked":["True Grit","Havoc"],"picked":"Metallicize","floor":1},{"not_picked":["Iron Wave","Seeing Red","Pommel Strike"],"picked":"SKIP","floor":4},{"not_picked":["Twin Strike","Thunderclap","Clothesline"],"picked":"SKIP","floor":5},{"not_picked":["Warcry","Dropkick"],"picked":"Combust","floor":6},{"not_picked":["Cleave","Pommel Strike","Perfected Strike"],"picked":"SKIP","floor":7},{"not_picked":["Sword Boomerang","Warcry","Perfected Strike"],"picked":"SKIP","floor":12}],"player_experience":105887,"relics_obtained":[{"floor":6,"key":"Darkstone Periapt"},{"floor":9,"key":"Frozen Egg 2"}],"event_choices":[{"damage_healed":0,"gold_gain":175,"player_choice":"AGREE","damage_taken":0,"max_hp_gain":0,"max_hp_loss":0,"event_name":"Liars Game","floor":2,"gold_loss":0,"cards_obtained":["Doubt"]},{"damage_healed":0,"gold_gain":0,"player_choice":"Got Potions","damage_taken":0,"max_hp_gain":0,"max_hp_loss":0,"event_name":"Lab","floor":3,"gold_loss":0},{"damage_healed":0,"gold_gain":0,"player_choice":"Success","damage_taken":12,"relics_obtained":["PreservedInsect"],"max_hp_gain":0,"max_hp_loss":0,"event_name":"Scrap Ooze","floor":11,"gold_loss":0}],"is_beta":false,"boss_relics":[],"items_purged_floors":[],"is_endless":false,"potions_floor_spawned":[4,12],"killed_by":"Gremlin Gang","ascension_level":3}