{"gold_per_floor":[369,369,380,399,459,485,485,485,541,541,616,646,675,700,712,724],"floor_reached":16,"playtime":792,"items_purged":[],"score":127,"play_id":"0c395313-d337-40b1-abf7-99589f3f008e","local_time":"20190209153430","is_ascension_mode":true,"campfire_choices":[{"floor":8.0,"key":"REST"},{"floor":10.0,"key":"RECALL"},{"floor":15,"key":"REST"}],"neow_cost":"TEN_PERCENT_HP_LOSS","seed_source_timestamp":497554833274804,"circlet_count":0,"master_deck":["Strike_B","Strike_B","Strike_B","Strike_B","Defend_B","Defend_B","Defend_B","Defend_B","Zap","Dualcast","Sunder","Compile Driver","Leap","Steam","Melter"],"special_seed":0,"relics":["Cracked Core","The Courier","Matryoshka","Tiny Chest","MawBank"],"potions_floor_usage":[],"damage_taken":[{"damage":0.0,"enemies":"Small Slimes","floor":1.0,"turns":3.0},{"damage":8.0,"enemies":"Jaw Worm","floor":3.0,"turns":4.0},{"damage":0.0,"enemies":"Cultist","floor":4.0,"turns":2.0},{"damage":21.0,"enemies":"Lagavulin","floor":6.0,"turns":7.0},{"damage":43,"enemies":"Gremlin Nob","floor":12,"turns":5},{"damage":6,"enemies":"Blue Slaver","floor":13,"turns":4},{"damage":0,"enemies":"2 Fungi Beasts","floor":14,"turns":3},{"damage":29,"enemies":"The Guardian","floor":16,"turns":10}],"seed_played":"6040375355352484954","potions_obtained":[{"floor":1.0,"key":"PowerPotion"},{"floor":4.0,"key":"AttackPotion"}],"is_trial":false,"path_per_floor":["M","?","M","M","?","E","T","R","T","R","?","E","M","M","R","B"],"character_chosen":"DEFECT","items_purchased":[],"campfire_rested":2,"item_purchase_floors":[],"current_hp_per_floor":[68,73,65,65,65,44,44,65,65,65,54,11,5,5,26,0],"gold":724,"neow_bonus":"TWO_FIFTY_GOLD","is_prod":false,"is_daily":false,"chose_seed":false,"campfire_upgraded":0,"win_rate":0,"timestamp":1549722870,"path_taken":["M","?","M","M","?","E","?","R","T","R","?","E","M","M","R","BOSS"],"build_version":"2019-01-23","purchased_purges":0,"victory":false,"max_hp_per_floor":[68,73,73,73,73,73,73,73,73,73,73,73,73,73,73,73],"card_choices":[{"not_picked":["Chaos","Conserve Battery"],"picked":"Sunder","floor":1.0},{"not_picked":["Stack","Go for the Eyes"],"picked":"Compile Driver","floor":3.0},{"not_picked":["Turbo","Undo"],"picked":"Leap","floor":4.0},{"not_picked":["Reprogram","Coolheaded"],"picked":"Steam","floor":6.0},{"not_picked":["Capacitor","Cold Snap"],"picked":"Melter","floor":12},{"not_picked":["Go for the Eyes","Hologram","Rebound"],"picked":"SKIP","floor":13},{"not_picked":["Steam Power","Heatsinks","Beam Cell"],"picked":"SKIP","floor":14}],"player_experience":318708,"relics_obtained":[{"floor":6.0,"key":"The Courier"},{"floor":7.0,"key":"Matryoshka"},{"floor":9.0,"key":"Tiny Chest"},{"floor":12,"key":"MawBank"}],"event_choices":[{"damage_healed":0.0,"max_hp_gain":5.0,"max_hp_loss":0.0,"gold_gain":0.0,"event_name":"Big Fish","player_choice":"Donut","floor":2.0,"gold_loss":0.0,"damage_taken":0.0},{"damage_healed":0.0,"max_hp_gain":0.0,"max_hp_loss":0.0,"gold_gain":60.0,"event_name":"Golden Wing","player_choice":"Gained Gold","floor":5.0,"gold_loss":0.0,"damage_taken":0.0},{"damage_healed":0.0,"max_hp_gain":0.0,"max_hp_loss":0.0,"gold_gain":75.0,"event_name":"World of Goop","player_choice":"Gather Gold","floor":11.0,"gold_loss":0.0,"damage_taken":11.0}],"is_beta":false,"boss_relics":[],"items_purged_floors":[],"is_endless":false,"potions_floor_spawned":[1,4],"killed_by":"The Guardian","ascension_level":3}