{"gold_per_floor":[116,116,191,210,210,210,245,245,245,255,273,336,386,20,20,121,121,139,189,268,318,67,67,78,128,128,50,100,50,100,116,116,219,219,229,279,551,18,168,168,194,194,275,275,98,148,161,173,173,173],"floor_reached":51,"playtime":1498,"items_purged":["Defend_G","Strike_G","Strike_G","Shame","Strike_G","Defend_G"],"score":928,"play_id":"d033fd27-973e-4422-85b0-fb43a1307067","local_time":"20181202153601","is_ascension_mode":true,"campfire_choices":[{"data":"Neutralize","floor":6,"key":"SMITH"},{"data":"Cloak And Dagger","floor":8,"key":"SMITH"},{"data":"Cloak And Dagger","floor":15,"key":"SMITH"},{"data":"Cloak And Dagger","floor":23,"key":"SMITH"},{"data":"Blade Dance","floor":32,"key":"SMITH"},{"data":"Strike_G","floor":40,"key":"PURGE"},{"data":"Strike_G","floor":42,"key":"PURGE"},{"data":"Regret","floor":44,"key":"PURGE"},{"floor":49,"key":"REST"}],"neow_cost":"NONE","seed_source_timestamp":786055121533535,"circlet_count":0,"master_deck":["Defend_G","Defend_G","Defend_G","Survivor","Neutralize+1","Cloak And Dagger+1","Flying Knee","Cloak And Dagger+1","Sucker Punch","Blade Dance+1","Cloak And Dagger+1","Well Laid Plans+1","Backstab","Envenom+1","Skewer+1","Blade Dance+1","Deflect+1","Infinite Blades+1","Well Laid Plans+1","Die Die Die","Backstab+1","Accuracy+1","Backstab","Dramatic Entrance","Flechettes+1","Cloak And Dagger+1","Footwork+1","Blade Dance+1","Prepared+1"],"relics":["Ring of the Snake","NeowsBlessing","Smiling Mask","SsserpentHead","Mercury Hourglass","Meat on the Bone","Frozen Egg 2","WristBlade","Juzu Bracelet","Red Mask","Ninja Scroll","MutagenicStrength","Ornamental Fan","Calipers","Enchiridion","Cursed Key","Peace Pipe","StoneCalendar","Mummified Hand","Paper Crane"],"potions_floor_usage":[33,33,50,50,50],"damage_taken":[{"damage":0,"enemies":"2 Louse","floor":1,"turns":1},{"damage":0,"enemies":"Cultist","floor":4,"turns":1},{"damage":0,"enemies":"Gremlin Nob","floor":7,"turns":1},{"damage":1,"enemies":"Small Slimes","floor":10,"turns":3},{"damage":12,"enemies":"3 Louse","floor":11,"turns":2},{"damage":9,"enemies":"Blue Slaver","floor":12,"turns":4},{"damage":14,"enemies":"Slime Boss","floor":16,"turns":9},{"damage":4,"enemies":"Shell Parasite","floor":18,"turns":3},{"damage":0,"enemies":"Masked Bandits","floor":20,"turns":2},{"damage":0,"enemies":"Colosseum Slavers","floor":21,"turns":2},{"damage":0,"enemies":"Chosen","floor":24,"turns":3},{"damage":0,"enemies":"Snake Plant","floor":31,"turns":3},{"damage":28,"enemies":"Collector","floor":33,"turns":6},{"damage":0,"enemies":"3 Darklings","floor":35,"turns":4},{"damage":0,"enemies":"Mind Bloom Boss Battle","floor":39,"turns":2},{"damage":11,"enemies":"Reptomancer","floor":41,"turns":3},{"damage":0,"enemies":"Orb Walker","floor":47,"turns":1},{"damage":0,"enemies":"Jaw Worm Horde","floor":48,"turns":1},{"damage":44,"enemies":"Awakened One","floor":50,"turns":7}],"seed_played":"3723163887963357798","potions_obtained":[{"floor":7,"key":"FearPotion"},{"floor":10,"key":"Poison Potion"},{"floor":13,"key":"Energy Potion"},{"floor":13,"key":"Ancient Potion"},{"floor":35,"key":"SteroidPotion"},{"floor":48,"key":"Dexterity Potion"}],"is_trial":false,"path_per_floor":["M","?","?","M","?","R","E","R","T","M","M","M","?","$","R","B",null,"M","?","?","?","$","R","M","?","T","$","?","$","?","M","R","B",null,"M","?","?","$","?","R","E","R","T","R","$","?","M","M","R","B",null],"character_chosen":"THE_SILENT","items_purchased":["Frozen Egg 2","Well Laid Plans+1","Backstab","Ninja Scroll","Infinite Blades+1","Accuracy+1","Backstab","Dramatic Entrance","Peace Pipe","Footwork+1","AttackPotion"],"campfire_rested":1,"item_purchase_floors":[14,14,14,22,27,38,38,38,38,45,45],"current_hp_per_floor":[70,63,52,52,52,52,52,52,52,51,39,42,42,42,42,40,63,59,59,59,59,59,59,59,59,59,59,59,59,43,43,43,27,59,59,59,59,59,59,59,48,48,48,48,48,48,48,48,66,34],"gold":173,"neow_bonus":"THREE_ENEMY_KILL","is_prod":false,"is_daily":false,"chose_seed":false,"campfire_upgraded":5,"win_rate":0,"timestamp":1543782961,"path_taken":["M","?","?","M","?","R","E","R","T","M","M","?","?","?","R","BOSS","M","?","?","?","?","R","M","?","T","?","?","$","?","M","R","BOSS","M","?","?","?","?","R","E","R","T","R","$","?","M","M","R","BOSS"],"build_version":"2018-11-15","purchased_purges":6,"victory":true,"max_hp_per_floor":[70,70,70,70,70,70,70,70,70,70,70,70,70,70,70,70,70,70,70,70,70,70,70,70,70,70,70,70,70,70,70,70,70,70,70,66,66,66,66,66,66,66,66,66,66,66,66,66,66,66],"card_choices":[{"not_picked":["All Out Attack","Acrobatics"],"picked":"Cloak And Dagger","floor":1},{"not_picked":["Prepared","Calculated Gamble"],"picked":"Flying Knee","floor":4},{"not_picked":["Slice","PiercingWail"],"picked":"Cloak And Dagger","floor":7},{"not_picked":["Escape Plan","Caltrops"],"picked":"Sucker Punch","floor":10},{"not_picked":["PiercingWail","Quick Slash"],"picked":"Blade Dance","floor":11},{"not_picked":["Riddle With Holes","Phantasmal Killer"],"picked":"Cloak And Dagger","floor":12},{"not_picked":["Burst","Malaise"],"picked":"Envenom+1","floor":16},{"not_picked":["PiercingWail+1","Quick Slash+1"],"picked":"Skewer+1","floor":18},{"not_picked":["Dodge and Roll","Slice"],"picked":"Blade Dance+1","floor":20},{"not_picked":["Bane","Catalyst"],"picked":"Deflect+1","floor":24},{"not_picked":["Dodge and Roll","Blade Dance"],"picked":"Well Laid Plans+1","floor":31},{"not_picked":["Venomology","Grand Finale"],"picked":"Die Die Die","floor":33},{"not_picked":["Outmaneuver","Quick Slash+1"],"picked":"Backstab+1","floor":35},{"not_picked":["Underhanded Strike+1","Deflect"],"picked":"Flechettes+1","floor":39},{"not_picked":["Dagger Spray","Deflect"],"picked":"Cloak And Dagger+1","floor":41},{"not_picked":["Setup","Quick Slash+1"],"picked":"Blade Dance+1","floor":47},{"not_picked":["Doppelganger","Cloak And Dagger"],"picked":"Prepared+1","floor":48}],"player_experience":338171,"relics_obtained":[{"floor":7,"key":"Mercury Hourglass"},{"floor":9,"key":"Meat on the Bone"},{"floor":20,"key":"Red Mask"},{"floor":26,"key":"Ornamental Fan"},{"floor":30,"key":"Enchiridion"},{"floor":39,"key":"StoneCalendar"},{"floor":41,"key":"Mummified Hand"},{"floor":43,"key":"Paper Crane"}],"event_choices":[{"damage_healed":0,"gold_gain":0,"player_choice":"Success","damage_taken":7,"relics_obtained":["Smiling Mask"],"max_hp_gain":0,"max_hp_loss":0,"event_name":"Scrap Ooze","floor":2,"gold_loss":0},{"damage_healed":0,"gold_gain":75,"player_choice":"Gather Gold","damage_taken":11,"max_hp_gain":0,"max_hp_loss":0,"event_name":"World of Goop","floor":3,"gold_loss":0},{"damage_healed":0,"gold_gain":0,"player_choice":"Trade","damage_taken":0,"relics_obtained":["SsserpentHead"],"max_hp_gain":0,"max_hp_loss":0,"event_name":"FaceTrader","floor":5,"gold_loss":0},{"damage_healed":0,"gold_gain":0,"player_choice":"Got Potions","damage_taken":0,"max_hp_gain":0,"max_hp_loss":0,"event_name":"Lab","floor":13,"gold_loss":0},{"damage_healed":0,"gold_gain":0,"player_choice":"Opened","damage_taken":0,"relics_obtained":["Juzu Bracelet"],"max_hp_gain":0,"max_hp_loss":0,"event_name":"The Mausoleum","floor":19,"gold_loss":0},{"damage_healed":0,"gold_gain":0,"player_choice":"Fought Bandits","damage_taken":0,"max_hp_gain":0,"max_hp_loss":0,"event_name":"Masked Bandits","floor":20,"gold_loss":0},{"damage_healed":0,"gold_gain":0,"player_choice":"Fight","damage_taken":0,"max_hp_gain":0,"max_hp_loss":0,"event_name":"Colosseum","floor":21,"gold_loss":0},{"damage_healed":0,"gold_gain":0,"player_choice":"Fled From Nobs","damage_taken":0,"max_hp_gain":0,"max_hp_loss":0,"event_name":"Colosseum","floor":21,"gold_loss":0},{"damage_healed":0,"gold_gain":0,"player_choice":"Inject Mutagens","damage_taken":0,"relics_obtained":["MutagenicStrength"],"max_hp_gain":0,"max_hp_loss":0,"event_name":"Drug Dealer","floor":25,"gold_loss":0},{"damage_healed":0,"gold_gain":0,"player_choice":"Stole Relic","damage_taken":0,"relics_obtained":["Calipers"],"max_hp_gain":0,"max_hp_loss":0,"event_name":"Addict","floor":28,"gold_loss":0,"cards_obtained":["Shame"]},{"damage_healed":0,"gold_gain":0,"player_choice":"Obtained Book","damage_taken":16,"max_hp_gain":0,"max_hp_loss":0,"event_name":"Cursed Tome","floor":30,"gold_loss":0},{"damage_healed":0,"gold_gain":0,"player_choice":"Max HP","damage_taken":0,"max_hp_gain":0,"max_hp_loss":4,"event_name":"Winding Halls","floor":36,"gold_loss":0},{"damage_healed":0,"gold_gain":222,"player_choice":"Wore Mask","damage_taken":0,"max_hp_gain":0,"max_hp_loss":0,"event_name":"Tomb of Lord Red Mask","floor":37,"gold_loss":0},{"damage_healed":0,"gold_gain":0,"player_choice":"Fight","damage_taken":0,"max_hp_gain":0,"max_hp_loss":0,"event_name":"MindBloom","floor":39,"gold_loss":0},{"damage_healed":0,"gold_gain":0,"player_choice":"Ignored","damage_taken":0,"max_hp_gain":0,"max_hp_loss":0,"event_name":"Mysterious Sphere","floor":46,"gold_loss":0}],"is_beta":false,"boss_relics":[{"not_picked":["Eternal Feather","Orrery"],"picked":"WristBlade"},{"not_picked":["Tiny House","Astrolabe"],"picked":"Cursed Key"}],"items_purged_floors":[14,22,27,29,38,45],"is_endless":false,"potions_floor_spawned":[7,10,21,31,35,48],"ascension_level":5}