{"gold_per_floor":[109,209,64,79,79,79,94,110,135,135,149,149,177,194,194,271,271,289,289,48,48,48,48,63,89,89,89,89,102,21,31,31,103,103,113,76,126,144,157,157,119,119,119,147,247,247,42,0,0,0],"floor_reached":51,"playtime":2332,"items_purged":[],"score":1232,"play_id":"acdc0272-a9f4-4b95-963d-eca120809ef0","local_time":"20190120031947","is_ascension_mode":true,"campfire_choices":[{"data":"Well Laid Plans","floor":6,"key":"SMITH"},{"data":"Poisoned Stab","floor":10,"key":"SMITH"},{"data":"Neutralize","floor":12,"key":"SMITH"},{"data":"Bouncing Flask","floor":15,"key":"SMITH"},{"data":"Catalyst","floor":23,"key":"SMITH"},{"floor":28,"key":"REST"},{"data":"Catalyst","floor":32,"key":"SMITH"},{"data":"Adrenaline","floor":40,"key":"SMITH"},{"data":"Malaise","floor":42,"key":"SMITH"},{"data":"Footwork","floor":46,"key":"SMITH"},{"data":"Noxious Fumes","floor":49,"key":"SMITH"}],"neow_cost":"NONE","seed_source_timestamp":723391146394904,"circlet_count":0,"master_deck":["AscendersBane","Defend_G","Defend_G+1","Defend_G","Defend_G","Defend_G","Strike_G","Strike_G","Strike_G","Survivor","Neutralize+1","Sucker Punch+1","Well Laid Plans+1","Dagger Spray","Poisoned Stab+1","Infinite Blades","Bouncing Flask+1","Deadly Poison","Glass Knife","Catalyst+1","Dodge and Roll","Poisoned Stab","Ghostly","Ghostly","Ghostly+1","Ghostly","Ghostly","Catalyst+1","Backflip","Dodge and Roll","A Thousand Cuts","PiercingWail+1","PiercingWail","Adrenaline+1","Malaise+1","Parasite","Noxious Fumes+1","Noxious Fumes","Footwork+1","Deadly Poison"],"relics":["Ring of the Snake","Blood Vial","Snake Skull","Happy Flower","Omamori","Orrery","DollysMirror","Enchiridion","Dream Catcher","Ninja Scroll","Regal Pillow","Calling Bell","War Paint","Paper Crane","Ginger","Girya","The Courier","Bird Faced Urn","Du-Vu Doll","Chemical X","Red Mask"],"potions_floor_usage":[16,37,50],"damage_taken":[{"damage":1,"enemies":"2 Louse","floor":1,"turns":4},{"damage":0,"enemies":"Cultist","floor":4,"turns":4},{"damage":0,"enemies":"Jaw Worm","floor":7,"turns":4},{"damage":0,"enemies":"Exordium Wildlife","floor":8,"turns":3},{"damage":6,"enemies":"Large Slime","floor":11,"turns":7},{"damage":19,"enemies":"3 Sentries","floor":13,"turns":6},{"damage":0,"enemies":"Looter","floor":14,"turns":3},{"damage":7,"enemies":"The Guardian","floor":16,"turns":7},{"damage":26,"enemies":"2 Thieves","floor":18,"turns":4},{"damage":3,"enemies":"3 Byrds","floor":24,"turns":5},{"damage":3,"enemies":"Slavers","floor":25,"turns":5},{"damage":3,"enemies":"Snake Plant","floor":29,"turns":5},{"damage":5,"enemies":"3 Cultists","floor":31,"turns":8},{"damage":19,"enemies":"Champ","floor":33,"turns":7},{"damage":4,"enemies":"3 Darklings","floor":35,"turns":7},{"damage":2,"enemies":"2 Orb Walkers","floor":37,"turns":6},{"damage":0,"enemies":"3 Shapes","floor":38,"turns":5},{"damage":6,"enemies":"3 Darklings","floor":39,"turns":7},{"damage":3,"enemies":"Nemesis","floor":44,"turns":5},{"damage":1,"enemies":"Mind Bloom Boss Battle","floor":45,"turns":7},{"damage":12,"enemies":"Time Eater","floor":50,"turns":7}],"seed_played":"-7800540652455822820","potions_obtained":[{"floor":1,"key":"GhostInAJar"},{"floor":8,"key":"Poison Potion"},{"floor":18,"key":"Strength Potion"},{"floor":38,"key":"SteroidPotion"},{"floor":39,"key":"GhostInAJar"}],"is_trial":false,"path_per_floor":["M","?","$","M","?","R","M","M","T","R","M","R","E","M","R","B",null,"M","?","$","?","?","R","M","E","T","T","R","M","$","M","R","B",null,"M","$","?","M","M","R","$","R","T","E","?","R","$","?","R","B",null],"character_chosen":"THE_SILENT","items_purchased":["Snake Skull","DollysMirror","Backflip","Adrenaline","Noxious Fumes","Noxious Fumes","PowerPotion","Chemical X"],"campfire_rested":1,"item_purchase_floors":[3,20,20,30,36,41,47,47],"current_hp_per_floor":[60,60,60,62,62,62,64,66,66,66,60,60,43,45,45,40,60,36,33,33,33,17,17,16,15,15,15,33,30,30,27,27,10,27,25,25,25,27,23,23,23,23,23,22,33,33,33,33,33,26],"gold":0,"neow_bonus":"RANDOM_COMMON_RELIC","is_prod":false,"is_daily":false,"chose_seed":false,"campfire_upgraded":10,"win_rate":0,"timestamp":1547972387,"path_taken":["M","?","?","M","?","R","M","M","T","R","M","R","E","M","R","BOSS","M","?","$","?","?","R","M","E","T","?","R","M","?","M","R","BOSS","M","$","?","M","M","R","$","R","T","E","?","R","$","?","R","BOSS"],"build_version":"2019-01-17v2","purchased_purges":0,"victory":true,"max_hp_per_floor":[66,66,66,66,66,66,66,66,66,66,66,66,66,66,66,66,66,66,33,33,33,33,33,33,33,33,33,33,33,33,33,33,33,33,33,33,33,33,33,33,33,33,33,33,33,33,33,33,33,33],"card_choices":[{"not_picked":["Terror","Underhanded Strike"],"picked":"Sucker Punch","floor":1},{"not_picked":["Dagger Throw","Flying Knee"],"picked":"Well Laid Plans","floor":4},{"not_picked":["Accuracy","Eviscerate"],"picked":"Dagger Spray","floor":7},{"not_picked":["Well Laid Plans","Finisher"],"picked":"Poisoned Stab","floor":8},{"not_picked":["Flying Knee","Dagger Throw"],"picked":"Infinite Blades","floor":11},{"not_picked":["Bullet Time","Storm of Steel"],"picked":"Bouncing Flask","floor":13},{"not_picked":["Sucker Punch","PiercingWail"],"picked":"Deadly Poison","floor":14},{"not_picked":["A Thousand Cuts","Venomology"],"picked":"Glass Knife","floor":16},{"not_picked":["Poisoned Stab","Quick Slash"],"picked":"Catalyst","floor":17},{"not_picked":["Accuracy","Slice"],"picked":"Dodge and Roll","floor":17},{"not_picked":["Slice","Blade Dance"],"picked":"Poisoned Stab","floor":17},{"not_picked":["Sucker Punch","Slice","Poisoned Stab"],"picked":"SKIP","floor":18},{"not_picked":["Well Laid Plans","Flechettes","Slice"],"picked":"SKIP","floor":24},{"not_picked":["All Out Attack","Underhanded Strike","Backstab"],"picked":"SKIP","floor":25},{"not_picked":["All Out Attack","Underhanded Strike","Backstab"],"picked":"SKIP","floor":25},{"not_picked":["Masterful Stab","Sucker Punch"],"picked":"PiercingWail+1","floor":28},{"not_picked":["Flying Knee","Expertise+1"],"picked":"PiercingWail","floor":29},{"not_picked":["Unload","Prepared","Sucker Punch"],"picked":"SKIP","floor":31},{"not_picked":["After Image","A Thousand Cuts"],"picked":"Malaise","floor":33},{"not_picked":["Slice","Dash+1","Tactician"],"picked":"SKIP","floor":35},{"not_picked":["Terror+1","Reflex+1","All Out Attack+1"],"picked":"SKIP","floor":38},{"not_picked":["Blade Dance","Acrobatics","Underhanded Strike"],"picked":"SKIP","floor":39},{"not_picked":["Flying Knee+1","PiercingWail"],"picked":"Footwork","floor":44},{"not_picked":["Acrobatics","Eviscerate"],"picked":"Deadly Poison","floor":45}],"player_experience":514622,"relics_obtained":[{"floor":9,"key":"Happy Flower"},{"floor":13,"key":"Omamori"},{"floor":22,"key":"Enchiridion"},{"floor":25,"key":"Dream Catcher"},{"floor":26,"key":"Ninja Scroll"},{"floor":27,"key":"Regal Pillow"},{"floor":34,"key":"War Paint"},{"floor":34,"key":"Paper Crane"},{"floor":34,"key":"Ginger"},{"floor":37,"key":"Girya"},{"floor":43,"key":"The Courier"},{"floor":44,"key":"Bird Faced Urn"},{"floor":45,"key":"Du-Vu Doll"}],"event_choices":[{"damage_healed":0,"gold_gain":100,"player_choice":"Pray","damage_taken":0,"max_hp_gain":0,"max_hp_loss":0,"event_name":"Golden Shrine","floor":2,"gold_loss":0},{"damage_healed":0,"gold_gain":0,"player_choice":"Grow","damage_taken":0,"max_hp_gain":0,"max_hp_loss":0,"event_name":"Living Wall","floor":5,"gold_loss":0,"cards_upgraded":["Sucker Punch"]},{"damage_healed":0,"gold_gain":0,"player_choice":"Became a Ghost","damage_taken":0,"max_hp_gain":0,"max_hp_loss":33,"event_name":"Ghosts","floor":19,"gold_loss":0,"cards_obtained":["Ghostly","Ghostly","Ghostly","Ghostly","Ghostly"]},{"damage_healed":0,"gold_gain":0,"cards_transformed":["Strike_G","Strike_G"],"player_choice":"Became Test Subject","damage_taken":0,"max_hp_gain":0,"max_hp_loss":0,"event_name":"Drug Dealer","floor":21,"gold_loss":0,"cards_obtained":["Dodge and Roll","A Thousand Cuts"]},{"damage_healed":0,"gold_gain":0,"player_choice":"Obtained Book","damage_taken":16,"max_hp_gain":0,"max_hp_loss":0,"event_name":"Cursed Tome","floor":22,"gold_loss":0},{"damage_healed":0,"gold_gain":0,"player_choice":"Fight","damage_taken":0,"max_hp_gain":0,"max_hp_loss":0,"event_name":"Mysterious Sphere","floor":37,"gold_loss":0},{"damage_healed":0,"gold_gain":0,"player_choice":"Fight","damage_taken":0,"max_hp_gain":0,"max_hp_loss":0,"event_name":"MindBloom","floor":45,"gold_loss":0},{"damage_healed":0,"gold_gain":0,"player_choice":"Paid","damage_taken":0,"relics_obtained":["Red Mask"],"max_hp_gain":0,"max_hp_loss":0,"event_name":"Tomb of Lord Red Mask","floor":48,"gold_loss":42}],"is_beta":false,"boss_relics":[{"not_picked":["Eternal Feather","Lizard Tail"],"picked":"Orrery"},{"not_picked":["Black Star","Coffee Dripper"],"picked":"Calling Bell"}],"items_purged_floors":[],"is_endless":false,"potions_floor_spawned":[1,8,13,18,25,29,33,38,39,45],"ascension_level":14}