{"gold_per_floor":[111,111,121,121,141,141,141,141,141,175,175,207,232,260,260,365,365,377,377,389,145,170,196,196,216,289,289],"floor_reached":27,"playtime":3110,"items_purged":["Regret"],"score":371,"play_id":"36f065d0-da0f-4aba-b84b-fa55cd58595b","local_time":"20181205105110","is_ascension_mode":true,"campfire_choices":[{"floor":6,"key":"RECALL"},{"data":"Neutralize","floor":8,"key":"SMITH"},{"floor":11,"key":"REST"},{"floor":15,"key":"REST"},{"floor":24,"key":"REST"}],"neow_cost":"NONE","seed_source_timestamp":385643492758839,"circlet_count":0,"master_deck":["AscendersBane","Defend_G","Defend_G","Defend_G","Defend_G","Defend_G","Strike_G","Strike_G","Strike_G","Strike_G","Survivor","Neutralize+1","All Out Attack","Underhanded Strike","Terror","After Image","Riddle With Holes","Envenom+1","Flying Knee","Prepared","Corpse Explosion","Underhanded Strike","Noxious Fumes+1","Cloak And Dagger","Crippling Poison","Sucker Punch+1","Bouncing Flask","Apotheosis","Corpse Explosion","Bouncing Flask+1","Dagger Spray"],"relics":["Ring of the Snake","NeowsBlessing","Incense Burner","Boot","The Specimen","Happy Flower","FossilizedHelix","Odd Mushroom","Frozen Egg 2","Orrery","Dream Catcher","Singing Bowl"],"potions_floor_usage":[13,23,23,23,23,25,25],"damage_taken":[{"damage":0,"enemies":"2 Louse","floor":1,"turns":1},{"damage":0,"enemies":"Small Slimes","floor":3,"turns":1},{"damage":0,"enemies":"Cultist","floor":5,"turns":1},{"damage":18,"enemies":"Lagavulin","floor":10,"turns":7},{"damage":6,"enemies":"Gremlin Nob","floor":12,"turns":4},{"damage":10,"enemies":"The Mushroom Lair","floor":13,"turns":4},{"damage":15,"enemies":"3 Sentries","floor":14,"turns":8},{"damage":20,"enemies":"The Guardian","floor":16,"turns":11},{"damage":6,"enemies":"Chosen","floor":18,"turns":5},{"damage":0,"enemies":"3 Byrds","floor":20,"turns":4},{"damage":31,"enemies":"Slavers","floor":23,"turns":4},{"damage":21,"enemies":"Snake Plant","floor":25,"turns":4},{"damage":31,"enemies":"Shelled Parasite and Fungi","floor":27,"turns":3}],"seed_played":"-4301068345944375755","potions_obtained":[{"floor":3,"key":"SkillPotion"},{"floor":12,"key":"SpeedPotion"},{"floor":14,"key":"Weak Potion"},{"floor":16,"key":"EntropicBrew"},{"floor":18,"key":"Strength Potion"}],"is_trial":false,"path_per_floor":["M","?","M","?","M","R","?","R","T","E","R","E","?","E","R","B",null,"M","?","M","$","T","E","R","M","T","M"],"character_chosen":"THE_SILENT","items_purchased":["Apotheosis"],"campfire_rested":3,"item_purchase_floors":[21],"current_hp_per_floor":[63,63,63,63,63,63,63,63,63,45,66,60,50,35,56,36,62,56,56,56,56,56,25,46,25,25,0],"gold":289,"neow_bonus":"THREE_ENEMY_KILL","is_prod":false,"is_daily":false,"chose_seed":false,"campfire_upgraded":1,"win_rate":0,"timestamp":1544007070,"path_taken":["M","?","M","?","?","R","?","R","T","E","R","E","?","E","R","BOSS","M","?","M","$","?","E","R","M","T","M"],"build_version":"2018-11-15","purchased_purges":1,"victory":false,"max_hp_per_floor":[70,70,70,70,70,70,70,70,70,70,70,70,70,70,70,70,70,70,70,70,70,70,70,70,70,70,70],"card_choices":[{"not_picked":["Outmaneuver","Deflect"],"picked":"All Out Attack","floor":1},{"not_picked":["Acrobatics","Eviscerate"],"picked":"Underhanded Strike","floor":3},{"not_picked":["Endless Agony","Bane"],"picked":"Terror","floor":5},{"not_picked":["Cloak And Dagger","Prepared"],"picked":"Riddle With Holes","floor":10},{"not_picked":["Quick Slash","Poisoned Stab"],"picked":"Envenom","floor":12},{"not_picked":["Backstab","Bane"],"picked":"Flying Knee","floor":13},{"not_picked":["Terror","Choke"],"picked":"Prepared","floor":14},{"not_picked":["Glass Knife","Unload"],"picked":"Corpse Explosion","floor":16},{"not_picked":["Cloak And Dagger","Prepared"],"picked":"Underhanded Strike","floor":17},{"not_picked":["Finisher","Bane"],"picked":"Noxious Fumes+1","floor":17},{"not_picked":["Flying Knee","Acrobatics"],"picked":"Cloak And Dagger","floor":17},{"not_picked":["Distraction","Quick Slash"],"picked":"Crippling Poison","floor":17},{"not_picked":["Backflip","Underhanded Strike"],"picked":"Sucker Punch+1","floor":18},{"not_picked":["Slice","Blur"],"picked":"Bouncing Flask","floor":20},{"not_picked":["Calculated Gamble","Deflect"],"picked":"Corpse Explosion","floor":23},{"not_picked":["Deflect","Dodge and Roll"],"picked":"Bouncing Flask+1","floor":24},{"not_picked":["Predator+1","Blade Dance"],"picked":"Dagger Spray","floor":25}],"player_experience":942671,"relics_obtained":[{"floor":9,"key":"The Specimen"},{"floor":10,"key":"Happy Flower"},{"floor":12,"key":"FossilizedHelix"},{"floor":13,"key":"Odd Mushroom"},{"floor":14,"key":"Frozen Egg 2"},{"floor":23,"key":"Dream Catcher"},{"floor":26,"key":"Singing Bowl"}],"event_choices":[{"damage_healed":0,"gold_gain":0,"player_choice":"Box","damage_taken":0,"relics_obtained":["Incense Burner"],"max_hp_gain":0,"max_hp_loss":0,"event_name":"Big Fish","floor":2,"gold_loss":0,"cards_obtained":["Regret"]},{"damage_healed":0,"gold_gain":0,"player_choice":"Gave Potion","damage_taken":0,"relics_obtained":["Boot"],"max_hp_gain":0,"max_hp_loss":0,"event_name":"WeMeetAgain","floor":4,"gold_loss":0},{"damage_healed":0,"gold_gain":0,"cards_transformed":["Strike_G"],"player_choice":"Change","damage_taken":0,"max_hp_gain":0,"max_hp_loss":0,"event_name":"Living Wall","floor":7,"gold_loss":0,"cards_obtained":["After Image"]},{"damage_healed":0,"gold_gain":0,"player_choice":"Fought Mushrooms","damage_taken":0,"max_hp_gain":0,"max_hp_loss":0,"event_name":"Mushrooms","floor":13,"gold_loss":0},{"damage_healed":0,"gold_gain":0,"player_choice":"Forge","damage_taken":0,"max_hp_gain":0,"max_hp_loss":0,"event_name":"Accursed Blacksmith","floor":19,"gold_loss":0,"cards_upgraded":["Envenom"]}],"is_beta":false,"boss_relics":[{"not_picked":["WristBlade","Eternal Feather"],"picked":"Orrery"}],"items_purged_floors":[21],"is_endless":false,"potions_floor_spawned":[3,12,14,16,18,20],"killed_by":"Shelled Parasite and Fungi","ascension_level":10}