{"gold_per_floor":[117,131,131,206,206,206,226,226,226,226,240,113,147,147,147,271,334,354,196,219,234,254,254,254,254,254,293,293,313,313,348,348,348],"floor_reached":33,"playtime":1448,"items_purged":["Strike_G"],"score":368,"play_id":"ba298d18-b8c3-4ca3-9a06-813b8ea8add3","local_time":"20190210175301","is_ascension_mode":true,"campfire_choices":[{"data":"Dagger Spray","floor":6.0,"key":"SMITH"},{"data":"Envenom","floor":8.0,"key":"SMITH"},{"data":"Strike_G","floor":10.0,"key":"PURGE"},{"data":"Cloak And Dagger","floor":15.0,"key":"SMITH"},{"data":"Cloak And Dagger","floor":23.0,"key":"SMITH"},{"data":"Tools of the Trade","floor":25.0,"key":"SMITH"},{"floor":28.0,"key":"REST"},{"floor":32.0,"key":"REST"}],"neow_cost":"CURSE","seed_source_timestamp":5425564281100,"circlet_count":0,"master_deck":["Defend_G+1","Defend_G+1","Defend_G+1","Defend_G+1","Defend_G+1","Strike_G+1","Strike_G+1","Survivor","Neutralize","Dagger Throw","Dagger Spray+1","Envenom+1","Dagger Spray","Cloak And Dagger+1","Escape Plan","Infinite Blades","Tools of the Trade+1","Cloak And Dagger+1","Flash of Steel","Blade Dance+1","Catalyst","Footwork+1","Noxious Fumes"],"special_seed":0,"relics":["Ring of the Snake","Peace Pipe","Golden Idol","Centennial Puzzle","Tingsha","Blue Candle","Tiny House","Turnip","Bag of Marbles","Red Mask"],"potions_floor_usage":[],"damage_taken":[{"damage":5.0,"enemies":"Cultist","floor":1.0,"turns":4.0},{"damage":2.0,"enemies":"Jaw Worm","floor":2.0,"turns":6.0},{"damage":0.0,"enemies":"2 Louse","floor":7.0,"turns":1.0},{"damage":1.0,"enemies":"Looter","floor":11.0,"turns":3.0},{"damage":16.0,"enemies":"Gremlin Nob","floor":13.0,"turns":3.0},{"damage":4.0,"enemies":"Hexaghost","floor":16.0,"turns":8.0},{"damage":0.0,"enemies":"3 Byrds","floor":18.0,"turns":4.0},{"damage":16.0,"enemies":"2 Thieves","floor":20.0,"turns":4.0},{"damage":2.0,"enemies":"Cultist and Chosen","floor":21.0,"turns":6.0},{"damage":13.0,"enemies":"Snecko","floor":22.0,"turns":5.0},{"damage":8.0,"enemies":"Slavers","floor":27.0,"turns":3.0},{"damage":19.0,"enemies":"Chosen and Byrds","floor":29.0,"turns":6.0},{"damage":4.0,"enemies":"Masked Bandits","floor":31.0,"turns":3.0},{"damage":51,"enemies":"Champ","floor":33,"turns":10}],"seed_played":"-5570177362224749354","potions_obtained":[{"floor":11.0,"key":"FearPotion"},{"floor":16.0,"key":"GhostInAJar"},{"floor":17.0,"key":"Fire Potion"},{"floor":20.0,"key":"GhostInAJar"},{"floor":21.0,"key":"SkillPotion"},{"floor":29.0,"key":"Regen Potion"},{"floor":31.0,"key":"LiquidBronze"}],"is_trial":false,"path_per_floor":["M","M","?","?","?","R","M","R","T","R","M","$","E","T","R","B",null,"M","$","M","M","M","R","?","R","T","E","R","M","?","?","R","B"],"character_chosen":"THE_SILENT","items_purchased":["Cloak And Dagger","Escape Plan","Flash of Steel"],"campfire_rested":2,"item_purchase_floors":[12,12,19],"current_hp_per_floor":[58,56,49,38,38,38,38,38,38,38,37,37,21,21,21,17,58,58,58,42,40,27,27,27,27,27,19,40,21,21,26,47,0],"gold":348,"neow_bonus":"ONE_RARE_RELIC","is_prod":false,"is_daily":false,"chose_seed":false,"campfire_upgraded":5,"win_rate":0,"timestamp":1549846381,"path_taken":["M","?","?","?","?","R","M","R","T","R","M","$","E","?","R","BOSS","M","$","M","M","M","R","?","R","T","E","R","?","?","?","R","BOSS"],"build_version":"2019-01-23","purchased_purges":1,"victory":false,"max_hp_per_floor":[70,70,70,70,65,65,65,65,65,65,65,65,65,65,65,65,70,70,70,70,70,70,70,70,70,70,70,70,70,70,70,70,70],"card_choices":[{"not_picked":["Blur","Blade Dance"],"picked":"Dagger Throw","floor":1.0},{"not_picked":["PiercingWail","Slice"],"picked":"Dagger Spray","floor":2.0},{"not_picked":["Endless Agony","Dagger Throw"],"picked":"Envenom","floor":7.0},{"not_picked":["Underhanded Strike","Quick Slash"],"picked":"Dagger Spray","floor":11.0},{"not_picked":["Reflex","Outmaneuver"],"picked":"Infinite Blades","floor":13.0},{"not_picked":["Envenom","Bullet Time"],"picked":"Tools of the Trade","floor":16.0},{"not_picked":["Poisoned Stab","Dagger Throw+1"],"picked":"Cloak And Dagger","floor":18.0},{"not_picked":["Outmaneuver","Backflip"],"picked":"Blade Dance+1","floor":20.0},{"not_picked":["Reflex","Poisoned Stab","Blur"],"picked":"SKIP","floor":21.0},{"not_picked":["Predator","Slice","Accuracy"],"picked":"SKIP","floor":22.0},{"not_picked":["Cloak And Dagger","Skewer","Venomology"],"picked":"SKIP","floor":27.0},{"not_picked":["Acrobatics","Catalyst"],"picked":"Footwork+1","floor":29.0},{"not_picked":["Eviscerate","Blade Dance"],"picked":"Noxious Fumes","floor":31.0}],"player_experience":346161,"relics_obtained":[{"floor":9.0,"key":"Centennial Puzzle"},{"floor":13.0,"key":"Tingsha"},{"floor":14.0,"key":"Blue Candle"},{"floor":26.0,"key":"Turnip"},{"floor":27.0,"key":"Bag of Marbles"},{"floor":31.0,"key":"Red Mask"}],"event_choices":[{"cards_removed":["Writhe"],"damage_healed":0.0,"max_hp_gain":0.0,"max_hp_loss":0.0,"gold_gain":0.0,"event_name":"Golden Wing","player_choice":"Card Removal","floor":3.0,"gold_loss":0.0,"damage_taken":7.0},{"damage_healed":0.0,"max_hp_gain":0.0,"max_hp_loss":0.0,"gold_gain":75.0,"event_name":"World of Goop","player_choice":"Gather Gold","floor":4.0,"gold_loss":0.0,"damage_taken":11.0},{"damage_healed":0.0,"max_hp_gain":0.0,"max_hp_loss":5.0,"gold_gain":0.0,"event_name":"Golden Idol","player_choice":"Lose Max HP","floor":5.0,"gold_loss":0.0,"damage_taken":0.0,"relics_obtained":["Golden Idol"]},{"damage_healed":0.0,"max_hp_gain":0.0,"max_hp_loss":0.0,"gold_gain":0.0,"cards_transformed":["Strike_G"],"event_name":"Transmorgrifier","player_choice":"Transformed","floor":24.0,"gold_loss":0.0,"damage_taken":0.0,"cards_obtained":["Catalyst"]},{"damage_healed":0.0,"max_hp_gain":0.0,"max_hp_loss":0.0,"gold_gain":0.0,"event_name":"Back to Basics","player_choice":"Simplicity","floor":30.0,"gold_loss":0.0,"damage_taken":0.0,"cards_upgraded":["Defend_G","Defend_G","Defend_G","Defend_G","Strike_G","Strike_G"]},{"damage_healed":0.0,"max_hp_gain":0.0,"max_hp_loss":0.0,"gold_gain":0.0,"event_name":"Masked Bandits","player_choice":"Fought Bandits","floor":31.0,"gold_loss":0.0,"damage_taken":0.0}],"is_beta":false,"boss_relics":[{"not_picked":["Pandora\u0027s Box","WristBlade"],"picked":"Tiny House"}],"items_purged_floors":[19],"is_endless":false,"potions_floor_spawned":[11,16,20,21,29,31],"killed_by":"Champ","ascension_level":8}