{"gold_per_floor":[18,18,0,14,14,39,39,70,82,94,126,156,195,157,169,285,297,322,334,356,368,378,378,410,410,467,484,501,33,33,33,33,33],"floor_reached":33,"playtime":1705,"items_purged":["Strike_R"],"score":365,"play_id":"75a8b0d4-bed2-4a2c-a8fd-387d35261043","local_time":"20181121034146","is_ascension_mode":true,"campfire_choices":[{"data":"Rampage","floor":7,"key":"SMITH"},{"data":"Armaments","floor":15,"key":"SMITH"},{"data":"Feed","floor":23,"key":"SMITH"},{"floor":25,"key":"REST"},{"data":"Warcry","floor":32,"key":"SMITH"}],"neow_cost":"NO_GOLD","seed_source_timestamp":0,"circlet_count":0,"master_deck":["Strike_R","Defend_R","Defend_R","Defend_R","Defend_R","Bash","Bandage Up","Finesse","Rampage+1","Reckless Charge","Pommel Strike","Thunderclap","Cleave","Warcry+1","Armaments+1","Twin Strike","Feed+1","Sword Boomerang","Shrug It Off","Twin Strike+1","Spot Weakness","Sword Boomerang+1","Shrug It Off+1","Power Through","Spot Weakness","RitualDagger"],"special_seed":0,"relics":["Burning Blood","Thread and Needle","Shuriken","Mummified Hand","Mark of Pain","Nloth\u0027s Gift","Blood Vial","Tiny Chest","Medical Kit","Mercury Hourglass"],"potions_floor_usage":[13,20,27,28,28,33],"damage_taken":[{"damage":12.0,"enemies":"Jaw Worm","floor":1.0,"turns":5.0},{"damage":11,"enemies":"Small Slimes","floor":4,"turns":4},{"damage":30,"enemies":"Gremlin Nob","floor":6,"turns":4},{"damage":29,"enemies":"3 Sentries","floor":8,"turns":9},{"damage":0,"enemies":"Cultist","floor":11,"turns":3},{"damage":0,"enemies":"3 Louse","floor":12,"turns":1},{"damage":11,"enemies":"Lagavulin","floor":13,"turns":6},{"damage":45,"enemies":"The Guardian","floor":16,"turns":11},{"damage":15,"enemies":"2 Thieves","floor":18,"turns":5},{"damage":4,"enemies":"Chosen","floor":20,"turns":3},{"damage":19,"enemies":"Snake Plant","floor":22,"turns":4},{"damage":42,"enemies":"Gremlin Leader","floor":24,"turns":7},{"damage":20,"enemies":"Centurion and Healer","floor":27,"turns":5},{"damage":3,"enemies":"Cultist and Chosen","floor":28,"turns":4},{"damage":63,"enemies":"Collector","floor":33,"turns":7}],"seed_played":"-5560698788441592771","potions_obtained":[{"floor":6,"key":"Weak Potion"},{"floor":12,"key":"SteroidPotion"},{"floor":13,"key":"Ancient Potion"},{"floor":16,"key":"EssenceOfSteel"},{"floor":18,"key":"SmokeBomb"},{"floor":24,"key":"Block Potion"},{"floor":27,"key":"Fire Potion"}],"is_trial":false,"path_per_floor":["M","?","?","M","$","E","R","E","T","?","M","M","E","?","R","B",null,"M","?","M","?","M","R","E","R","T","M","M","$","T","?","R","B"],"character_chosen":"IRONCLAD","items_purchased":["Medical Kit","PowerPotion","Power Through","Spot Weakness"],"campfire_rested":1,"item_purchase_floors":[29,29,29,29],"current_hp_per_floor":[78,71,71,70,70,50,50,31,31,31,41,47,46,46,46,11,80,77,61,67,67,58,58,26,52,52,48,61,61,61,55,55,0],"gold":33,"neow_bonus":"RANDOM_COLORLESS_2","is_prod":false,"is_daily":false,"chose_seed":false,"campfire_upgraded":4,"win_rate":0,"timestamp":1542789706,"path_taken":["M","?","?","M","?","E","R","E","T","?","M","?","E","?","R","BOSS","M","?","M","?","M","R","E","R","T","?","M","$","?","?","R","BOSS"],"build_version":"2018-11-15","purchased_purges":1,"victory":false,"max_hp_per_floor":[80,80,80,80,80,80,80,80,80,80,80,80,80,80,80,80,80,83,88,88,88,88,88,88,88,88,92,96,96,96,96,96,96],"card_choices":[{"not_picked":["True Grit","Battle Trance"],"picked":"Rampage","floor":1.0},{"not_picked":["Evolve","Shockwave"],"picked":"Reckless Charge","floor":4},{"not_picked":["Thunderclap","Bloodletting"],"picked":"Pommel Strike","floor":6},{"not_picked":["Sword Boomerang","Havoc"],"picked":"Thunderclap","floor":8},{"not_picked":["Dual Wield","Entrench"],"picked":"Warcry","floor":11},{"not_picked":["Warcry","Intimidate"],"picked":"Armaments","floor":12},{"not_picked":["Headbutt","Double Tap"],"picked":"Twin Strike","floor":13},{"not_picked":["Barricade","Immolate"],"picked":"Feed","floor":16},{"not_picked":["Clothesline","Wild Strike"],"picked":"Sword Boomerang","floor":18},{"not_picked":["Pommel Strike","Rupture+1"],"picked":"Shrug It Off","floor":20},{"not_picked":["Warcry","Heavy Blade"],"picked":"Twin Strike+1","floor":22},{"not_picked":["True Grit","Offering"],"picked":"Spot Weakness","floor":24},{"not_picked":["Rage","Bloodletting"],"picked":"Sword Boomerang+1","floor":27},{"not_picked":["Spot Weakness","Perfected Strike+1"],"picked":"Shrug It Off+1","floor":28}],"player_experience":300237,"relics_obtained":[{"floor":6,"key":"Thread and Needle"},{"floor":8,"key":"MawBank"},{"floor":9,"key":"Shuriken"},{"floor":13,"key":"Mummified Hand"},{"floor":24,"key":"Blood Vial"},{"floor":26,"key":"Tiny Chest"},{"floor":30,"key":"Mercury Hourglass"}],"event_choices":[{"cards_removed":["Strike_R"],"damage_healed":0.0,"max_hp_gain":0.0,"max_hp_loss":0.0,"gold_gain":0.0,"event_name":"Golden Wing","player_choice":"Card Removal","floor":2.0,"gold_loss":0.0,"damage_taken":7.0},{"damage_healed":0.0,"max_hp_gain":0.0,"max_hp_loss":0.0,"gold_gain":0.0,"event_name":"World of Goop","player_choice":"Left Gold","floor":3.0,"gold_loss":18.0,"damage_taken":0.0},{"damage_healed":0,"gold_gain":0,"cards_transformed":["Strike_R"],"player_choice":"Transformed","damage_taken":0,"max_hp_gain":0,"max_hp_loss":0,"event_name":"Transmorgrifier","floor":10,"gold_loss":0,"cards_obtained":["Cleave"]},{"cards_removed":["Strike_R"],"damage_healed":0,"gold_gain":0,"player_choice":"Card Removal","damage_taken":0,"max_hp_gain":0,"max_hp_loss":0,"event_name":"The Cleric","floor":14,"gold_loss":50},{"damage_healed":0,"gold_gain":0,"player_choice":"Shed Blood","damage_taken":21,"max_hp_gain":5,"max_hp_loss":0,"event_name":"Forgotten Altar","floor":19,"gold_loss":0},{"damage_healed":0,"gold_gain":0,"player_choice":"Traded Relic","damage_taken":0,"relics_obtained":["Nloth\u0027s Gift"],"max_hp_gain":0,"max_hp_loss":0,"event_name":"N\u0027loth","floor":21,"relics_lost":["MawBank"],"gold_loss":0},{"damage_healed":0,"gold_gain":0,"player_choice":"Joined the Cult","damage_taken":6,"max_hp_gain":0,"max_hp_loss":0,"event_name":"Nest","floor":31,"gold_loss":0,"cards_obtained":["RitualDagger"]}],"is_beta":false,"boss_relics":[{"not_picked":["Fusion Hammer","Ectoplasm"],"picked":"Mark of Pain"}],"items_purged_floors":[29],"is_endless":false,"potions_floor_spawned":[6,12,13,16,18,24,27],"killed_by":"Collector","ascension_level":4}