{"gold_per_floor":[109,119,51,126,138,138,170,170,170,186,186,43,43,68,68,169,169,182,195,48,67,67],"floor_reached":22,"playtime":715,"items_purged":["Strike_G"],"score":233,"play_id":"5be9e422-387e-41e3-830f-ad07c2d7ec40","local_time":"20181217225611","is_ascension_mode":true,"campfire_choices":[{"data":"Corpse Explosion","floor":6,"key":"SMITH"},{"floor":8,"key":"REST"},{"floor":13,"key":"REST"},{"floor":15,"key":"RECALL"}],"neow_cost":"NONE","seed_source_timestamp":12310400869300,"circlet_count":0,"master_deck":["Defend_G","Defend_G","Defend_G","Defend_G","Defend_G","Strike_G","Strike_G","Strike_G","Survivor","Neutralize","Cloak And Dagger","Noxious Fumes","Corpse Explosion+1","Blur","Footwork","Venomology","PiercingWail","Noxious Fumes","Prepared"],"relics":["Ring of the Snake","NeowsBlessing","Kunai","Molten Egg 2","Unceasing Top"],"potions_floor_usage":[7,16,18,18,18,19,19,19,21,22,22],"damage_taken":[{"damage":0,"enemies":"Cultist","floor":1,"turns":1},{"damage":0,"enemies":"Small Slimes","floor":2,"turns":1},{"damage":0,"enemies":"2 Louse","floor":5,"turns":1},{"damage":43,"enemies":"Gremlin Nob","floor":7,"turns":5},{"damage":0,"enemies":"Lots of Slimes","floor":10,"turns":1},{"damage":6,"enemies":"Lagavulin","floor":14,"turns":8},{"damage":16,"enemies":"The Guardian","floor":16,"turns":11},{"damage":12,"enemies":"3 Byrds","floor":18,"turns":3},{"damage":10,"enemies":"Shell Parasite","floor":19,"turns":6},{"damage":19,"enemies":"Snake Plant","floor":21,"turns":7},{"damage":43,"enemies":"Colosseum Slavers","floor":22,"turns":4}],"seed_played":"579727151356807452","potions_obtained":[{"floor":5,"key":"SkillPotion"},{"floor":10,"key":"Ancient Potion"},{"floor":14,"key":"Block Potion"},{"floor":18,"key":"EssenceOfSteel"},{"floor":21,"key":"GamblersBrew"}],"is_trial":false,"path_per_floor":["M","M","$","?","M","R","E","R","T","M","?","$","R","E","R","B",null,"M","M","$","M","?"],"character_chosen":"THE_SILENT","items_purchased":["Noxious Fumes","Blur","Footwork","Noxious Fumes"],"campfire_rested":2,"item_purchase_floors":[3,12,12,20],"current_hp_per_floor":[70,70,70,59,59,59,16,37,37,37,37,37,58,52,52,36,70,58,48,48,29,0],"gold":67,"neow_bonus":"THREE_ENEMY_KILL","is_prod":false,"is_daily":false,"chose_seed":false,"campfire_upgraded":1,"win_rate":0,"timestamp":1545083771,"path_taken":["M","?","?","?","M","R","E","R","T","M","?","$","R","E","R","BOSS","M","?","$","M","?"],"build_version":"2018-12-13","purchased_purges":1,"victory":false,"max_hp_per_floor":[70,70,70,70,70,70,70,70,70,70,70,70,70,70,70,70,70,70,70,70,70,70],"card_choices":[{"not_picked":["Acrobatics","PiercingWail"],"picked":"Cloak And Dagger","floor":1},{"not_picked":["All Out Attack","Bane","Bouncing Flask"],"picked":"SKIP","floor":2},{"not_picked":["Flechettes","Backstab"],"picked":"Corpse Explosion","floor":5},{"not_picked":["PiercingWail","Outmaneuver","Flechettes"],"picked":"SKIP","floor":7},{"not_picked":["Acrobatics","Riddle With Holes+1","Expertise"],"picked":"SKIP","floor":10},{"not_picked":["Eviscerate+1","Choke+1","Dodge and Roll"],"picked":"SKIP","floor":14},{"not_picked":["Storm of Steel","Unload+1"],"picked":"Venomology","floor":16},{"not_picked":["Predator+1","Expertise","Dodge and Roll"],"picked":"SKIP","floor":18},{"not_picked":["Reflex","Heel Hook+1"],"picked":"PiercingWail","floor":19},{"not_picked":["Acrobatics","PiercingWail"],"picked":"Prepared","floor":21}],"player_experience":803606,"relics_obtained":[{"floor":7,"key":"Kunai"},{"floor":9,"key":"Molten Egg 2"},{"floor":14,"key":"Unceasing Top"}],"event_choices":[{"damage_healed":0,"gold_gain":75,"player_choice":"Gather Gold","damage_taken":11,"max_hp_gain":0,"max_hp_loss":0,"event_name":"World of Goop","floor":4,"gold_loss":0},{"cards_removed":["Strike_G"],"damage_healed":0,"gold_gain":0,"player_choice":"Card Removal","damage_taken":0,"max_hp_gain":0,"max_hp_loss":0,"event_name":"Wheel of Change","floor":11,"gold_loss":0},{"damage_healed":0,"gold_gain":0,"player_choice":"Fight","damage_taken":0,"max_hp_gain":0,"max_hp_loss":0,"event_name":"Colosseum","floor":22,"gold_loss":0}],"is_beta":false,"boss_relics":[{"not_picked":["Snecko Eye","Calling Bell","Pandora\u0027s Box"]}],"items_purged_floors":[20],"is_endless":false,"potions_floor_spawned":[5,10,14,18,21],"killed_by":"Colosseum Slavers","ascension_level":4}