{"gold_per_floor":[110,127,127,127,127,127,152,152,152,180,197,197,232,248,248,352,352,365,365,375,388,7,36,36,65,133,133,150,164,164,180,180,283,283,303,303,356,374,386,418,418,446,523,36,50,83,83,83,83,83,83,83,8,37,37],"floor_reached":55,"playtime":5316,"items_purged":["Writhe"],"score":905,"play_id":"e2faa101-895e-469e-b773-ad5a77775e91","local_time":"20190118172344","is_ascension_mode":true,"campfire_choices":[{"data":"Zap","floor":6.0,"key":"SMITH"},{"data":"Dualcast","floor":8.0,"key":"SMITH"},{"data":"Redo","floor":12.0,"key":"SMITH"},{"floor":15.0,"key":"REST"},{"floor":24.0,"key":"REST"},{"floor":27.0,"key":"REST"},{"floor":32.0,"key":"REST"},{"floor":41.0,"key":"RECALL"},{"data":"1","floor":49.0,"key":"LIFT"},{"data":"2","floor":52.0,"key":"LIFT"}],"neow_cost":"NONE","seed_source_timestamp":0,"circlet_count":0,"master_deck":["Strike_B+1","Defend_B+1","Defend_B+1","Defend_B+1","Defend_B+1","Zap+1","Dualcast+1","Gash","Beam Cell","Gash","Scrape","Redo+1","Coolheaded","All For One","Coolheaded","Chill","White Noise","Streamline+1","Fission","Go for the Eyes+1","Deep Breath","Secret Technique","Dark Shackles","Streamline+1","Echo Form","Gash+1","Beam Cell+1","Chill+1","Beam Cell+1","Gash+1"],"special_seed":0,"relics":["FrozenCore","Oddly Smooth Stone","Bottled Lightning","Bronze Scales","Du-Vu Doll","WingedGreaves","Pear","Molten Egg 2","Juzu Bracelet","Ornamental Fan","Fusion Hammer","Ginger","Question Card","Nunchaku","Darkstone Periapt","Bottled Tornado","Lee\u0027s Waffle","Girya","Orichalcum"],"potions_floor_usage":[55],"damage_taken":[{"damage":0.0,"enemies":"2 Louse","floor":1.0,"turns":2.0},{"damage":0.0,"enemies":"Small Slimes","floor":2.0,"turns":2.0},{"damage":0.0,"enemies":"Gremlin Nob","floor":7.0,"turns":4.0},{"damage":6.0,"enemies":"Lagavulin","floor":10.0,"turns":5.0},{"damage":0.0,"enemies":"Cultist","floor":11.0,"turns":2.0},{"damage":14.0,"enemies":"Gremlin Nob","floor":13.0,"turns":3.0},{"damage":0.0,"enemies":"2 Fungi Beasts","floor":14.0,"turns":2.0},{"damage":40.0,"enemies":"Slime Boss","floor":16.0,"turns":9.0},{"damage":0.0,"enemies":"Shell Parasite","floor":18.0,"turns":4.0},{"damage":12.0,"enemies":"2 Thieves","floor":20.0,"turns":3.0},{"damage":7.0,"enemies":"Snake Plant","floor":21.0,"turns":2.0},{"damage":65.0,"enemies":"Gremlin Leader","floor":23.0,"turns":8.0},{"damage":16.0,"enemies":"Slavers","floor":25.0,"turns":5.0},{"damage":13.0,"enemies":"Snecko","floor":28.0,"turns":5.0},{"damage":3.0,"enemies":"Centurion and Healer","floor":29.0,"turns":7.0},{"damage":0.0,"enemies":"Sentry and Sphere","floor":31.0,"turns":5.0},{"damage":33.0,"enemies":"Automaton","floor":33.0,"turns":10.0},{"damage":0.0,"enemies":"Orb Walker","floor":35.0,"turns":3.0},{"damage":16.0,"enemies":"2 Orb Walkers","floor":37.0,"turns":5.0},{"damage":1.0,"enemies":"3 Darklings","floor":38.0,"turns":6.0},{"damage":0.0,"enemies":"Sphere and 2 Shapes","floor":39.0,"turns":5.0},{"damage":10.0,"enemies":"Giant Head","floor":40.0,"turns":8.0},{"damage":15.0,"enemies":"Reptomancer","floor":42.0,"turns":6.0},{"damage":17.0,"enemies":"4 Shapes","floor":45.0,"turns":7.0},{"damage":0.0,"enemies":"Giant Head","floor":46.0,"turns":5.0},{"damage":24.0,"enemies":"Awakened One","floor":50.0,"turns":9.0},{"damage":25.0,"enemies":"Shield and Spear","floor":54.0,"turns":5.0},{"damage":64,"enemies":"The Heart","floor":55,"turns":3}],"seed_played":"8534319484125385594","potions_obtained":[{"floor":2.0,"key":"SkillPotion"},{"floor":13.0,"key":"Dexterity Potion"},{"floor":18.0,"key":"LiquidBronze"},{"floor":20.0,"key":"Ancient Potion"},{"floor":28.0,"key":"PowerPotion"},{"floor":31.0,"key":"Strength Potion"},{"floor":40.0,"key":"Strength Potion"},{"floor":45.0,"key":"Dexterity Potion"},{"floor":46.0,"key":"Poison Potion"}],"is_trial":false,"path_per_floor":["M","M","?","?","?","R","E","R","T","E","M","R","E","M","R","B",null,"M","?","M","M","$","E","R","E","T","R","M","M","?","M","R","B",null,"M","?","?","M","M","E","R","E","T","$","M","E","?","?","R","B",null,"R","$","E","B"],"character_chosen":"DEFECT","items_purchased":["Molten Egg 2","Explosive Potion","Bottled Tornado","Lee\u0027s Waffle","Beam Cell+1","Gash+1","SkillPotion"],"campfire_rested":4,"item_purchase_floors":[22,22,44,44,44,53,53],"current_hp_per_floor":[75,75,57,50,50,50,50,50,50,44,44,44,30,30,52,12,75,75,85,73,66,66,1,26,10,10,35,22,19,19,19,44,11,85,85,75,59,58,58,48,48,33,33,92,75,75,75,75,75,51,87,87,87,62,0],"gold":37,"neow_bonus":"TRANSFORM_CARD","is_prod":false,"is_daily":false,"chose_seed":false,"campfire_upgraded":3,"win_rate":0,"timestamp":1547853824,"path_taken":["M","M","?","?","?","R","E","R","T","E","M","R","E","?","R","BOSS","M","?","M","M","$","E","R","E","T","R","M","M","?","M","R","BOSS","M","?","?","M","M","E","R","E","T","$","M","E","?","?","R","BOSS","R","$","E","BOSS"],"build_version":"2019-01-17v2","purchased_purges":1,"victory":false,"max_hp_per_floor":[75,75,75,75,75,75,75,75,75,75,75,75,75,75,75,75,75,75,85,85,85,85,85,85,85,85,85,85,85,85,85,85,85,85,85,85,85,85,85,85,85,85,85,92,92,92,92,87,87,87,87,87,87,87,87],"card_choices":[{"not_picked":["Hologram","Barrage"],"picked":"Beam Cell","floor":1.0},{"not_picked":["Conserve Battery","Coolheaded"],"picked":"Gash","floor":2.0},{"not_picked":["Buffer","Auto Shields","White Noise"],"picked":"SKIP","floor":7.0},{"not_picked":["Go for the Eyes","Streamline"],"picked":"Scrape","floor":10.0},{"not_picked":["Heatsinks","Beam Cell"],"picked":"Redo","floor":11.0},{"not_picked":["Barrage","Turbo"],"picked":"Coolheaded","floor":13.0},{"not_picked":["Fusion","Multi-Cast","Hologram"],"picked":"SKIP","floor":14.0},{"not_picked":["Creative AI","Buffer"],"picked":"All For One","floor":16.0},{"not_picked":["Barrage","Ball Lightning","Steam"],"picked":"SKIP","floor":18.0},{"not_picked":["BootSequence+1","Steam+1"],"picked":"Coolheaded","floor":20.0},{"not_picked":["Stack","Rip and Tear","Static Discharge"],"picked":"SKIP","floor":21.0},{"not_picked":["Double Energy","Amplify","Steam"],"picked":"SKIP","floor":23.0},{"not_picked":["Auto Shields","Steam"],"picked":"Chill","floor":25.0},{"not_picked":["Reprogram","Loop"],"picked":"White Noise","floor":28.0},{"not_picked":["Conserve Battery","Fusion+1"],"picked":"Defragment","floor":29.0},{"not_picked":["Barrage+1","Steam"],"picked":"Streamline+1","floor":31.0},{"not_picked":["Meteor Strike+1","Multi-Cast"],"picked":"Fission","floor":33.0},{"not_picked":["Darkness","Streamline+1"],"picked":"Go for the Eyes+1","floor":35.0},{"not_picked":["Magnetism","Enlightenment"],"picked":"Deep Breath","floor":36.0},{"not_picked":["Good Instincts","The Bomb"],"picked":"Secret Technique","floor":36.0},{"not_picked":["Panacea","Discovery"],"picked":"Dark Shackles","floor":36.0},{"not_picked":["Sweeping Beam+1","Leap+1"],"picked":"Streamline+1","floor":37.0},{"not_picked":["Hello World","Turbo","Go for the Eyes+1"],"picked":"SKIP","floor":38.0},{"not_picked":["Doom and Gloom+1","Conserve Battery"],"picked":"Echo Form","floor":39.0},{"not_picked":["Stack+1","Compile Driver+1"],"picked":"Gash+1","floor":40.0},{"not_picked":["Compile Driver+1","Aggregate","Electrodynamics","Turbo+1"],"picked":"SKIP","floor":42.0},{"not_picked":["Go for the Eyes+1","Leap","Consume"],"picked":"Chill+1","floor":45.0},{"not_picked":["Multi-Cast","Streamline+1","Leap"],"picked":"Beam Cell+1","floor":46.0},{"not_picked":["Storm","Barrage+1","Sweeping Beam+1","Leap"],"picked":"SKIP","floor":54.0}],"player_experience":245303,"relics_obtained":[{"floor":7.0,"key":"Bottled Lightning"},{"floor":9.0,"key":"Bronze Scales"},{"floor":10.0,"key":"Du-Vu Doll"},{"floor":13.0,"key":"WingedGreaves"},{"floor":23.0,"key":"Juzu Bracelet"},{"floor":25.0,"key":"Ornamental Fan"},{"floor":37.0,"key":"Ginger"},{"floor":40.0,"key":"Question Card"},{"floor":42.0,"key":"Nunchaku"},{"floor":43.0,"key":"Darkstone Periapt"},{"floor":46.0,"key":"Girya"},{"floor":54.0,"key":"Orichalcum"}],"event_choices":[{"damage_healed":0.0,"max_hp_gain":0.0,"max_hp_loss":0.0,"gold_gain":0.0,"event_name":"Scrap Ooze","player_choice":"Success","floor":3.0,"gold_loss":0.0,"damage_taken":18.0,"relics_obtained":["Oddly Smooth Stone"]},{"cards_removed":["Strike_B"],"damage_healed":0.0,"max_hp_gain":0.0,"max_hp_loss":0.0,"gold_gain":0.0,"event_name":"Golden Wing","player_choice":"Card Removal","floor":4.0,"gold_loss":0.0,"damage_taken":7.0},{"cards_removed":["Strike_B"],"damage_healed":0.0,"max_hp_gain":0.0,"max_hp_loss":0.0,"gold_gain":0.0,"event_name":"Bonfire Elementals","player_choice":"Offered Basic","floor":5.0,"gold_loss":0.0,"damage_taken":0.0},{"damage_healed":0.0,"max_hp_gain":0.0,"max_hp_loss":0.0,"gold_gain":0.0,"event_name":"The Mausoleum","player_choice":"Opened","floor":19.0,"gold_loss":0.0,"damage_taken":0.0,"relics_obtained":["Pear"],"cards_obtained":["Writhe"]},{"damage_healed":0.0,"max_hp_gain":0.0,"max_hp_loss":0.0,"gold_gain":0.0,"event_name":"Back to Basics","player_choice":"Simplicity","floor":30.0,"gold_loss":0.0,"damage_taken":0.0,"cards_upgraded":["Strike_B","Defend_B","Defend_B","Defend_B","Defend_B"]},{"damage_healed":0.0,"max_hp_gain":0.0,"max_hp_loss":0.0,"gold_gain":0.0,"event_name":"SensoryStone","player_choice":"Memory 3","floor":36.0,"gold_loss":0.0,"damage_taken":10.0},{"damage_healed":0.0,"max_hp_gain":0.0,"max_hp_loss":0.0,"gold_gain":0.0,"event_name":"Mysterious Sphere","player_choice":"Fight","floor":37.0,"gold_loss":0.0,"damage_taken":0.0},{"cards_removed":["Defragment"],"damage_healed":0.0,"max_hp_gain":0.0,"max_hp_loss":0.0,"gold_gain":0.0,"event_name":"Falling","player_choice":"Removed Power","floor":47.0,"gold_loss":0.0,"damage_taken":0.0},{"damage_healed":0.0,"max_hp_gain":0.0,"max_hp_loss":5.0,"gold_gain":0.0,"event_name":"Winding Halls","player_choice":"Max HP","floor":48.0,"gold_loss":0.0,"damage_taken":0.0}],"is_beta":false,"boss_relics":[{"not_picked":["Runic Pyramid","Pandora\u0027s Box"],"picked":"FrozenCore"},{"not_picked":["Philosopher\u0027s Stone","Snecko Eye"],"picked":"Fusion Hammer"}],"items_purged_floors":[22],"is_endless":false,"potions_floor_spawned":[2,13,18,20,28,31,40,45,46],"killed_by":"The Heart","ascension_level":1}