{"gold_per_floor":[117,42,217,217,236,263,280,280,280,304,0,14,14,14,14,14],"floor_reached":16,"playtime":1105,"items_purged":["Strike_R","Strike_R"],"score":167,"play_id":"294a9497-456c-43f1-9206-df7974559935","local_time":"20181206054505","is_ascension_mode":true,"campfire_choices":[{"floor":8,"key":"REST"},{"floor":13,"key":"REST"},{"floor":15,"key":"RECALL"}],"neow_cost":"NONE","seed_source_timestamp":455685211444621,"circlet_count":0,"master_deck":["AscendersBane","Strike_R","Strike_R","Strike_R","Defend_R","Defend_R","Defend_R","Defend_R","Bash","True Grit","Twin Strike","Whirlwind","Flame Barrier","Thunderclap","Wild Strike","True Grit","Whirlwind","Thunderclap"],"relics":["Burning Blood","Dream Catcher","Bag of Marbles","Pear","Odd Mushroom","Lantern"],"potions_floor_usage":[5,12],"damage_taken":[{"damage":4,"enemies":"Small Slimes","floor":1,"turns":5},{"damage":0,"enemies":"2 Louse","floor":5,"turns":3},{"damage":54,"enemies":"3 Sentries","floor":6,"turns":14},{"damage":8,"enemies":"Jaw Worm","floor":7,"turns":4},{"damage":22,"enemies":"The Mushroom Lair","floor":10,"turns":5},{"damage":9,"enemies":"Blue Slaver","floor":12,"turns":4},{"damage":78,"enemies":"Slime Boss","floor":16,"turns":11}],"seed_played":"1059456379262945472","potions_obtained":[{"floor":1,"key":"Block Potion"},{"floor":10,"key":"Regen Potion"}],"is_trial":false,"path_per_floor":["M","$","?","?","M","E","M","R","T","?","$","M","R","$","R","B"],"character_chosen":"IRONCLAD","items_purchased":["True Grit","Lantern"],"campfire_rested":2,"item_purchase_floors":[11,11],"current_hp_per_floor":[70,70,70,70,75,27,25,47,57,41,41,50,75,75,75,0],"gold":14,"neow_bonus":"RANDOM_COMMON_RELIC","is_prod":false,"is_daily":false,"chose_seed":false,"campfire_upgraded":0,"win_rate":0,"timestamp":1544075105,"path_taken":["M","$","?","?","M","E","M","R","T","?","?","M","R","$","R","BOSS"],"build_version":"2018-11-15","purchased_purges":2,"victory":false,"max_hp_per_floor":[75,75,75,75,75,75,75,75,85,85,85,85,85,85,85,85],"card_choices":[{"not_picked":["Sentinel","Ghostly Armor"],"picked":"True Grit","floor":1},{"not_picked":["Sever Soul","Reckless Charge"],"picked":"Twin Strike","floor":5},{"not_picked":["Inflame","Havoc"],"picked":"Whirlwind","floor":6},{"not_picked":["Inflame","Warcry"],"picked":"Flame Barrier","floor":7},{"not_picked":["Body Slam","Dropkick"],"picked":"Thunderclap","floor":8},{"not_picked":["Iron Wave","Headbutt"],"picked":"Wild Strike","floor":10},{"not_picked":["True Grit","Perfected Strike"],"picked":"Whirlwind","floor":12},{"not_picked":["Body Slam","Twin Strike"],"picked":"Thunderclap","floor":13}],"player_experience":976052,"relics_obtained":[{"floor":6,"key":"Bag of Marbles"},{"floor":9,"key":"Pear"},{"floor":10,"key":"Odd Mushroom"}],"event_choices":[{"damage_healed":0,"gold_gain":175,"player_choice":"AGREE","damage_taken":0,"max_hp_gain":0,"max_hp_loss":0,"event_name":"Liars Game","floor":3,"gold_loss":0,"cards_obtained":["Doubt"]},{"cards_removed":["Doubt"],"damage_healed":0,"gold_gain":0,"player_choice":"Forget","damage_taken":0,"max_hp_gain":0,"max_hp_loss":0,"event_name":"Living Wall","floor":4,"gold_loss":0},{"damage_healed":0,"gold_gain":0,"player_choice":"Fought Mushrooms","damage_taken":0,"max_hp_gain":0,"max_hp_loss":0,"event_name":"Mushrooms","floor":10,"gold_loss":0}],"is_beta":false,"boss_relics":[],"items_purged_floors":[2,11],"is_endless":false,"potions_floor_spawned":[1,10],"killed_by":"Slime Boss","ascension_level":14}