{"gold_per_floor":[116,129,204,216,233,233,233,233,259,311,311,337,352,367,367,444,444,462,39,53,53,67,67,100,100,100,120,138,168,185,185,185,259,259,273,273,285,9,9,9,0,0,0,12,51,63,86,117,129,141],"floor_reached":51,"playtime":3083,"items_purged":["Strike_G"],"score":1217,"play_id":"1c8680da-6fb6-49f1-99a1-1e1146c1f237","local_time":"20190126032545","is_ascension_mode":true,"campfire_choices":[{"data":"Neutralize","floor":6,"key":"SMITH"},{"data":"Dash","floor":8,"key":"SMITH"},{"data":"Caltrops","floor":11,"key":"SMITH"},{"floor":15,"key":"REST"},{"data":"Chrysalis","floor":23,"key":"SMITH"},{"floor":25,"key":"REST"},{"floor":32,"key":"REST"},{"data":"Footwork","floor":40,"key":"SMITH"},{"floor":42,"key":"REST"},{"floor":44,"key":"REST"},{"floor":49,"key":"REST"}],"neow_cost":"TEN_PERCENT_HP_LOSS","seed_source_timestamp":1241412238667579,"circlet_count":0,"master_deck":["AscendersBane","Defend_G","Defend_G","Defend_G","Defend_G","Defend_G","Strike_G","Strike_G","Strike_G","Strike_G","Survivor","Neutralize+1","Dash+1","Well Laid Plans+1","Slice","Caltrops+1","PiercingWail","Deadly Poison","Backflip","Adrenaline","Crippling Poison","Adrenaline","Chrysalis+1","Cloak And Dagger","Caltrops+1","Doubt","Tools of the Trade","Crippling Poison","Footwork+1","Adrenaline","PiercingWail","Quick Slash+1","Acrobatics","Parasite","Dodge and Roll+1","PiercingWail","Footwork"],"relics":["Ring of the Snake","Pocketwatch","Boot","Snake Skull","Cursed Key","Bronze Scales","Bottled Lightning","Oddly Smooth Stone","Philosopher\u0027s Stone","Mummified Hand","Red Mask","MawBank","Dream Catcher","Letter Opener"],"potions_floor_usage":[12,27,28,31,50],"damage_taken":[{"damage":0,"enemies":"Cultist","floor":1,"turns":4},{"damage":0,"enemies":"Small Slimes","floor":2,"turns":4},{"damage":0,"enemies":"2 Louse","floor":4,"turns":3},{"damage":1,"enemies":"Looter","floor":5,"turns":4},{"damage":18,"enemies":"Gremlin Nob","floor":12,"turns":4},{"damage":2,"enemies":"Gremlin Gang","floor":13,"turns":5},{"damage":0,"enemies":"3 Louse","floor":14,"turns":4},{"damage":18,"enemies":"The Guardian","floor":16,"turns":10},{"damage":2,"enemies":"Shell Parasite","floor":18,"turns":5},{"damage":2,"enemies":"2 Thieves","floor":20,"turns":4},{"damage":5,"enemies":"Shelled Parasite and Fungi","floor":22,"turns":5},{"damage":18,"enemies":"Slavers","floor":24,"turns":4},{"damage":0,"enemies":"Cultist and Chosen","floor":27,"turns":6},{"damage":7,"enemies":"Snake Plant","floor":28,"turns":2},{"damage":17,"enemies":"Book of Stabbing","floor":29,"turns":5},{"damage":0,"enemies":"Centurion and Healer","floor":30,"turns":4},{"damage":0,"enemies":"Colosseum Slavers","floor":31,"turns":2},{"damage":12,"enemies":"Automaton","floor":33,"turns":10},{"damage":13,"enemies":"Orb Walker","floor":35,"turns":3},{"damage":17,"enemies":"3 Darklings","floor":37,"turns":5},{"damage":23,"enemies":"Nemesis","floor":45,"turns":9},{"damage":2,"enemies":"Sphere and 2 Shapes","floor":47,"turns":3},{"damage":7,"enemies":"Transient","floor":48,"turns":5},{"damage":18,"enemies":"Donu and Deca","floor":50,"turns":9}],"seed_played":"1625461655087397858","potions_obtained":[{"floor":1,"key":"GhostInAJar"},{"floor":4,"key":"AttackPotion"},{"floor":12,"key":"SkillPotion"},{"floor":16,"key":"GhostInAJar"},{"floor":27,"key":"Block Potion"},{"floor":29,"key":"Ancient Potion"},{"floor":33,"key":"FearPotion"},{"floor":47,"key":"SkillPotion"}],"is_trial":false,"path_per_floor":["M","M","?","M","M","R","?","R","T","?","R","E","M","M","R","B",null,"M","$","M","?","M","R","E","R","T","M","M","E","M","?","R","B",null,"M","$","M","$","?","R","?","R","T","R","E","?","M","M","R","B",null],"character_chosen":"THE_SILENT","items_purchased":["Adrenaline","Chrysalis","Mummified Hand","Acrobatics"],"campfire_rested":6,"item_purchase_floors":[19,19,38,38],"current_hp_per_floor":[59,59,48,48,47,47,47,47,47,47,47,29,27,27,45,27,52,50,50,48,48,43,43,25,43,43,43,36,19,19,19,37,25,51,38,38,21,21,21,21,21,39,39,57,34,34,32,25,43,25],"gold":153,"neow_bonus":"ONE_RARE_RELIC","is_prod":false,"is_daily":false,"chose_seed":false,"campfire_upgraded":5,"win_rate":0,"timestamp":1548491145,"path_taken":["M","?","?","M","M","R","?","R","T","?","R","E","M","M","R","BOSS","M","$","M","?","?","R","E","R","T","M","M","E","M","?","R","BOSS","M","$","M","$","?","R","?","R","T","R","E","?","?","M","R","BOSS"],"build_version":"2019-01-23","purchased_purges":1,"victory":true,"max_hp_per_floor":[60,60,60,60,60,60,60,60,60,60,60,60,60,60,60,60,60,60,60,60,60,60,60,60,60,60,60,60,60,60,60,60,60,60,60,60,60,60,60,60,60,60,60,60,60,60,60,60,60,60],"card_choices":[{"not_picked":["Concentrate","Outmaneuver"],"picked":"Dash","floor":1},{"not_picked":["Dodge and Roll","Acrobatics"],"picked":"Well Laid Plans","floor":2},{"not_picked":["Dagger Spray","Flying Knee"],"picked":"Slice","floor":4},{"not_picked":["Deflect","Slice"],"picked":"Caltrops","floor":5},{"not_picked":["Setup","Acrobatics"],"picked":"PiercingWail","floor":12},{"not_picked":["Unload","Dagger Spray"],"picked":"Deadly Poison","floor":13},{"not_picked":["PiercingWail","Dash"],"picked":"Backflip","floor":14},{"not_picked":["Glass Knife","Wraith Form v2"],"picked":"Adrenaline","floor":16},{"not_picked":["Dagger Spray+1","Riddle With Holes"],"picked":"Crippling Poison","floor":18},{"not_picked":["Acrobatics","Slice"],"picked":"Cloak And Dagger","floor":20},{"not_picked":["Bane","Dagger Spray","Sucker Punch"],"picked":"SKIP","floor":22},{"not_picked":["Setup","Heel Hook","Tactician"],"picked":"SKIP","floor":24},{"not_picked":["Slice+1","Sucker Punch"],"picked":"Tools of the Trade","floor":27},{"not_picked":["Masterful Stab","Poisoned Stab"],"picked":"Crippling Poison","floor":28},{"not_picked":["Reflex","Poisoned Stab"],"picked":"Footwork","floor":29},{"not_picked":["Calculated Gamble","Underhanded Strike","Dagger Throw"],"picked":"SKIP","floor":30},{"not_picked":["Unload","Phantasmal Killer"],"picked":"Adrenaline","floor":33},{"not_picked":["Slice","Finisher"],"picked":"PiercingWail","floor":35},{"not_picked":["Predator","Poisoned Stab"],"picked":"Quick Slash+1","floor":37},{"not_picked":["Blade Dance","Well Laid Plans+1"],"picked":"Dodge and Roll+1","floor":45},{"not_picked":["Underhanded Strike","Cloak And Dagger","Outmaneuver"],"picked":"SKIP","floor":47},{"not_picked":["Prepared","Dagger Spray+1"],"picked":"PiercingWail","floor":48},{"not_picked":["Night Terror","Quick Slash"],"picked":"Footwork","floor":49}],"player_experience":518224,"relics_obtained":[{"floor":9,"key":"Boot"},{"floor":12,"key":"Snake Skull"},{"floor":24,"key":"Bronze Scales"},{"floor":26,"key":"Bottled Lightning"},{"floor":29,"key":"Oddly Smooth Stone"},{"floor":43,"key":"MawBank"},{"floor":45,"key":"Dream Catcher"},{"floor":46,"key":"Letter Opener"}],"event_choices":[{"damage_healed":0,"gold_gain":75,"player_choice":"Gather Gold","damage_taken":11,"max_hp_gain":0,"max_hp_loss":0,"event_name":"World of Goop","floor":3,"gold_loss":0},{"damage_healed":0,"gold_gain":0,"player_choice":"Grow","damage_taken":0,"max_hp_gain":0,"max_hp_loss":0,"event_name":"Living Wall","floor":7,"gold_loss":0,"cards_upgraded":["Well Laid Plans"]},{"damage_healed":0,"gold_gain":52,"player_choice":"Gained Gold","damage_taken":0,"max_hp_gain":0,"max_hp_loss":0,"event_name":"Golden Wing","floor":10,"gold_loss":0},{"damage_healed":0,"gold_gain":0,"player_choice":"Copied","damage_taken":0,"max_hp_gain":0,"max_hp_loss":0,"event_name":"Duplicator","floor":21,"gold_loss":0,"cards_obtained":["Caltrops"]},{"damage_healed":0,"gold_gain":0,"player_choice":"Fight","damage_taken":0,"max_hp_gain":0,"max_hp_loss":0,"event_name":"Colosseum","floor":31,"gold_loss":0},{"damage_healed":0,"gold_gain":0,"player_choice":"Fled From Nobs","damage_taken":0,"max_hp_gain":0,"max_hp_loss":0,"event_name":"Colosseum","floor":31,"gold_loss":0},{"damage_healed":0,"gold_gain":0,"player_choice":"Memory 1","damage_taken":0,"max_hp_gain":0,"max_hp_loss":0,"event_name":"SensoryStone","floor":39,"gold_loss":0},{"damage_healed":0,"gold_gain":0,"player_choice":"Paid","damage_taken":0,"relics_obtained":["Red Mask"],"max_hp_gain":0,"max_hp_loss":0,"event_name":"Tomb of Lord Red Mask","floor":41,"gold_loss":9},{"damage_healed":0,"gold_gain":0,"player_choice":"Relic","damage_taken":0,"max_hp_gain":0,"max_hp_loss":0,"event_name":"Wheel of Change","floor":46,"gold_loss":0}],"is_beta":false,"boss_relics":[{"not_picked":["Runic Dome","White Beast Statue"],"picked":"Cursed Key"},{"not_picked":["HoveringKite","Fusion Hammer"],"picked":"Philosopher\u0027s Stone"}],"items_purged_floors":[19],"is_endless":false,"potions_floor_spawned":[1,4,12,16,20,27,29,31,33,35,47,48],"ascension_level":15}