{"gold_per_floor":[109,34,34,49,49,49,75,75,75,75,109,125,158,158,158,158],"floor_reached":16,"playtime":602,"items_purged":["Strike_R"],"score":247,"play_id":"242a255c-6a42-42c4-9fde-6f0d0ea63431","local_time":"20190118203132","is_ascension_mode":true,"campfire_choices":[{"data":"Anger","floor":6,"key":"SMITH"},{"data":"Corruption","floor":8,"key":"SMITH"},{"data":"Bash","floor":10,"key":"SMITH"},{"floor":15,"key":"REST"}],"neow_cost":"NONE","seed_source_timestamp":813302347335972,"circlet_count":0,"master_deck":["AscendersBane","Strike_R","Strike_R","Strike_R","Strike_R","Defend_R","Defend_R","Defend_R","Defend_R","Bash+1","Corruption+1","Anger+1","Sentinel+1","Dropkick"],"relics":["Burning Blood","NeowsBlessing","Pantograph","Charon\u0027s Ashes","Toxic Egg 2","Juzu Bracelet","Golden Idol"],"potions_floor_usage":[13],"damage_taken":[{"damage":0,"enemies":"Jaw Worm","floor":1,"turns":1},{"damage":0,"enemies":"Small Slimes","floor":4,"turns":2},{"damage":0,"enemies":"3 Sentries","floor":7,"turns":2},{"damage":29,"enemies":"Gremlin Nob","floor":11,"turns":4},{"damage":3,"enemies":"2 Louse","floor":12,"turns":3},{"damage":22,"enemies":"Lagavulin","floor":13,"turns":4},{"damage":88,"enemies":"The Guardian","floor":16,"turns":11}],"seed_played":"1186618477594294656","potions_obtained":[{"floor":1,"key":"FairyPotion"},{"floor":11,"key":"Strength Potion"}],"is_trial":false,"path_per_floor":["M","$","?","M","?","R","E","R","T","R","E","M","E","?","R","B"],"character_chosen":"IRONCLAD","items_purchased":[],"campfire_rested":1,"item_purchase_floors":[],"current_hp_per_floor":[74,74,74,75,75,75,75,75,75,75,52,55,39,39,59,0],"gold":158,"neow_bonus":"THREE_ENEMY_KILL","is_prod":false,"is_daily":false,"chose_seed":false,"campfire_upgraded":3,"win_rate":0,"timestamp":1547843492,"path_taken":["M","$","?","M","?","R","E","R","T","R","E","M","E","?","R","BOSS"],"build_version":"2019-01-17v2","purchased_purges":1,"victory":false,"max_hp_per_floor":[75,75,75,75,75,75,75,75,75,75,75,75,75,68,68,68],"card_choices":[{"not_picked":["Rupture","Clash"],"picked":"Corruption","floor":1},{"not_picked":["Hemokinesis","Blood for Blood"],"picked":"Anger","floor":4},{"not_picked":["Warcry","Perfected Strike","Corruption"],"picked":"SKIP","floor":7},{"not_picked":["Warcry","Bloodletting"],"picked":"Sentinel","floor":11},{"not_picked":["Clash","Corruption"],"picked":"Dropkick","floor":12},{"not_picked":["Reckless Charge","Havoc+1","Corruption"],"picked":"SKIP","floor":13}],"player_experience":1206780,"relics_obtained":[{"floor":7,"key":"Pantograph"},{"floor":9,"key":"Charon\u0027s Ashes"},{"floor":11,"key":"Toxic Egg 2"},{"floor":13,"key":"Juzu Bracelet"}],"event_choices":[{"damage_healed":0,"gold_gain":0,"player_choice":"Leave","damage_taken":0,"max_hp_gain":0,"max_hp_loss":0,"event_name":"The Cleric","floor":3,"gold_loss":0},{"damage_healed":0,"gold_gain":0,"player_choice":"Ignored","damage_taken":0,"max_hp_gain":0,"max_hp_loss":0,"event_name":"Liars Game","floor":5,"gold_loss":0},{"damage_healed":0,"gold_gain":0,"player_choice":"Lose Max HP","damage_taken":0,"relics_obtained":["Golden Idol"],"max_hp_gain":0,"max_hp_loss":7,"event_name":"Golden Idol","floor":14,"gold_loss":0}],"is_beta":false,"boss_relics":[],"items_purged_floors":[2],"is_endless":false,"potions_floor_spawned":[1,11,12],"killed_by":"The Guardian","ascension_level":15}