{"gold_per_floor":[18,0,0,12,29,29,57,76,100,100,110,136,136,165,165,242,242,254,57,74,74,74,74,99,111,153,165,177,189,220,260,272,284],"floor_reached":33,"playtime":1500,"items_purged":["Strike_B"],"score":527,"play_id":"b71289b3-cc8e-4c12-922e-a00e004b9475","local_time":"20190208020055","is_ascension_mode":true,"campfire_choices":[{"data":"Zap","floor":6,"key":"SMITH"},{"floor":10,"key":"REST"},{"floor":13,"key":"REST"},{"floor":15,"key":"REST"},{"floor":23,"key":"RECALL"},{"floor":25,"key":"REST"},{"floor":27,"key":"REST"},{"floor":29,"key":"REST"},{"floor":32,"key":"REST"}],"neow_cost":"NO_GOLD","seed_source_timestamp":2361140854206920,"circlet_count":0,"master_deck":["AscendersBane","Defend_B","Defend_B+1","Defend_B","Zap+1","Dualcast","Sweeping Beam","Beam Cell","Conserve Battery","Scrape","Self Repair","White Noise+1","Glacier","Reinforced Body","Creative AI","Ball Lightning","Self Repair","Gash","Coolheaded","Echo Form","Cold Snap+1","Glacier"],"relics":["Cracked Core","Happy Flower","Pen Nib","War Paint","Mercury Hourglass","Fusion Hammer","MawBank","Tiny Chest","Letter Opener"],"potions_floor_usage":[7,12,18,30,31],"damage_taken":[{"damage":6,"enemies":"Cultist","floor":1,"turns":4},{"damage":0,"enemies":"2 Louse","floor":4,"turns":4},{"damage":0,"enemies":"Small Slimes","floor":5,"turns":2},{"damage":49,"enemies":"Gremlin Nob","floor":7,"turns":6},{"damage":2,"enemies":"Exordium Wildlife","floor":8,"turns":4},{"damage":1,"enemies":"Looter","floor":11,"turns":3},{"damage":28,"enemies":"Lagavulin","floor":12,"turns":6},{"damage":29,"enemies":"Gremlin Nob","floor":14,"turns":6},{"damage":3,"enemies":"The Guardian","floor":16,"turns":16},{"damage":6,"enemies":"2 Thieves","floor":18,"turns":4},{"damage":3,"enemies":"Shell Parasite","floor":20,"turns":6},{"damage":54,"enemies":"Gremlin Leader","floor":24,"turns":10},{"damage":16,"enemies":"Shelled Parasite and Fungi","floor":30,"turns":5},{"damage":64,"enemies":"Slavers","floor":31,"turns":6},{"damage":50,"enemies":"Collector","floor":33,"turns":6}],"seed_played":"-1387074616472281420","potions_obtained":[{"floor":4,"key":"Dexterity Potion"},{"floor":7,"key":"Energy Potion"},{"floor":14,"key":"AttackPotion"},{"floor":16,"key":"FocusPotion"},{"floor":18,"key":"AttackPotion"}],"is_trial":false,"path_per_floor":["M","?","?","M","M","R","E","M","T","R","M","E","R","E","R","B",null,"M","$","M","?","?","R","E","R","T","R","$","R","M","E","R","B"],"character_chosen":"DEFECT","items_purchased":["Self Repair","Gash"],"campfire_rested":7,"item_purchase_floors":[19,19],"current_hp_per_floor":[58,58,58,58,58,58,9,7,7,28,34,13,34,12,33,37,63,64,64,71,71,71,71,31,52,52,71,71,71,71,21,42,0],"gold":284,"neow_bonus":"REMOVE_TWO","is_prod":false,"is_daily":false,"chose_seed":false,"campfire_upgraded":1,"win_rate":0,"timestamp":1549609255,"path_taken":["M","?","?","M","M","R","E","M","T","R","?","E","R","E","R","BOSS","M","$","M","?","?","R","E","R","T","R","?","R","M","E","R","BOSS"],"build_version":"2019-01-23","purchased_purges":1,"victory":false,"max_hp_per_floor":[71,71,71,71,71,71,71,71,71,71,71,71,71,71,71,71,71,71,71,71,71,71,71,71,71,71,71,71,71,71,71,71,71],"card_choices":[{"not_picked":["Storm","Conserve Battery"],"picked":"Sweeping Beam","floor":1},{"not_picked":["Redo","Coolheaded"],"picked":"Beam Cell","floor":4},{"not_picked":["Leap","Consume"],"picked":"Conserve Battery","floor":5},{"not_picked":["Streamline","Go for the Eyes"],"picked":"Scrape","floor":7},{"not_picked":["Leap","Coolheaded"],"picked":"Self Repair","floor":8},{"not_picked":["Genetic Algorithm","Stack"],"picked":"White Noise","floor":11},{"not_picked":["Compile Driver","Auto Shields"],"picked":"Glacier","floor":12},{"not_picked":["Auto Shields","Scrape"],"picked":"Reinforced Body","floor":14},{"not_picked":["Thunder Strike","Amplify"],"picked":"Creative AI","floor":16},{"not_picked":["Steam","Turbo"],"picked":"Ball Lightning","floor":18},{"not_picked":["Lockon","Auto Shields+1"],"picked":"Coolheaded","floor":20},{"not_picked":["Undo","Redo"],"picked":"Echo Form","floor":24},{"not_picked":["BootSequence","Barrage"],"picked":"Cold Snap+1","floor":30},{"not_picked":["Sweeping Beam","Coolheaded"],"picked":"Glacier","floor":31}],"player_experience":538809,"relics_obtained":[{"floor":7,"key":"Happy Flower"},{"floor":9,"key":"Pen Nib"},{"floor":12,"key":"War Paint"},{"floor":14,"key":"Mercury Hourglass"},{"floor":24,"key":"MawBank"},{"floor":26,"key":"Tiny Chest"},{"floor":31,"key":"Letter Opener"}],"event_choices":[{"damage_healed":0,"gold_gain":0,"player_choice":"Left Gold","damage_taken":0,"max_hp_gain":0,"max_hp_loss":0,"event_name":"World of Goop","floor":2,"gold_loss":18},{"cards_removed":["Strike_B"],"damage_healed":0,"gold_gain":0,"player_choice":"Purged","damage_taken":0,"max_hp_gain":0,"max_hp_loss":0,"event_name":"Purifier","floor":3,"gold_loss":0},{"damage_healed":0,"gold_gain":0,"player_choice":"Ignored","damage_taken":0,"max_hp_gain":0,"max_hp_loss":0,"event_name":"Beggar","floor":21,"gold_loss":0},{"cards_removed":["Defend_B"],"damage_healed":0,"gold_gain":0,"player_choice":"Elegance","damage_taken":0,"max_hp_gain":0,"max_hp_loss":0,"event_name":"Back to Basics","floor":22,"gold_loss":0}],"is_beta":false,"boss_relics":[{"not_picked":["Coffee Dripper","Astrolabe"],"picked":"Fusion Hammer"}],"items_purged_floors":[19],"is_endless":false,"potions_floor_spawned":[4,7,14,16,18,20],"killed_by":"Collector","ascension_level":15}