{"gold_per_floor":[364,364,35,46,64,64,99,99,99,46,46,62,62,112,112,112],"floor_reached":16,"playtime":3589,"items_purged":["Strike_R"],"score":196,"play_id":"0efd4b0f-a915-4844-b981-aae56d1e6a45","local_time":"20180911142437","is_ascension_mode":true,"campfire_choices":[{"data":"True Grit","floor":6,"key":"SMITH"},{"data":"Hemokinesis","floor":8,"key":"SMITH"},{"floor":15,"key":"REST"}],"neow_cost":"PERCENT_DAMAGE","seed_source_timestamp":1317504163149,"circlet_count":0,"master_deck":["Strike_R","Strike_R","Strike_R","Strike_R","Defend_R","Defend_R","Defend_R","Bash","AscendersBane","Shrug It Off","True Grit+1","Hemokinesis+1","Shockwave","Battle Trance","Dropkick","Thunderclap"],"relics":["Burning Blood","Paper Frog","Kunai","Golden Idol","Art of War"],"potions_floor_usage":[7,7,16],"damage_taken":[{"damage":4,"enemies":"2 Louse","floor":1,"turns":3},{"damage":5,"enemies":"Jaw Worm","floor":4,"turns":5},{"damage":7,"enemies":"Cultist","floor":5,"turns":3},{"damage":10,"enemies":"Gremlin Nob","floor":7,"turns":4},{"damage":13,"enemies":"Large Slime","floor":12,"turns":4},{"damage":66,"enemies":"Slime Boss","floor":16,"turns":11}],"seed_played":"-9053105453083530336","potions_obtained":[{"floor":7,"key":"BloodPotion"}],"is_trial":false,"path_per_floor":["M","?","$","M","M","R","E","R","T","$","?","M","T","?","R"],"character_chosen":"IRONCLAD","items_purchased":["Fire Potion","True Grit","Hemokinesis","Block Potion","Thunderclap"],"campfire_rested":1,"item_purchase_floors":[3,3,3,3,10],"current_hp_per_floor":[52,45,45,46,45,45,41,41,41,41,41,34,34,34,54,0],"gold":112,"neow_bonus":"TWO_FIFTY_GOLD","is_prod":false,"is_daily":false,"chose_seed":false,"campfire_upgraded":2,"win_rate":0,"timestamp":1536690277,"path_taken":["M","?","$","?","M","R","E","R","T","$","?","M","?","?","R","BOSS"],"build_version":"2018-09-06","purchased_purges":1,"victory":false,"max_hp_per_floor":[75,75,75,75,75,75,75,75,75,75,68,68,68,68,68,68],"card_choices":[{"not_picked":["Heavy Blade","Corruption"],"picked":"Shrug It Off","floor":1},{"not_picked":["Clothesline","Power Through"],"picked":"Shockwave","floor":4},{"not_picked":["Anger","Twin Strike"],"picked":"Battle Trance","floor":5},{"not_picked":["Exhume","Entrench"],"picked":"Dropkick","floor":7},{"not_picked":["Clothesline","True Grit","Blood for Blood"],"picked":"SKIP","floor":12}],"player_experience":2704803,"relics_obtained":[{"floor":7,"key":"Paper Frog"},{"floor":9,"key":"Kunai"},{"floor":13,"key":"Art of War"}],"event_choices":[{"event_name":"Golden Wing","player_choice":"Card Removal","floor":2,"damage_taken":0},{"event_name":"Golden Idol","player_choice":"Lose Max HP","floor":11,"damage_taken":0},{"event_name":"Golden Shrine","player_choice":"Pray","floor":14,"damage_taken":0}],"is_beta":false,"boss_relics":[],"items_purged_floors":[3],"is_endless":false,"potions_floor_spawned":[5,7],"killed_by":"Slime Boss","ascension_level":20}