{"gold_per_floor":[112,132,151,161,177,208,222,222,268,303,478,478,478,6,6,103,103,116,46,46,46,19,19,29,29,29,49,59,72,72,88,88,88],"floor_reached":33,"playtime":2417,"items_purged":["Doubt"],"score":451,"play_id":"9058c1fd-0ba4-4143-a8ff-8aa39c8eee1a","local_time":"20190114184144","is_ascension_mode":true,"campfire_choices":[{"floor":8,"key":"REST"},{"floor":12,"key":"REST"},{"floor":15,"key":"REST"},{"floor":23,"key":"DIG"},{"floor":25,"key":"DIG"},{"floor":32,"key":"REST"}],"neow_cost":"NONE","seed_source_timestamp":459270897343111,"circlet_count":0,"master_deck":["AscendersBane","Defend_G","Defend_G","Defend_G","Defend_G","Defend_G","Strike_G","Strike_G","Survivor","Neutralize","Heel Hook","Flying Knee","Caltrops","Dagger Spray","Sucker Punch","Dagger Throw","Wraith Form v2","Dagger Spray","Noxious Fumes","Catalyst","Tools of the Trade","Dagger Spray","Footwork","Shame","Ghostly","Ghostly","Ghostly","Ghostly","Ghostly","Noxious Fumes","Backflip","PiercingWail+1","Backstab","Prepared","Caltrops+1"],"relics":["Ring of the Snake","NeowsBlessing","Shovel","Anchor","Ancient Tea Set","Ninja Scroll","Empty Cage","The Courier","Vajra","Blue Candle","Tough Bandages"],"potions_floor_usage":[7,10,16,31,33,33],"damage_taken":[{"damage":0,"enemies":"Cultist","floor":1,"turns":1},{"damage":0,"enemies":"Jaw Worm","floor":2,"turns":1},{"damage":0,"enemies":"Small Slimes","floor":3,"turns":1},{"damage":8,"enemies":"Blue Slaver","floor":4,"turns":5},{"damage":1,"enemies":"Large Slime","floor":5,"turns":6},{"damage":27,"enemies":"Gremlin Nob","floor":6,"turns":5},{"damage":0,"enemies":"Exordium Wildlife","floor":7,"turns":2},{"damage":28,"enemies":"Lagavulin","floor":10,"turns":6},{"damage":43,"enemies":"Slime Boss","floor":16,"turns":10},{"damage":7,"enemies":"Chosen","floor":18,"turns":6},{"damage":6,"enemies":"2 Thieves","floor":24,"turns":5},{"damage":11,"enemies":"Sentry and Sphere","floor":27,"turns":7},{"damage":2,"enemies":"Centurion and Healer","floor":28,"turns":8},{"damage":7,"enemies":"Shelled Parasite and Fungi","floor":29,"turns":7},{"damage":4,"enemies":"Snecko","floor":31,"turns":7},{"damage":31,"enemies":"Collector","floor":33,"turns":10}],"seed_played":"-4827906027848357966","potions_obtained":[{"floor":4,"key":"PowerPotion"},{"floor":6,"key":"Fire Potion"},{"floor":10,"key":"EssenceOfSteel"},{"floor":27,"key":"PowerPotion"},{"floor":28,"key":"Block Potion"},{"floor":31,"key":"SpeedPotion"}],"is_trial":false,"path_per_floor":["M","M","M","M","M","E","M","R","T","E","?","R","?","$","R","B",null,"M","$","?","?","$","R","M","R","T","M","M","M","?","M","R","B"],"character_chosen":"THE_SILENT","items_purchased":["Noxious Fumes","Catalyst","Ninja Scroll","Footwork","Noxious Fumes"],"campfire_rested":4,"item_purchase_floors":[14,14,14,19,22],"current_hp_per_floor":[63,63,63,55,54,27,27,48,48,20,20,41,34,34,55,12,56,49,49,49,35,35,35,29,29,29,18,16,9,9,5,15,0],"gold":88,"neow_bonus":"THREE_ENEMY_KILL","is_prod":false,"is_daily":false,"chose_seed":false,"campfire_upgraded":0,"win_rate":0,"timestamp":1547491304,"path_taken":["M","M","M","M","?","E","?","R","T","E","?","R","?","$","R","BOSS","M","$","?","?","$","R","M","R","T","M","M","M","?","M","R","BOSS"],"build_version":"2019-01-10","purchased_purges":1,"victory":false,"max_hp_per_floor":[70,70,70,70,70,70,70,70,70,70,70,70,70,70,70,70,70,70,70,70,35,35,35,35,35,35,35,35,35,35,35,35,35],"card_choices":[{"not_picked":["Dagger Spray","Outmaneuver"],"picked":"Heel Hook","floor":1},{"not_picked":["Cloak And Dagger","PiercingWail"],"picked":"Flying Knee","floor":2},{"not_picked":["Flying Knee","Blade Dance"],"picked":"Caltrops","floor":3},{"not_picked":["Backflip","Terror"],"picked":"Dagger Spray","floor":4},{"not_picked":["Quick Slash","Blade Dance"],"picked":"Sucker Punch","floor":5},{"not_picked":["Acrobatics","Slice"],"picked":"Dagger Throw","floor":6},{"not_picked":["Underhanded Strike","Poisoned Stab"],"picked":"Wraith Form v2","floor":7},{"not_picked":["Skewer","Dagger Throw"],"picked":"Dagger Spray","floor":10},{"not_picked":["A Thousand Cuts","Unload"],"picked":"Tools of the Trade","floor":16},{"not_picked":["Blade Dance","Acrobatics+1"],"picked":"Dagger Spray","floor":18},{"not_picked":["Underhanded Strike+1","Flying Knee+1"],"picked":"Backflip","floor":24},{"not_picked":["Poisoned Stab","Dash"],"picked":"PiercingWail+1","floor":27},{"not_picked":["Blade Dance","Dagger Spray+1"],"picked":"Backstab","floor":28},{"not_picked":["Backflip","Noxious Fumes"],"picked":"Prepared","floor":29},{"not_picked":["Flying Knee","Dagger Spray+1"],"picked":"Caltrops+1","floor":31}],"player_experience":1178826,"relics_obtained":[{"floor":6,"key":"Shovel"},{"floor":9,"key":"Anchor"},{"floor":10,"key":"Ancient Tea Set"},{"floor":23,"key":"Vajra"},{"floor":25,"key":"Blue Candle"},{"floor":26,"key":"Tough Bandages"}],"event_choices":[{"damage_healed":0,"gold_gain":175,"player_choice":"AGREE","damage_taken":0,"max_hp_gain":0,"max_hp_loss":0,"event_name":"Liars Game","floor":11,"gold_loss":0,"cards_obtained":["Doubt"]},{"cards_removed":["Strike_G"],"damage_healed":0,"gold_gain":0,"player_choice":"Card Removal","damage_taken":7,"max_hp_gain":0,"max_hp_loss":0,"event_name":"Golden Wing","floor":13,"gold_loss":0},{"damage_healed":0,"gold_gain":0,"player_choice":"Stole Relic","damage_taken":0,"relics_obtained":["The Courier"],"max_hp_gain":0,"max_hp_loss":0,"event_name":"Addict","floor":20,"gold_loss":0,"cards_obtained":["Shame"]},{"damage_healed":0,"gold_gain":0,"player_choice":"Became a Ghost","damage_taken":0,"max_hp_gain":0,"max_hp_loss":35,"event_name":"Ghosts","floor":21,"gold_loss":0,"cards_obtained":["Ghostly","Ghostly","Ghostly","Ghostly","Ghostly"]},{"damage_healed":0,"gold_gain":0,"player_choice":"Ignored","damage_taken":0,"max_hp_gain":0,"max_hp_loss":0,"event_name":"Cursed Tome","floor":30,"gold_loss":0}],"is_beta":false,"boss_relics":[{"not_picked":["Philosopher\u0027s Stone","Ectoplasm"],"picked":"Empty Cage"}],"items_purged_floors":[14],"is_endless":false,"potions_floor_spawned":[4,6,10,27,28,29,31],"killed_by":"Collector","ascension_level":11}