{"gold_per_floor":[15,15,26,26,26,26,26,201,201,220,220,233,233,295,295,391,391,411,430,73,90,42,42,42,42,91,91,124,52,67,67,67,163,163,174,174,174,99,99,99,110,110,159,159,183,193,20,75,75,75],"floor_reached":51,"playtime":1438,"items_purged":["Strike_B","Strike_B"],"score":697,"play_id":"b809879b-8968-4828-a578-8ea9e2dbce66","local_time":"20190203182207","is_ascension_mode":false,"campfire_choices":[{"data":"Hologram","floor":6,"key":"SMITH"},{"data":"Hologram","floor":11,"key":"SMITH"},{"data":"Dualcast","floor":13,"key":"SMITH"},{"data":"Defragment","floor":15,"key":"SMITH"},{"data":"Coolheaded","floor":23,"key":"SMITH"},{"data":"Biased Cognition","floor":25,"key":"SMITH"},{"data":"Defragment","floor":32,"key":"SMITH"},{"data":"Secret Technique","floor":40,"key":"SMITH"},{"data":"Mayhem","floor":42,"key":"SMITH"},{"floor":49,"key":"REST"}],"neow_cost":"NO_GOLD","seed_source_timestamp":13602108799869,"circlet_count":0,"master_deck":["Defend_B","Defend_B+1","Defend_B","Defend_B","Zap+1","Dualcast+1","Hologram+1","Ball Lightning","Doubt","Hologram+1","Defragment+1","Biased Cognition+1","Coolheaded+1","Coolheaded+1","Coolheaded+1","Defragment+1","Self Repair","Conserve Battery","Biased Cognition","Conserve Battery+1","Madness","Madness","Secret Technique+1","Mayhem+1","Ball Lightning+1","Compile Driver+1","Chaos","Compile Driver+1"],"relics":["Cracked Core","WingedGreaves","Blue Candle","Du-Vu Doll","Sozu","Ice Cream","War Paint","Letter Opener","Blood Vial","Inserter","Happy Flower","Art of War","Prayer Wheel"],"potions_floor_usage":[16,50],"damage_taken":[{"damage":2,"enemies":"Small Slimes","floor":1,"turns":4},{"damage":0,"enemies":"Cultist","floor":3,"turns":3},{"damage":0,"enemies":"2 Louse","floor":10,"turns":2},{"damage":0,"enemies":"Looter","floor":12,"turns":3},{"damage":18,"enemies":"3 Sentries","floor":14,"turns":6},{"damage":10,"enemies":"Hexaghost","floor":16,"turns":7},{"damage":11,"enemies":"Shell Parasite","floor":18,"turns":3},{"damage":6,"enemies":"3 Byrds","floor":19,"turns":3},{"damage":2,"enemies":"Snake Plant","floor":21,"turns":4},{"damage":0,"enemies":"Book of Stabbing","floor":28,"turns":5},{"damage":1,"enemies":"Sentry and Sphere","floor":30,"turns":5},{"damage":47,"enemies":"Collector","floor":33,"turns":11},{"damage":4,"enemies":"Orb Walker","floor":35,"turns":3},{"damage":7,"enemies":"3 Darklings","floor":41,"turns":4},{"damage":7,"enemies":"Transient","floor":46,"turns":5},{"damage":9,"enemies":"2 Orb Walkers","floor":48,"turns":4},{"damage":9,"enemies":"Awakened One","floor":50,"turns":11}],"seed_played":"900180962526590407","potions_obtained":[{"floor":2,"key":"Weak Potion"},{"floor":2,"key":"Energy Potion"},{"floor":2,"key":"FairyPotion"},{"floor":16,"key":"Ancient Potion"}],"is_trial":false,"path_per_floor":["M","?","M","?","?","R","?","?","T","M","R","M","R","?","R","B",null,"M","M","$","M","$","R","?","R","T","T","E","$","M","?","R","B",null,"M","?","?","$","?","R","M","R","T","?","T","M","$","?","R","B",null],"character_chosen":"DEFECT","items_purchased":["Ice Cream","Coolheaded","Coolheaded","Self Repair","Chaos"],"campfire_rested":1,"item_purchase_floors":[20,20,22,29,47],"current_hp_per_floor":[73,73,73,73,66,66,71,71,71,71,71,71,71,53,53,43,80,69,63,63,61,61,61,61,61,61,61,61,61,69,54,54,16,85,85,85,74,74,64,64,66,66,66,66,66,68,68,61,85,83],"gold":75,"neow_bonus":"ONE_RARE_RELIC","is_prod":false,"is_daily":false,"chose_seed":false,"campfire_upgraded":9,"win_rate":0,"timestamp":1549239727,"path_taken":["M","?","?","?","?","R","?","?","T","M","R","M","R","?","R","BOSS","M","M","$","M","$","R","?","R","T","?","E","?","?","?","R","BOSS","M","?","?","$","?","R","?","R","T","?","?","M","?","?","R","BOSS"],"build_version":"2019-01-23","purchased_purges":2,"victory":true,"max_hp_per_floor":[75,75,75,75,75,75,80,80,80,80,80,80,80,80,80,80,80,80,80,80,80,80,80,80,80,80,80,80,80,80,85,85,85,85,85,85,85,85,85,85,85,85,85,85,85,85,85,85,85,85],"card_choices":[{"not_picked":["Skim","Reprogram"],"picked":"Hologram","floor":1},{"not_picked":["Hologram","Stack"],"picked":"Ball Lightning","floor":3},{"not_picked":["Sweeping Beam","FTL"],"picked":"Hologram","floor":10},{"not_picked":["Steam","Streamline","Melter"],"picked":"SKIP","floor":12},{"not_picked":["Rebound","Streamline"],"picked":"Defragment","floor":14},{"not_picked":["Amplify","Multi-Cast"],"picked":"Biased Cognition","floor":16},{"not_picked":["Beam Cell","Reprogram","Darkness"],"picked":"SKIP","floor":18},{"not_picked":["Darkness","Heatsinks"],"picked":"Coolheaded+1","floor":19},{"not_picked":["Sunder+1","Fusion","Streamline"],"picked":"SKIP","floor":21},{"not_picked":["Sweeping Beam","Go for the Eyes+1"],"picked":"Defragment","floor":28},{"not_picked":["Sweeping Beam+1","Skim"],"picked":"Conserve Battery","floor":30},{"not_picked":["Fission","Hyperbeam"],"picked":"Biased Cognition","floor":33},{"not_picked":["Beam Cell","Rebound"],"picked":"Conserve Battery+1","floor":35},{"not_picked":["Finesse","Swift Strike"],"picked":"Secret Technique","floor":39},{"not_picked":["Chrysalis","Enlightenment"],"picked":"Mayhem","floor":39},{"not_picked":["Conserve Battery+1","Loop"],"picked":"Ball Lightning+1","floor":41},{"not_picked":["Gash+1","Stack+1"],"picked":"Compile Driver+1","floor":46},{"not_picked":["Rebound+1","Gash"],"picked":"Compile Driver+1","floor":48}],"player_experience":723470,"relics_obtained":[{"floor":9,"key":"Blue Candle"},{"floor":26,"key":"War Paint"},{"floor":27,"key":"Letter Opener"},{"floor":28,"key":"Blood Vial"},{"floor":43,"key":"Happy Flower"},{"floor":45,"key":"Art of War"},{"floor":48,"key":"Prayer Wheel"}],"event_choices":[{"damage_healed":0,"gold_gain":0,"player_choice":"Got Potions","damage_taken":0,"max_hp_gain":0,"max_hp_loss":0,"event_name":"Lab","floor":2,"gold_loss":0},{"damage_healed":0,"gold_gain":0,"player_choice":"Grow","damage_taken":0,"max_hp_gain":0,"max_hp_loss":0,"event_name":"Living Wall","floor":4,"gold_loss":0,"cards_upgraded":["Zap"]},{"cards_removed":["Strike_B"],"damage_healed":0,"gold_gain":0,"player_choice":"Card Removal","damage_taken":7,"max_hp_gain":0,"max_hp_loss":0,"event_name":"Golden Wing","floor":5,"gold_loss":0},{"damage_healed":0,"gold_gain":0,"player_choice":"Donut","damage_taken":0,"max_hp_gain":5,"max_hp_loss":0,"event_name":"Big Fish","floor":7,"gold_loss":0},{"damage_healed":0,"gold_gain":175,"player_choice":"AGREE","damage_taken":0,"max_hp_gain":0,"max_hp_loss":0,"event_name":"Liars Game","floor":8,"gold_loss":0,"cards_obtained":["Doubt"]},{"damage_healed":0,"gold_gain":0,"player_choice":"Searched \u00272\u0027 times","damage_taken":0,"relics_obtained":["Du-Vu Doll"],"max_hp_gain":0,"max_hp_loss":0,"event_name":"Dead Adventurer","floor":14,"gold_loss":0},{"damage_healed":0,"gold_gain":0,"player_choice":"Ignored","damage_taken":0,"max_hp_gain":0,"max_hp_loss":0,"event_name":"Vampires","floor":24,"gold_loss":0},{"damage_healed":0,"gold_gain":0,"player_choice":"Shed Blood","damage_taken":20,"max_hp_gain":5,"max_hp_loss":0,"event_name":"Forgotten Altar","floor":31,"gold_loss":0},{"cards_removed":["Strike_B"],"damage_healed":0,"gold_gain":0,"player_choice":"Removed Attack","damage_taken":0,"max_hp_gain":0,"max_hp_loss":0,"event_name":"Falling","floor":36,"gold_loss":0},{"damage_healed":0,"gold_gain":0,"player_choice":"Embrace Madness","damage_taken":11,"max_hp_gain":0,"max_hp_loss":0,"event_name":"Winding Halls","floor":37,"gold_loss":0,"cards_obtained":["Madness","Madness"]},{"damage_healed":0,"gold_gain":0,"player_choice":"Memory 3","damage_taken":10,"max_hp_gain":0,"max_hp_loss":0,"event_name":"SensoryStone","floor":39,"gold_loss":0},{"damage_healed":0,"gold_gain":0,"player_choice":"Ignored","damage_taken":0,"max_hp_gain":0,"max_hp_loss":0,"event_name":"Tomb of Lord Red Mask","floor":44,"gold_loss":0},{"damage_healed":0,"gold_gain":0,"player_choice":"Fight","damage_taken":0,"max_hp_gain":0,"max_hp_loss":0,"event_name":"Mysterious Sphere","floor":48,"gold_loss":0}],"is_beta":false,"boss_relics":[{"not_picked":["Coffee Dripper","FrozenCore"],"picked":"Sozu"},{"not_picked":["White Beast Statue","Tiny House"],"picked":"Inserter"}],"items_purged_floors":[38,47],"is_endless":false,"potions_floor_spawned":[3,14,16,18,21,30,35],"ascension_level":0}