{"gold_per_floor":[119,119,132,73,85,115,190,190,190,190,201,231,243,276,276,372,422,437,437],"floor_reached":19,"playtime":1527,"items_purged":[],"score":196,"play_id":"ac8ad62d-3d8b-4c45-9d61-d9dde4f30df1","local_time":"20190117143749","is_ascension_mode":true,"campfire_choices":[{"floor":8,"key":"REST"},{"data":"Zap","floor":10,"key":"SMITH"},{"floor":15,"key":"REST"}],"neow_cost":"TEN_PERCENT_HP_LOSS","seed_source_timestamp":0,"circlet_count":0,"master_deck":["Strike_B","Strike_B","Strike_B","Strike_B","Defend_B","Defend_B","Defend_B","Defend_B+1","Zap+1","Dualcast","Machine Learning","Gash","Streamline","Conserve Battery","Echo Form","All For One+1"],"special_seed":0,"relics":["Cracked Core","WingedGreaves","Tiny Chest","Happy Flower","Anchor","Molten Egg 2","Tiny House"],"potions_floor_usage":[6,12,16,16,16,16,18,19,19,19],"damage_taken":[{"damage":0,"enemies":"Cultist","floor":1,"turns":4},{"damage":1,"enemies":"2 Louse","floor":3,"turns":2},{"damage":2,"enemies":"Jaw Worm","floor":5,"turns":4},{"damage":14,"enemies":"3 Sentries","floor":6,"turns":8},{"damage":3,"enemies":"Looter","floor":11,"turns":3},{"damage":6,"enemies":"Lagavulin","floor":12,"turns":6},{"damage":0,"enemies":"Exordium Wildlife","floor":13,"turns":5},{"damage":11,"enemies":"Gremlin Nob","floor":14,"turns":4},{"damage":1,"enemies":"Slime Boss","floor":16,"turns":5},{"damage":15,"enemies":"2 Thieves","floor":18,"turns":4},{"damage":19,"enemies":"Colosseum Slavers","floor":19,"turns":4},{"damage":68,"enemies":"Colosseum Nobs","floor":19,"turns":4}],"seed_played":"-801791597526044921","potions_obtained":[{"floor":5,"key":"Block Potion"},{"floor":11,"key":"SkillPotion"},{"floor":12,"key":"FocusPotion"},{"floor":13,"key":"Regen Potion"},{"floor":14,"key":"EntropicBrew"},{"floor":17,"key":"Swift Potion"},{"floor":18,"key":"Swift Potion"}],"is_trial":false,"path_per_floor":["M","?","M","?","M","E","?","R","T","R","M","E","M","E","R","B",null,"M","?"],"character_chosen":"DEFECT","items_purchased":[],"campfire_rested":2,"item_purchase_floors":[],"current_hp_per_floor":[68,43,42,42,40,26,15,35,35,35,32,26,26,15,35,48,73,58,0],"gold":437,"neow_bonus":"THREE_RARE_CARDS","is_prod":false,"is_daily":false,"chose_seed":false,"campfire_upgraded":1,"win_rate":0,"timestamp":1547757469,"path_taken":["M","?","M","?","?","E","?","R","T","R","M","E","M","E","R","BOSS","M","?"],"build_version":"2019-01-10","purchased_purges":0,"victory":false,"max_hp_per_floor":[68,68,68,68,68,68,68,68,68,68,68,68,68,68,68,68,73,73,73],"card_choices":[{"not_picked":["Fission","Biased Cognition"],"picked":"Machine Learning","floor":0},{"not_picked":["Coolheaded","Hologram"],"picked":"Gash","floor":1},{"not_picked":["Stack","Leap","Reinforced Body"],"picked":"SKIP","floor":3},{"not_picked":["Go for the Eyes","Fusion"],"picked":"Streamline","floor":5},{"not_picked":["Chill","Capacitor"],"picked":"Conserve Battery","floor":6},{"not_picked":["Ball Lightning","Barrage","Sweeping Beam"],"picked":"SKIP","floor":11},{"not_picked":["Defragment","Skim"],"picked":"Echo Form","floor":12},{"not_picked":["Hologram","Turbo","Hello World"],"picked":"SKIP","floor":13},{"not_picked":["Stack","Hologram","Compile Driver"],"picked":"SKIP","floor":14},{"not_picked":["Fission","Buffer"],"picked":"All For One+1","floor":16},{"not_picked":["Go for the Eyes+1","Barrage+1","BootSequence"],"picked":"SKIP","floor":18}],"player_experience":236654,"relics_obtained":[{"floor":6,"key":"Happy Flower"},{"floor":12,"key":"Anchor"},{"floor":14,"key":"Molten Egg 2"}],"event_choices":[{"damage_healed":0,"gold_gain":0,"player_choice":"Success","damage_taken":25,"relics_obtained":["WingedGreaves"],"max_hp_gain":0,"max_hp_loss":0,"event_name":"Scrap Ooze","floor":2,"gold_loss":0},{"damage_healed":0,"gold_gain":0,"player_choice":"Paid Gold","damage_taken":0,"relics_obtained":["Tiny Chest"],"max_hp_gain":0,"max_hp_loss":0,"event_name":"WeMeetAgain","floor":4,"gold_loss":89},{"damage_healed":0,"gold_gain":75,"player_choice":"Gather Gold","damage_taken":11,"max_hp_gain":0,"max_hp_loss":0,"event_name":"World of Goop","floor":7,"gold_loss":0},{"damage_healed":0,"gold_gain":0,"player_choice":"Fight","damage_taken":0,"max_hp_gain":0,"max_hp_loss":0,"event_name":"Colosseum","floor":19,"gold_loss":0},{"damage_healed":0,"gold_gain":0,"player_choice":"Fought Nobs","damage_taken":0,"max_hp_gain":0,"max_hp_loss":0,"event_name":"Colosseum","floor":19,"gold_loss":0}],"is_beta":false,"boss_relics":[{"not_picked":["Runic Dome","Eternal Feather"],"picked":"Tiny House"}],"items_purged_floors":[],"is_endless":false,"potions_floor_spawned":[5,11,12,13,14,18],"killed_by":"Colosseum Nobs","ascension_level":1}