{"gold_per_floor":[113,124,56,3,15,15,15,41,68,100,111,141,141,141,141,239,239,257,257,257,182,26,26,26,38,38,38,50,50,62,82,82,182,232,251,251,262,22,42,42,97,97,178,102,120,140,168,187,187,187],"floor_reached":51,"playtime":3622,"items_purged":["Strike_B+1"],"score":1116,"play_id":"1f826fc2-24eb-4a34-a15f-c01af7475355","local_time":"20190108002524","is_ascension_mode":true,"campfire_choices":[{"data":"Sunder","floor":6,"key":"SMITH"},{"floor":15,"key":"REST"},{"floor":23,"key":"REST"},{"floor":27,"key":"REST"},{"data":"Electrodynamics","floor":29,"key":"SMITH"},{"floor":32,"key":"REST"},{"floor":40,"key":"REST"},{"floor":42,"key":"REST"},{"floor":49,"key":"REST"}],"neow_cost":"NONE","seed_source_timestamp":1645958684156665,"circlet_count":0,"master_deck":["AscendersBane","Defend_B","Defend_B","Defend_B","Defend_B","Zap","Dualcast","Go for the Eyes","Cold Snap","Sunder+1","Streamline","White Noise","Steam","Streamline","Creative AI","Electrodynamics+1","Meteor Strike","Core Surge","Consume","Capacitor","Heatsinks+1","Consume+1","Defragment","Meteor Strike","Loop+1","Melter","Storm","Multi-Cast","Capacitor+1","Tempest"],"relics":["Runic Pyramid","Lantern","Question Card","Bag of Preparation","Oddly Smooth Stone","Whetstone","Snecko Eye","Nilry\u0027s Codex","FossilizedHelix","Tiny House","Mummified Hand","Prayer Wheel","Ornamental Fan","Sundial"],"potions_floor_usage":[8,10,16,33,37,39,47],"damage_taken":[{"damage":1,"enemies":"Cultist","floor":1,"turns":4},{"damage":2,"enemies":"Jaw Worm","floor":2,"turns":3},{"damage":0,"enemies":"Small Slimes","floor":5,"turns":3},{"damage":14,"enemies":"Gremlin Nob","floor":8,"turns":3},{"damage":0,"enemies":"3 Sentries","floor":10,"turns":4},{"damage":0,"enemies":"Exordium Thugs","floor":11,"turns":3},{"damage":22,"enemies":"Lagavulin","floor":12,"turns":5},{"damage":27,"enemies":"Slime Boss","floor":16,"turns":6},{"damage":12,"enemies":"3 Byrds","floor":18,"turns":2},{"damage":0,"enemies":"Spheric Guardian","floor":25,"turns":3},{"damage":1,"enemies":"Shelled Parasite and Fungi","floor":28,"turns":3},{"damage":8,"enemies":"Centurion and Healer","floor":30,"turns":3},{"damage":12,"enemies":"Snake Plant","floor":31,"turns":4},{"damage":0,"enemies":"Champ","floor":33,"turns":7},{"damage":2,"enemies":"3 Shapes","floor":35,"turns":4},{"damage":19,"enemies":"3 Darklings","floor":37,"turns":3},{"damage":20,"enemies":"Writhing Mass","floor":39,"turns":4},{"damage":40,"enemies":"2 Orb Walkers","floor":41,"turns":4},{"damage":0,"enemies":"Sphere and 2 Shapes","floor":45,"turns":3},{"damage":0,"enemies":"Jaw Worm Horde","floor":46,"turns":2},{"damage":6,"enemies":"Reptomancer","floor":47,"turns":3},{"damage":0,"enemies":"Transient","floor":48,"turns":5},{"damage":20,"enemies":"Time Eater","floor":50,"turns":5}],"seed_played":"-9223051934098501538","potions_obtained":[{"floor":1,"key":"Fire Potion"},{"floor":2,"key":"FearPotion"},{"floor":12,"key":"Dexterity Potion"},{"floor":30,"key":"SteroidPotion"},{"floor":31,"key":"SneckoOil"},{"floor":33,"key":"SneckoOil"},{"floor":39,"key":"Explosive Potion"},{"floor":46,"key":"SteroidPotion"}],"is_trial":false,"path_per_floor":["M","M","$","?","M","R","?","E","T","E","M","E","?","?","R","B",null,"M","?","?","?","$","R","$","M","T","R","M","R","M","M","R","B",null,"M","?","M","$","M","R","?","R","T","$","M","M","E","M","R","B",null],"character_chosen":"DEFECT","items_purchased":["Sunder","Capacitor","Mummified Hand","Storm"],"campfire_rested":7,"item_purchase_floors":[3,22,38,44],"current_hp_per_floor":[67,65,65,65,65,65,65,51,51,51,51,29,29,29,51,24,62,50,34,34,34,34,56,56,56,56,75,74,74,66,54,75,75,80,78,78,59,59,39,63,23,47,47,47,47,47,41,41,65,45],"gold":187,"neow_bonus":"BOSS_RELIC","is_prod":false,"is_daily":false,"chose_seed":false,"campfire_upgraded":2,"win_rate":0,"timestamp":1546907124,"path_taken":["M","?","$","?","?","R","?","E","T","E","?","E","?","?","R","BOSS","M","?","?","?","$","R","$","M","T","R","M","R","M","M","R","BOSS","M","?","M","$","M","R","?","R","T","?","M","?","E","M","R","BOSS"],"build_version":"2019-01-03v4","purchased_purges":1,"victory":true,"max_hp_per_floor":[75,75,75,75,75,75,75,75,75,75,75,75,75,75,75,75,75,75,75,75,75,75,75,75,75,75,75,75,75,75,75,75,75,80,80,80,80,80,80,80,80,80,80,80,80,80,80,80,80,80],"card_choices":[{"not_picked":["Aggregate","Rip and Tear"],"picked":"Go for the Eyes","floor":1},{"not_picked":["Stack","Conserve Battery"],"picked":"Cold Snap","floor":2},{"not_picked":["Chill","Barrage"],"picked":"Streamline","floor":5},{"not_picked":["Fusion","Rebound"],"picked":"Steam","floor":8},{"not_picked":["Chill","Stack","Turbo"],"picked":"Streamline","floor":10},{"not_picked":["Cold Snap","Chaos","Ball Lightning"],"picked":"Creative AI","floor":11},{"not_picked":["Leap","Beam Cell","Tempest"],"picked":"Electrodynamics","floor":12},{"not_picked":["Seek","Buffer","Amplify"],"picked":"Core Surge","floor":16},{"not_picked":["Melter","FTL","Auto Shields+1"],"picked":"Consume","floor":18},{"not_picked":["Coolheaded+1","Turbo","Conserve Battery"],"picked":"Heatsinks","floor":25},{"not_picked":["Hologram","Compile Driver","Heatsinks"],"picked":"Consume+1","floor":28},{"not_picked":["Redo","Reprogram","Conserve Battery","Beam Cell"],"picked":"SKIP","floor":30},{"not_picked":["Leap","Capacitor","Streamline"],"picked":"Defragment","floor":31},{"not_picked":["Hyperbeam","Buffer","Seek"],"picked":"Meteor Strike","floor":33},{"not_picked":["Gash","Rebound","Compile Driver"],"picked":"Loop+1","floor":34},{"not_picked":["Reprogram","Steam Power","Compile Driver+1","Rebound"],"picked":"SKIP","floor":35},{"not_picked":["Streamline","Seek","Compile Driver+1"],"picked":"Melter","floor":37},{"not_picked":["Beam Cell","Redo+1","Stack+1","Rip and Tear+1"],"picked":"SKIP","floor":39},{"not_picked":["Reprogram+1","Heatsinks","Aggregate"],"picked":"Multi-Cast","floor":45},{"not_picked":["Compile Driver+1","Rip and Tear+1","Rebound+1"],"picked":"Capacitor+1","floor":45},{"not_picked":["Fusion","Coolheaded","Streamline","Conserve Battery"],"picked":"SKIP","floor":46},{"not_picked":["Redo+1","Steam Power+1","Stack","Ball Lightning+1"],"picked":"SKIP","floor":46},{"not_picked":["Steam","Reprogram+1","Seek","Ball Lightning"],"picked":"SKIP","floor":47},{"not_picked":["Lockon","Beam Cell","Go for the Eyes"],"picked":"Tempest","floor":48},{"not_picked":["Cold Snap+1","Reinforced Body+1","Go for the Eyes","Redo+1"],"picked":"SKIP","floor":48}],"player_experience":1149738,"relics_obtained":[{"floor":8,"key":"Question Card"},{"floor":9,"key":"Bag of Preparation"},{"floor":10,"key":"Oddly Smooth Stone"},{"floor":12,"key":"Whetstone"},{"floor":19,"key":"Nilry\u0027s Codex"},{"floor":26,"key":"FossilizedHelix"},{"floor":41,"key":"Prayer Wheel"},{"floor":43,"key":"Ornamental Fan"},{"floor":47,"key":"Sundial"}],"event_choices":[{"damage_healed":0,"gold_gain":0,"player_choice":"Paid Gold","damage_taken":0,"relics_obtained":["Lantern"],"max_hp_gain":0,"max_hp_loss":0,"event_name":"WeMeetAgain","floor":4,"gold_loss":53},{"damage_healed":0,"gold_gain":0,"player_choice":"1 cards matched","damage_taken":0,"max_hp_gain":0,"max_hp_loss":0,"event_name":"Match and Keep!","floor":7,"gold_loss":0,"cards_obtained":["White Noise"]},{"damage_healed":0,"gold_gain":0,"cards_transformed":["Strike_B"],"player_choice":"Change","damage_taken":0,"max_hp_gain":0,"max_hp_loss":0,"event_name":"Living Wall","floor":13,"gold_loss":0,"cards_obtained":["Meteor Strike"]},{"damage_healed":0,"gold_gain":0,"player_choice":"Ignored","damage_taken":0,"max_hp_gain":0,"max_hp_loss":0,"event_name":"Liars Game","floor":14,"gold_loss":0},{"damage_healed":0,"gold_gain":0,"player_choice":"Obtained Book","damage_taken":16,"max_hp_gain":0,"max_hp_loss":0,"event_name":"Cursed Tome","floor":19,"gold_loss":0},{"damage_healed":0,"gold_gain":0,"player_choice":"Ignored","damage_taken":0,"max_hp_gain":0,"max_hp_loss":0,"event_name":"Ghosts","floor":20,"gold_loss":0},{"cards_removed":["Strike_B"],"damage_healed":0,"gold_gain":0,"player_choice":"Gave Gold","damage_taken":0,"max_hp_gain":0,"max_hp_loss":0,"event_name":"Beggar","floor":21,"gold_loss":75},{"cards_removed":["Strike_B"],"damage_healed":0,"gold_gain":0,"player_choice":"Removed Attack","damage_taken":0,"max_hp_gain":0,"max_hp_loss":0,"event_name":"Falling","floor":36,"gold_loss":0},{"damage_healed":0,"gold_gain":0,"player_choice":"Fight","damage_taken":0,"max_hp_gain":0,"max_hp_loss":0,"event_name":"Mysterious Sphere","floor":41,"gold_loss":0}],"is_beta":false,"boss_relics":[{"not_picked":["Philosopher\u0027s Stone","Runic Dome"],"picked":"Snecko Eye"},{"not_picked":["Nuclear Battery","Calling Bell"],"picked":"Tiny House"}],"items_purged_floors":[22],"is_endless":false,"potions_floor_spawned":[1,2,12,30,31,33,39,46],"ascension_level":11}