{"gold_per_floor":[111,41,41,61,21,21,33,33,56,56,88,38,72,85,85,186,186,206,206,43,58,133,133,158,158,181,181,181,181,193,205,205,306,306,318,329,329,24,51,51],"floor_reached":40,"playtime":1160,"items_purged":["Strike_R"],"score":410,"play_id":"655b3fca-07bf-4caa-911a-7101ddf88e53","local_time":"20190204091432","is_ascension_mode":false,"campfire_choices":[{"data":"Armaments","floor":6.0,"key":"SMITH"},{"data":"Rampage","floor":8.0,"key":"SMITH"},{"data":"Clothesline","floor":15.0,"key":"SMITH"},{"data":"Discovery","floor":23,"key":"SMITH"},{"data":"Flame Barrier","floor":25,"key":"SMITH"},{"data":"Demon Form","floor":29,"key":"SMITH"},{"floor":32,"key":"REST"}],"neow_cost":"NONE","seed_source_timestamp":18932493710491,"circlet_count":0,"master_deck":["Strike_R","Strike_R","Strike_R","Defend_R","Defend_R","Defend_R","Defend_R","Bash","Armaments+1","Rampage+1","Thunderclap","Flame Barrier+1","Clothesline+1","Battle Trance","Rampage","Demon Form+1","Inflame","Burning Pact+1","Decay","Spot Weakness+1","Fiend Fire","Armaments+1","Flex+1","Beam Cell+1","Headbutt"],"special_seed":0,"relics":["Burning Blood","NeowsBlessing","WarpedTongs","Bag of Preparation","Juzu Bracelet","Boot","Mark of Pain","Meat on the Bone","Oddly Smooth Stone","Shuriken","Fusion Hammer","Kunai","Orichalcum"],"potions_floor_usage":[24,33,33],"damage_taken":[{"damage":0.0,"enemies":"Cultist","floor":1.0,"turns":1.0},{"damage":0.0,"enemies":"Jaw Worm","floor":4.0,"turns":1.0},{"damage":0.0,"enemies":"2 Louse","floor":7.0,"turns":1.0},{"damage":32.0,"enemies":"3 Sentries","floor":11.0,"turns":11.0},{"damage":15.0,"enemies":"Lagavulin","floor":13.0,"turns":9.0},{"damage":0.0,"enemies":"Gremlin Gang","floor":14.0,"turns":5.0},{"damage":24.0,"enemies":"Slime Boss","floor":16.0,"turns":10.0},{"damage":15.0,"enemies":"2 Thieves","floor":18.0,"turns":3.0},{"damage":14.0,"enemies":"Shell Parasite","floor":21.0,"turns":5.0},{"damage":54,"enemies":"Slavers","floor":24,"turns":6},{"damage":5,"enemies":"Centurion and Healer","floor":30,"turns":7},{"damage":16,"enemies":"Shelled Parasite and Fungi","floor":31,"turns":5},{"damage":66,"enemies":"Collector","floor":33,"turns":8},{"damage":8,"enemies":"3 Shapes","floor":35,"turns":8},{"damage":8,"enemies":"Orb Walker","floor":36,"turns":4},{"damage":84,"enemies":"Reptomancer","floor":40,"turns":2}],"seed_played":"7590037453853173578","potions_obtained":[{"floor":4.0,"key":"SkillPotion"},{"floor":14.0,"key":"PowerPotion"},{"floor":16.0,"key":"FearPotion"},{"floor":18.0,"key":"Dexterity Potion"},{"floor":24,"key":"Regen Potion"},{"floor":35,"key":"SpeedPotion"}],"is_trial":false,"path_per_floor":["M","$","?","M","$","R","M","R","T","?","E","?","E","M","R","B",null,"M","?","$","M","?","R","E","R","T","T","?","R","M","M","R","B",null,"M","M","?","$","T","E"],"character_chosen":"IRONCLAD","items_purchased":["Rampage","Flame Barrier","Discovery","Kunai","Headbutt"],"campfire_rested":1,"item_purchase_floors":[2,5,20,38,38],"current_hp_per_floor":[80,80,80,80,80,80,80,80,80,80,54,54,45,51,51,33,80,71,80,80,72,64,64,16,16,16,16,16,16,29,31,55,21,80,78,76,76,76,76,0],"gold":51,"neow_bonus":"THREE_ENEMY_KILL","is_prod":false,"is_daily":false,"chose_seed":false,"campfire_upgraded":6,"win_rate":0,"timestamp":1549293272,"path_taken":["M","$","?","?","$","R","M","R","T","?","E","?","E","M","R","BOSS","M","?","$","M","?","R","E","R","T","?","?","R","M","M","R","BOSS","M","M","?","$","?","E"],"build_version":"2019-01-23","purchased_purges":1,"victory":false,"max_hp_per_floor":[80,80,80,80,80,80,80,80,80,80,80,80,80,80,80,80,80,80,80,80,80,80,80,80,80,80,80,80,80,80,80,80,80,80,80,80,80,80,80,80],"card_choices":[{"not_picked":["Heavy Blade","Warcry"],"picked":"Armaments","floor":1.0},{"not_picked":["Sword Boomerang","Clash"],"picked":"Thunderclap","floor":4.0},{"not_picked":["Pommel Strike","Wild Strike"],"picked":"Clothesline","floor":7.0},{"not_picked":["Sword Boomerang","Sentinel"],"picked":"Battle Trance","floor":11.0},{"not_picked":["Perfected Strike","Feel No Pain"],"picked":"Rampage","floor":13.0},{"not_picked":["Thunderclap","Bloodletting","Sword Boomerang"],"picked":"SKIP","floor":14.0},{"not_picked":["Juggernaut","Impervious"],"picked":"Demon Form","floor":16.0},{"not_picked":["Clothesline","Anger"],"picked":"Rampage","floor":18.0},{"not_picked":["Thunderclap","Havoc"],"picked":"Inflame","floor":21.0},{"not_picked":["Dark Embrace","Fire Breathing+1"],"picked":"Burning Pact+1","floor":24},{"not_picked":["Heavy Blade","Rage"],"picked":"Spot Weakness+1","floor":30},{"not_picked":["Cleave+1","Dropkick","Wild Strike+1"],"picked":"SKIP","floor":31},{"not_picked":["Feed","Bludgeon"],"picked":"Fiend Fire","floor":33},{"not_picked":["Perfected Strike","Clothesline+1"],"picked":"Armaments+1","floor":35},{"not_picked":["Iron Wave","Twin Strike+1"],"picked":"Flex+1","floor":36}],"player_experience":746674,"relics_obtained":[{"floor":9.0,"key":"Bag of Preparation"},{"floor":11.0,"key":"Juzu Bracelet"},{"floor":13.0,"key":"Boot"},{"floor":24,"key":"Meat on the Bone"},{"floor":26,"key":"Oddly Smooth Stone"},{"floor":27,"key":"Shuriken"},{"floor":39,"key":"Orichalcum"}],"event_choices":[{"damage_healed":0.0,"max_hp_gain":0.0,"max_hp_loss":0.0,"gold_gain":0.0,"event_name":"Accursed Blacksmith","player_choice":"Rummage","floor":3.0,"gold_loss":0.0,"damage_taken":0.0,"relics_obtained":["WarpedTongs"],"cards_obtained":["Pain"]},{"cards_removed":["Pain"],"damage_healed":0.0,"max_hp_gain":0.0,"max_hp_loss":0.0,"gold_gain":0.0,"event_name":"Fountain of Cleansing","player_choice":"Removed Curses","floor":10.0,"gold_loss":0.0,"damage_taken":0.0},{"cards_removed":["Strike_R"],"damage_healed":0.0,"max_hp_gain":0.0,"max_hp_loss":0.0,"gold_gain":0.0,"event_name":"The Cleric","player_choice":"Card Removal","floor":12.0,"gold_loss":50.0,"damage_taken":0.0},{"cards_removed":["Rampage"],"damage_healed":9.0,"max_hp_gain":0.0,"max_hp_loss":0.0,"gold_gain":0.0,"event_name":"Bonfire Elementals","player_choice":"Offered Uncommon","floor":19.0,"gold_loss":0.0,"damage_taken":0.0},{"damage_healed":0,"gold_gain":75,"player_choice":"Touch","damage_taken":8,"max_hp_gain":0,"max_hp_loss":0,"event_name":"FaceTrader","floor":22,"gold_loss":0},{"damage_healed":0,"gold_gain":0,"player_choice":"Smashed Altar","damage_taken":0,"max_hp_gain":0,"max_hp_loss":0,"event_name":"Forgotten Altar","floor":28,"gold_loss":0,"cards_obtained":["Decay"]},{"cards_removed":["Discovery"],"damage_healed":0,"gold_gain":0,"player_choice":"Took Card","damage_taken":0,"max_hp_gain":0,"max_hp_loss":0,"event_name":"NoteForYourself","floor":37,"gold_loss":0,"cards_obtained":["Beam Cell"]}],"is_beta":false,"boss_relics":[{"not_picked":["Coffee Dripper","Eternal Feather"],"picked":"Mark of Pain"},{"not_picked":["Velvet Choker","Orrery"],"picked":"Fusion Hammer"}],"items_purged_floors":[20],"is_endless":false,"potions_floor_spawned":[4,14,16,18,24,35],"killed_by":"Reptomancer","ascension_level":0}