{"gold_per_floor":[118,118,43,59,74,74,99,109,134,144,44,63,63,78,78,179,179,197,197,197,197,197,232,38,48,48,66,66,77,96,96,96,201,201,217,230,230,230,242,242,242,242,242,242,261,289,289,306,306,306],"floor_reached":51,"playtime":2159,"items_purged":["Strike_R","Defend_R","Strike_R"],"score":1120,"play_id":"8aeae63b-4052-4d63-bb37-2d70e8967f0b","local_time":"20190208081246","is_ascension_mode":true,"campfire_choices":[{"data":"Whirlwind","floor":6,"key":"SMITH"},{"data":"Bash","floor":13,"key":"SMITH"},{"data":"Inflame","floor":15,"key":"SMITH"},{"data":"Rupture","floor":28,"key":"SMITH"},{"data":"Demon Form","floor":32,"key":"SMITH"},{"data":"Shrug It Off","floor":40,"key":"SMITH"},{"data":"Shrug It Off","floor":42,"key":"SMITH"},{"data":"Madness","floor":44,"key":"SMITH"},{"data":"Madness","floor":49,"key":"SMITH"}],"neow_cost":"PERCENT_DAMAGE","seed_source_timestamp":22861125039066,"circlet_count":0,"master_deck":["AscendersBane","Defend_R","Defend_R","Bash+1","Cleave","Whirlwind+1","Inflame+1","Shrug It Off+1","Shrug It Off+1","Impervious","Brutality","Battle Trance+1","Rupture+1","Demon Form+1","Heavy Blade+1","Reaper","Battle Trance+1","Madness+1","Madness+1","Intimidate"],"relics":["Burning Blood","Bag of Preparation","Bronze Scales","Sozu","Enchiridion","Bottled Tornado","Blood Vial","Pen Nib","Cursed Key","Molten Egg 2"],"potions_floor_usage":[16,16],"damage_taken":[{"damage":6,"enemies":"Cultist","floor":1,"turns":3},{"damage":0,"enemies":"Small Slimes","floor":4,"turns":2},{"damage":4,"enemies":"Jaw Worm","floor":5,"turns":4},{"damage":17,"enemies":"3 Sentries","floor":7,"turns":3},{"damage":6,"enemies":"Looter","floor":8,"turns":3},{"damage":7,"enemies":"Exordium Wildlife","floor":10,"turns":5},{"damage":4,"enemies":"2 Fungi Beasts","floor":12,"turns":2},{"damage":0,"enemies":"Blue Slaver","floor":14,"turns":3},{"damage":18,"enemies":"Slime Boss","floor":16,"turns":6},{"damage":9,"enemies":"Shell Parasite","floor":18,"turns":6},{"damage":10,"enemies":"Gremlin Leader","floor":23,"turns":4},{"damage":1,"enemies":"3 Byrds","floor":25,"turns":2},{"damage":3,"enemies":"Centurion and Healer","floor":27,"turns":4},{"damage":4,"enemies":"Snecko","floor":29,"turns":3},{"damage":14,"enemies":"Chosen and Byrds","floor":30,"turns":3},{"damage":20,"enemies":"Automaton","floor":33,"turns":5},{"damage":8,"enemies":"3 Shapes","floor":35,"turns":3},{"damage":34,"enemies":"3 Darklings","floor":36,"turns":4},{"damage":35,"enemies":"Transient","floor":39,"turns":5},{"damage":1,"enemies":"Jaw Worm Horde","floor":45,"turns":2},{"damage":11,"enemies":"Reptomancer","floor":46,"turns":4},{"damage":6,"enemies":"4 Shapes","floor":48,"turns":2},{"damage":45,"enemies":"Donu and Deca","floor":50,"turns":6}],"seed_played":"4304802188804563628","potions_obtained":[{"floor":4,"key":"SkillPotion"},{"floor":5,"key":"GamblersBrew"}],"is_trial":false,"path_per_floor":["M","?","$","M","M","R","E","M","T","M","$","M","R","M","R","B",null,"M","?","?","?","T","E","$","M","T","M","R","M","M","?","R","B",null,"M","M","?","?","M","R","?","R","T","R","M","E","?","M","R","B",null],"character_chosen":"IRONCLAD","items_purchased":["Rupture"],"campfire_rested":0,"item_purchase_floors":[24],"current_hp_per_floor":[51,51,51,57,59,59,48,48,48,47,47,49,49,55,55,43,71,68,68,52,78,78,74,74,80,80,80,80,80,72,57,57,45,75,84,85,74,74,69,69,69,69,69,69,79,76,76,78,78,41],"gold":306,"neow_bonus":"TRANSFORM_TWO_CARDS","is_prod":false,"is_daily":false,"chose_seed":false,"campfire_upgraded":9,"win_rate":0,"timestamp":1549581166,"path_taken":["M","?","?","?","M","R","E","M","T","M","?","?","R","M","R","BOSS","M","?","?","?","?","E","$","?","T","M","R","M","M","?","R","BOSS","M","M","?","?","M","R","?","R","T","R","M","E","?","M","R","BOSS"],"build_version":"2019-01-23","purchased_purges":3,"victory":true,"max_hp_per_floor":[80,80,80,80,80,80,80,80,80,80,80,80,80,80,80,80,80,80,80,80,80,80,80,80,80,80,80,80,80,80,85,85,85,85,85,85,85,85,85,85,85,85,85,85,85,85,85,85,85,85],"card_choices":[{"not_picked":["Heavy Blade","Clothesline"],"picked":"Inflame","floor":1},{"not_picked":["Wild Strike","Dual Wield","Armaments"],"picked":"SKIP","floor":4},{"not_picked":["Power Through","Twin Strike"],"picked":"Shrug It Off","floor":5},{"not_picked":["Thunderclap","Wild Strike","Bloodletting"],"picked":"SKIP","floor":7},{"not_picked":["Iron Wave","Whirlwind","Power Through"],"picked":"SKIP","floor":8},{"not_picked":["Perfected Strike","Heavy Blade"],"picked":"Shrug It Off","floor":10},{"not_picked":["Shrug It Off","Anger","Seeing Red"],"picked":"SKIP","floor":12},{"not_picked":["Shrug It Off","Uppercut"],"picked":"Impervious","floor":14},{"not_picked":["Juggernaut","Reaper"],"picked":"Brutality","floor":16},{"not_picked":["Bloodletting+1","Headbutt","Flex"],"picked":"SKIP","floor":18},{"not_picked":["Shrug It Off","Warcry+1"],"picked":"Battle Trance+1","floor":23},{"not_picked":["Clash","Searing Blow"],"picked":"Demon Form","floor":25},{"not_picked":["Twin Strike","Wild Strike","Clash"],"picked":"SKIP","floor":27},{"not_picked":["Whirlwind","Headbutt","Clothesline"],"picked":"SKIP","floor":29},{"not_picked":["Infernal Blade","True Grit"],"picked":"Heavy Blade+1","floor":30},{"not_picked":["Barricade","Berserk"],"picked":"Reaper","floor":33},{"not_picked":["Twin Strike+1","True Grit","Warcry+1"],"picked":"SKIP","floor":35},{"not_picked":["Warcry","Metallicize"],"picked":"Battle Trance+1","floor":36},{"not_picked":["Warcry+1","Shrug It Off+1","Dual Wield"],"picked":"SKIP","floor":39},{"not_picked":["Whirlwind","Thunderclap+1","Body Slam+1"],"picked":"SKIP","floor":45},{"not_picked":["Reckless Charge","Wild Strike","Feel No Pain"],"picked":"SKIP","floor":46},{"not_picked":["Barricade","True Grit+1"],"picked":"Intimidate","floor":48}],"player_experience":186130,"relics_obtained":[{"floor":7,"key":"Bag of Preparation"},{"floor":9,"key":"Bronze Scales"},{"floor":20,"key":"Enchiridion"},{"floor":22,"key":"Bottled Tornado"},{"floor":23,"key":"Blood Vial"},{"floor":26,"key":"Pen Nib"},{"floor":46,"key":"Molten Egg 2"}],"event_choices":[{"cards_removed":["Strike_R"],"damage_healed":0,"gold_gain":0,"player_choice":"Offered Basic","damage_taken":0,"max_hp_gain":0,"max_hp_loss":0,"event_name":"Bonfire Elementals","floor":2,"gold_loss":0},{"damage_healed":0,"gold_gain":0,"player_choice":"Ignored","damage_taken":0,"max_hp_gain":0,"max_hp_loss":0,"event_name":"Vampires","floor":19,"gold_loss":0},{"damage_healed":0,"gold_gain":0,"player_choice":"Obtained Book","damage_taken":16,"max_hp_gain":0,"max_hp_loss":0,"event_name":"Cursed Tome","floor":20,"gold_loss":0},{"damage_healed":26,"gold_gain":0,"player_choice":"Heal","damage_taken":0,"max_hp_gain":0,"max_hp_loss":0,"event_name":"The Library","floor":21,"gold_loss":0},{"damage_healed":0,"gold_gain":0,"player_choice":"Shed Blood","damage_taken":20,"max_hp_gain":5,"max_hp_loss":0,"event_name":"Forgotten Altar","floor":31,"gold_loss":0},{"damage_healed":0,"gold_gain":0,"player_choice":"Embrace Madness","damage_taken":11,"max_hp_gain":0,"max_hp_loss":0,"event_name":"Winding Halls","floor":37,"gold_loss":0,"cards_obtained":["Madness","Madness"]},{"cards_removed":["Strike_R"],"damage_healed":0,"gold_gain":0,"player_choice":"Removed Attack","damage_taken":0,"max_hp_gain":0,"max_hp_loss":0,"event_name":"Falling","floor":38,"gold_loss":0},{"damage_healed":0,"gold_gain":0,"player_choice":"Ignored","damage_taken":0,"max_hp_gain":0,"max_hp_loss":0,"event_name":"Mysterious Sphere","floor":41,"gold_loss":0},{"damage_healed":0,"gold_gain":0,"player_choice":"Memory 1","damage_taken":0,"max_hp_gain":0,"max_hp_loss":0,"event_name":"SensoryStone","floor":47,"gold_loss":0}],"is_beta":false,"boss_relics":[{"not_picked":["Empty Cage","Calling Bell"],"picked":"Sozu"},{"not_picked":["Orrery","Mark of Pain"],"picked":"Cursed Key"}],"items_purged_floors":[3,11,24],"is_endless":false,"potions_floor_spawned":[4,5,8,12,14,25,29,30,33,35,36,39,45],"ascension_level":11}