{"gold_per_floor":[109,123,22,122,133,159,159,159,159,159,159,159,8,24,24,24],"floor_reached":16,"playtime":497,"items_purged":["Strike_R"],"score":162,"play_id":"5ef4839f-cc25-4bb3-b3c9-8296648677c9","local_time":"20181122183220","is_ascension_mode":true,"campfire_choices":[{"data":"Corruption","floor":7,"key":"SMITH"},{"data":"Cleave","floor":10,"key":"SMITH"},{"data":"Cleave","floor":12,"key":"SMITH"},{"floor":15,"key":"REST"}],"neow_cost":"NONE","seed_source_timestamp":69589299949929,"circlet_count":0,"master_deck":["AscendersBane","Strike_R","Strike_R","Strike_R","Defend_R","Defend_R","Defend_R","Defend_R","Bash","Armaments","Cleave+1","Cleave+1","Ghostly Armor","Corruption+1","Pommel Strike"],"relics":["Burning Blood","NeowsBlessing","Blue Candle","Singing Bowl","Golden Idol","Vajra"],"potions_floor_usage":[6,16,16],"damage_taken":[{"damage":0,"enemies":"Small Slimes","floor":1,"turns":1},{"damage":0,"enemies":"Cultist","floor":2,"turns":1},{"damage":0,"enemies":"2 Louse","floor":5,"turns":1},{"damage":30,"enemies":"3 Sentries","floor":6,"turns":5},{"damage":6,"enemies":"Blue Slaver","floor":14,"turns":3},{"damage":74,"enemies":"Hexaghost","floor":16,"turns":11}],"seed_played":"-1964013015295854604","potions_obtained":[{"floor":2,"key":"Energy Potion"},{"floor":5,"key":"BloodPotion"},{"floor":6,"key":"SpeedPotion"}],"is_trial":false,"path_per_floor":["M","M","$","?","M","E","R","?","T","R","?","R","$","M","R","B"],"character_chosen":"IRONCLAD","items_purchased":["Cleave","Vajra"],"campfire_rested":1,"item_purchase_floors":[3,13],"current_hp_per_floor":[78,80,80,80,80,64,64,57,57,57,57,57,57,57,74,0],"gold":24,"neow_bonus":"THREE_ENEMY_KILL","is_prod":false,"is_daily":false,"chose_seed":false,"campfire_upgraded":3,"win_rate":0,"timestamp":1542911540,"path_taken":["M","M","$","?","?","E","R","?","T","R","?","R","?","M","R","BOSS"],"build_version":"2018-11-15","purchased_purges":1,"victory":false,"max_hp_per_floor":[80,80,80,80,80,80,80,80,80,80,74,74,74,74,74,74],"card_choices":[{"not_picked":["Clash","Flex"],"picked":"Armaments","floor":1},{"not_picked":["Disarm","Clothesline"],"picked":"Cleave","floor":2},{"not_picked":["Wild Strike","Intimidate"],"picked":"Ghostly Armor","floor":5},{"not_picked":["Heavy Blade","Metallicize"],"picked":"Corruption","floor":6},{"not_picked":["Seeing Red","Rage"],"picked":"Pommel Strike","floor":14}],"player_experience":872458,"relics_obtained":[{"floor":6,"key":"Blue Candle"},{"floor":9,"key":"Singing Bowl"}],"event_choices":[{"damage_healed":0,"gold_gain":100,"player_choice":"Pray","damage_taken":0,"max_hp_gain":0,"max_hp_loss":0,"event_name":"Golden Shrine","floor":4,"gold_loss":0},{"cards_removed":["Strike_R"],"damage_healed":0,"gold_gain":0,"player_choice":"Card Removal","damage_taken":7,"max_hp_gain":0,"max_hp_loss":0,"event_name":"Golden Wing","floor":8,"gold_loss":0},{"damage_healed":0,"gold_gain":0,"player_choice":"Lose Max HP","damage_taken":0,"relics_obtained":["Golden Idol"],"max_hp_gain":0,"max_hp_loss":6,"event_name":"Golden Idol","floor":11,"gold_loss":0}],"is_beta":false,"boss_relics":[],"items_purged_floors":[3],"is_endless":false,"potions_floor_spawned":[2,5,6],"killed_by":"Hexaghost","ascension_level":13}