{"gold_per_floor":[115,115,115,126,138,163,191,203,241,270,312,32,32,32,32,151,151,172,190,190,190,190,190,215,234,309,132,132,156,39,39,39,163,163,177,510,510],"floor_reached":37,"playtime":2473,"items_purged":[],"score":557,"play_id":"4ef4341c-4e49-46ed-bab7-6af941fc947f","local_time":"20181205001206","is_ascension_mode":true,"campfire_choices":[{"floor":8,"key":"REST"},{"data":"Zap","floor":15,"key":"SMITH"},{"floor":23,"key":"REST"},{"floor":28,"key":"RECALL"},{"floor":32,"key":"REST"}],"neow_cost":"NONE","seed_source_timestamp":347931567253921,"circlet_count":0,"master_deck":["Defend_B","Defend_B","Defend_B+1","Defend_B","Zap+1","Dualcast+1","Ball Lightning","Gash","Leap","Ball Lightning","Sweeping Beam","Tempest","Sunder","Self Repair","Mayhem","Sweeping Beam","Echo Form","Barrage","Double Energy","Bite","Bite","Bite","Bite","Bite","Buffer","Ball Lightning","Go for the Eyes","Stack","Meteor Strike","Gash","Fission","Hologram+1"],"relics":["Cracked Core","Art of War","MawBank","Odd Mushroom","Busted Crown","Nilry\u0027s Codex","Strawberry","Nuclear Battery"],"potions_floor_usage":[6,11,16,25,33,37],"damage_taken":[{"damage":1,"enemies":"2 Louse","floor":1,"turns":2},{"damage":0,"enemies":"Small Slimes","floor":4,"turns":2},{"damage":0,"enemies":"Jaw Worm","floor":5,"turns":3},{"damage":33,"enemies":"3 Sentries","floor":6,"turns":10},{"damage":7,"enemies":"3 Louse","floor":7,"turns":3},{"damage":8,"enemies":"2 Fungi Beasts","floor":10,"turns":3},{"damage":6,"enemies":"The Mushroom Lair","floor":11,"turns":3},{"damage":31,"enemies":"The Guardian","floor":16,"turns":11},{"damage":27,"enemies":"3 Byrds","floor":18,"turns":4},{"damage":28,"enemies":"Spheric Guardian","floor":19,"turns":4},{"damage":33,"enemies":"Snake Plant","floor":24,"turns":5},{"damage":6,"enemies":"3 Cultists","floor":25,"turns":3},{"damage":22,"enemies":"Sentry and Sphere","floor":29,"turns":4},{"damage":61,"enemies":"Champ","floor":33,"turns":8},{"damage":30,"enemies":"3 Darklings","floor":35,"turns":4}],"seed_played":"-1389931811285816789","potions_obtained":[{"floor":1,"key":"Swift Potion"},{"floor":5,"key":"SkillPotion"},{"floor":11,"key":"Poison Potion"},{"floor":19,"key":"AttackPotion"},{"floor":29,"key":"AttackPotion"},{"floor":33,"key":"Weak Potion"},{"floor":35,"key":"Fire Potion"}],"is_trial":false,"path_per_floor":["M","?","?","M","M","E","M","R","T","M","?","$","?","?","R","B",null,"M","M","?","?","?","R","M","M","T","$","R","M","$","T","R","B",null,"M","?","M"],"character_chosen":"DEFECT","items_purchased":["Self Repair","Mayhem","Sweeping Beam","Buffer","Ball Lightning","Go for the Eyes","Meteor Strike","Gash"],"campfire_rested":3,"item_purchase_floors":[12,12,12,27,27,27,30,30],"current_hp_per_floor":[67,52,52,52,52,19,12,34,34,28,24,24,24,69,69,45,63,45,26,49,33,33,53,40,47,47,47,47,31,31,38,60,32,65,43,43,0],"gold":510,"neow_bonus":"RANDOM_COMMON_RELIC","is_prod":false,"is_daily":false,"chose_seed":false,"campfire_upgraded":1,"win_rate":0,"timestamp":1543968726,"path_taken":["M","?","?","M","M","E","M","R","T","?","?","$","?","?","R","BOSS","M","?","?","?","?","R","M","?","T","$","R","M","?","?","R","BOSS","M","?","M"],"build_version":"2018-11-15","purchased_purges":0,"victory":false,"max_hp_per_floor":[75,75,75,75,75,75,75,75,75,75,75,75,69,69,69,69,69,69,69,69,69,69,69,69,69,69,69,69,69,69,76,76,76,76,76,76,76],"card_choices":[{"not_picked":["Recycle","Reinforced Body"],"picked":"Ball Lightning","floor":1},{"not_picked":["Turbo","Leap"],"picked":"Gash","floor":4},{"not_picked":["Steam","Coolheaded"],"picked":"Leap","floor":5},{"not_picked":["Chaos","Hologram"],"picked":"Ball Lightning","floor":6},{"not_picked":["Coolheaded","Rebound"],"picked":"Sweeping Beam","floor":7},{"not_picked":["Streamline","Auto Shields"],"picked":"Tempest","floor":10},{"not_picked":["Force Field","Gash"],"picked":"Sunder","floor":11},{"not_picked":["Hyperbeam","Machine Learning"],"picked":"Echo Form","floor":16},{"not_picked":[],"picked":"Barrage","floor":18},{"not_picked":[],"picked":"Double Energy","floor":19},{"not_picked":["Static Discharge"],"picked":"SKIP","floor":24},{"not_picked":["Skim"],"picked":"SKIP","floor":25},{"not_picked":[],"picked":"Stack","floor":29},{"not_picked":[],"picked":"Fission","floor":33},{"not_picked":[],"picked":"Hologram+1","floor":35}],"player_experience":940198,"relics_obtained":[{"floor":6,"key":"MawBank"},{"floor":9,"key":"Blood Vial"},{"floor":11,"key":"Odd Mushroom"},{"floor":21,"key":"Nilry\u0027s Codex"},{"floor":31,"key":"Strawberry"}],"event_choices":[{"damage_healed":0,"gold_gain":0,"player_choice":"Entered Light","damage_taken":15,"max_hp_gain":0,"max_hp_loss":0,"event_name":"Shining Light","floor":2,"gold_loss":0,"cards_upgraded":["Defend_B","Dualcast"]},{"damage_healed":0,"gold_gain":0,"player_choice":"Ignored","damage_taken":0,"max_hp_gain":0,"max_hp_loss":0,"event_name":"Liars Game","floor":3,"gold_loss":0},{"damage_healed":0,"gold_gain":0,"player_choice":"Fought Mushrooms","damage_taken":0,"max_hp_gain":0,"max_hp_loss":0,"event_name":"Mushrooms","floor":11,"gold_loss":0},{"damage_healed":0,"gold_gain":0,"player_choice":"Lose Max HP","damage_taken":0,"relics_obtained":["Golden Idol"],"max_hp_gain":0,"max_hp_loss":6,"event_name":"Golden Idol","floor":13,"gold_loss":0},{"damage_healed":45,"gold_gain":0,"player_choice":"Full Heal","damage_taken":0,"max_hp_gain":0,"max_hp_loss":0,"event_name":"Wheel of Change","floor":14,"gold_loss":0},{"damage_healed":23,"gold_gain":0,"player_choice":"Heal","damage_taken":0,"max_hp_gain":0,"max_hp_loss":0,"event_name":"The Library","floor":20,"gold_loss":0},{"damage_healed":0,"gold_gain":0,"player_choice":"Obtained Book","damage_taken":16,"max_hp_gain":0,"max_hp_loss":0,"event_name":"Cursed Tome","floor":21,"gold_loss":0},{"damage_healed":0,"gold_gain":0,"player_choice":"Became a vampire (Vial)","damage_taken":0,"max_hp_gain":0,"max_hp_loss":0,"event_name":"Vampires","floor":22,"relics_lost":["Blood Vial"],"gold_loss":0,"cards_obtained":["Bite","Bite","Bite","Bite","Bite"]},{"damage_healed":0,"gold_gain":333,"player_choice":"Gave Idol","damage_taken":0,"max_hp_gain":0,"max_hp_loss":0,"event_name":"The Moai Head","floor":36,"relics_lost":["Golden Idol"],"gold_loss":0}],"is_beta":false,"boss_relics":[{"not_picked":["Runic Pyramid","Philosopher\u0027s Stone"],"picked":"Busted Crown"},{"not_picked":["FrozenCore","Orrery"],"picked":"Nuclear Battery"}],"items_purged_floors":[],"is_endless":false,"potions_floor_spawned":[1,5,11,19,29,33,35],"killed_by":"3 Shapes","ascension_level":9}