{"gold_per_floor":[115,129,129,145,320,320,395,395,407,419,25,64,128,144,144,144],"floor_reached":16,"playtime":266,"items_purged":["Regret"],"score":98,"play_id":"24dc0ebf-f961-4f49-a526-aab2cafe994b","local_time":"20190204075829","is_ascension_mode":false,"campfire_choices":[{"data":"Armaments","floor":6,"key":"SMITH"},{"data":"Bash","floor":10,"key":"SMITH"},{"data":"Demon Form","floor":15,"key":"SMITH"}],"neow_cost":"NONE","seed_source_timestamp":15274980003740,"circlet_count":0,"master_deck":["Strike_R","Strike_R","Strike_R","Strike_R","Strike_R","Defend_R","Defend_R","Defend_R","Defend_R","Bash+1","Armaments+1","Pommel Strike","Doubt","Demon Form+1","Reckless Charge","Brutality+1"],"relics":["Burning Blood","Juzu Bracelet","Golden Idol","MawBank","Smiling Mask","Medical Kit","Frozen Egg 2"],"potions_floor_usage":[16,16],"damage_taken":[{"damage":7,"enemies":"Cultist","floor":1,"turns":5},{"damage":1,"enemies":"Jaw Worm","floor":2,"turns":5},{"damage":0,"enemies":"2 Louse","floor":4,"turns":3},{"damage":25,"enemies":"Gremlin Nob","floor":12,"turns":4},{"damage":10,"enemies":"Looter","floor":14,"turns":4},{"damage":40,"enemies":"Slime Boss","floor":16,"turns":6}],"seed_played":"4420728228322545106","potions_obtained":[{"floor":1,"key":"Poison Potion"},{"floor":14,"key":"SteroidPotion"}],"is_trial":false,"path_per_floor":["M","M","?","M","?","R","?","?","T","R","$","E","?","M","R","B"],"character_chosen":"IRONCLAD","items_purchased":["Demon Form","Medical Kit"],"campfire_rested":0,"item_purchase_floors":[11,11],"current_hp_per_floor":[79,80,74,74,74,74,63,63,63,63,63,44,44,40,40,0],"gold":144,"neow_bonus":"RANDOM_COMMON_RELIC","is_prod":false,"is_daily":false,"chose_seed":false,"campfire_upgraded":3,"win_rate":0,"timestamp":1549288709,"path_taken":["M","M","?","M","?","R","?","?","T","R","?","E","?","M","R","BOSS"],"build_version":"2019-01-23","purchased_purges":1,"victory":false,"max_hp_per_floor":[80,80,74,74,74,74,74,74,74,74,74,74,74,74,74,74],"card_choices":[{"not_picked":["Bloodletting","Anger","Clash"],"picked":"SKIP","floor":1},{"not_picked":["Thunderclap","Seeing Red"],"picked":"Armaments","floor":2},{"not_picked":["Warcry","Hemokinesis"],"picked":"Pommel Strike","floor":4},{"not_picked":["Clash","Iron Wave"],"picked":"Reckless Charge","floor":12},{"not_picked":["Havoc","Searing Blow"],"picked":"Brutality+1","floor":14}],"player_experience":743077,"relics_obtained":[{"floor":9,"key":"Smiling Mask"},{"floor":12,"key":"Frozen Egg 2"}],"event_choices":[{"damage_healed":0,"gold_gain":0,"player_choice":"Lose Max HP","damage_taken":0,"relics_obtained":["Golden Idol"],"max_hp_gain":0,"max_hp_loss":6,"event_name":"Golden Idol","floor":3,"gold_loss":0},{"damage_healed":0,"gold_gain":175,"player_choice":"AGREE","damage_taken":0,"max_hp_gain":0,"max_hp_loss":0,"event_name":"Liars Game","floor":5,"gold_loss":0,"cards_obtained":["Doubt"]},{"damage_healed":0,"gold_gain":75,"player_choice":"Gather Gold","damage_taken":11,"max_hp_gain":0,"max_hp_loss":0,"event_name":"World of Goop","floor":7,"gold_loss":0},{"damage_healed":0,"gold_gain":0,"player_choice":"Box","damage_taken":0,"relics_obtained":["MawBank"],"max_hp_gain":0,"max_hp_loss":0,"event_name":"Big Fish","floor":8,"gold_loss":0,"cards_obtained":["Regret"]},{"damage_healed":0,"gold_gain":64,"player_choice":"Gained Gold","damage_taken":0,"max_hp_gain":0,"max_hp_loss":0,"event_name":"Golden Wing","floor":13,"gold_loss":0}],"is_beta":false,"boss_relics":[],"items_purged_floors":[11],"is_endless":false,"potions_floor_spawned":[1,14],"killed_by":"Slime Boss","ascension_level":0}