{"gold_per_floor":[109,129,140,153,4,4,4,27,27,62,62,62,81,106,106,231,231,255,380,135,135,135,135,166,166,166,200,200,241,156,156,156,279,279,298,323,273,273,273,273,309,334,334,374,43,74,0,36,48,60],"floor_reached":51,"playtime":2263,"items_purged":["Strike_B","Strike_B","Strike_B","Defend_B"],"score":1174,"play_id":"f8ffcf52-a712-4beb-a71f-5d6eca5fa48e","local_time":"20190101014506","is_ascension_mode":true,"campfire_choices":[{"data":"Zap","floor":6,"key":"SMITH"},{"floor":12,"key":"REST"},{"data":"Defragment","floor":15,"key":"SMITH"},{"floor":23,"key":"REST"},{"floor":25,"key":"REST"},{"data":"Buffer","floor":28,"key":"SMITH"},{"data":"Consume","floor":32,"key":"SMITH"},{"data":"Biased Cognition","floor":40,"key":"SMITH"},{"data":"Skim","floor":49,"key":"SMITH"}],"neow_cost":"NONE","seed_source_timestamp":345264366113915,"circlet_count":0,"master_deck":["Defend_B","Defend_B","Defend_B+1","Zap+1","Dualcast+1","Ball Lightning","Go for the Eyes+1","Steam+1","Cold Snap","Buffer+1","Coolheaded","Defragment+1","Hologram+1","Cold Snap+1","Echo Form","Storm","Capacitor","Consume+1","Biased Cognition+1","Creative AI","Madness","Steam+1","Hologram+1","Buffer+1","Skim+1","Multi-Cast"],"relics":["Sozu","Golden Idol","Mummified Hand","Symbiotic Virus","Philosopher\u0027s Stone","Bird Faced Urn","Singing Bowl","Orichalcum","MutagenicStrength","Juzu Bracelet","Meat on the Bone","Potion Belt","Smiling Mask","Dream Catcher","Black Star","Prayer Wheel","War Paint","Pear","Anchor","Ice Cream","DollysMirror","MawBank","Whetstone","Red Mask"],"potions_floor_usage":[],"damage_taken":[{"damage":0,"enemies":"Cultist","floor":1,"turns":3},{"damage":7,"enemies":"Small Slimes","floor":2,"turns":3},{"damage":4,"enemies":"Jaw Worm","floor":3,"turns":2},{"damage":9,"enemies":"Large Slime","floor":4,"turns":7},{"damage":0,"enemies":"Blue Slaver","floor":8,"turns":4},{"damage":1,"enemies":"Lagavulin","floor":10,"turns":7},{"damage":1,"enemies":"Exordium Thugs","floor":13,"turns":3},{"damage":5,"enemies":"Large Slime","floor":14,"turns":4},{"damage":0,"enemies":"The Guardian","floor":16,"turns":9},{"damage":4,"enemies":"3 Byrds","floor":18,"turns":4},{"damage":13,"enemies":"Colosseum Slavers","floor":19,"turns":4},{"damage":44,"enemies":"Colosseum Nobs","floor":19,"turns":5},{"damage":25,"enemies":"Book of Stabbing","floor":24,"turns":6},{"damage":0,"enemies":"Gremlin Leader","floor":27,"turns":5},{"damage":17,"enemies":"Slavers","floor":29,"turns":5},{"damage":16,"enemies":"Champ","floor":33,"turns":7},{"damage":22,"enemies":"3 Darklings","floor":35,"turns":4},{"damage":0,"enemies":"3 Shapes","floor":36,"turns":3},{"damage":10,"enemies":"Reptomancer","floor":41,"turns":5},{"damage":16,"enemies":"Transient","floor":42,"turns":5},{"damage":12,"enemies":"Nemesis","floor":44,"turns":5},{"damage":6,"enemies":"Reptomancer","floor":46,"turns":4},{"damage":0,"enemies":"Spire Growth","floor":48,"turns":4},{"damage":32,"enemies":"Awakened One","floor":50,"turns":11}],"seed_played":"-6405920157229008152","potions_obtained":[],"is_trial":false,"path_per_floor":["M","M","M","M","$","R","?","M","T","E","?","R","M","M","R","B",null,"M","?","$","?","?","R","E","R","T","E","R","E","?","?","R","B",null,"M","M","$","?","?","R","E","M","T","E","$","E","?","M","R","B",null],"character_chosen":"DEFECT","items_purchased":["Buffer","Orichalcum","DollysMirror","Skim"],"campfire_rested":3,"item_purchase_floors":[5,20,45,45],"current_hp_per_floor":[68,61,57,48,48,48,48,48,48,47,33,53,52,47,47,47,64,60,3,3,3,3,23,8,28,28,40,40,37,37,60,60,60,67,58,73,73,73,73,73,73,75,85,87,87,87,87,91,91,87],"gold":72,"neow_bonus":"BOSS_RELIC","is_prod":false,"is_daily":false,"chose_seed":false,"campfire_upgraded":6,"win_rate":0,"timestamp":1546328706,"path_taken":["M","M","?","M","$","R","?","M","T","E","?","R","M","M","R","BOSS","M","?","$","?","?","R","E","R","T","E","R","E","?","?","R","BOSS","M","M","$","?","?","R","E","M","T","E","$","E","?","M","R","BOSS"],"build_version":"2018-12-20","purchased_purges":4,"victory":true,"max_hp_per_floor":[75,75,75,75,75,75,69,69,69,69,69,69,69,69,69,69,69,69,69,69,69,69,69,69,69,69,69,69,69,69,69,69,69,69,71,73,73,73,73,73,73,75,85,87,87,87,87,91,91,91],"card_choices":[{"not_picked":["Streamline","Rip and Tear"],"picked":"Ball Lightning","floor":1},{"not_picked":["Storm","Stack"],"picked":"Go for the Eyes","floor":2},{"not_picked":["Sweeping Beam","Hello World"],"picked":"Steam","floor":3},{"not_picked":["White Noise","Skim"],"picked":"Cold Snap","floor":4},{"not_picked":["Undo","Sweeping Beam"],"picked":"Coolheaded","floor":8},{"not_picked":["Go for the Eyes","Genetic Algorithm"],"picked":"Defragment","floor":10},{"not_picked":["Reprogram","Chill"],"picked":"Hologram","floor":13},{"not_picked":["Conserve Battery","Force Field"],"picked":"Cold Snap","floor":14},{"not_picked":["Buffer","Biased Cognition"],"picked":"Echo Form","floor":16},{"not_picked":["Conserve Battery","Compile Driver"],"picked":"Storm","floor":18},{"not_picked":["Coolheaded","Chill"],"picked":"Capacitor","floor":19},{"not_picked":["Go for the Eyes","Hyperbeam"],"picked":"Consume","floor":24},{"not_picked":["Gash","Sunder"],"picked":"Biased Cognition","floor":27},{"not_picked":["Stack","Consume+1"],"picked":"Force Field","floor":29},{"not_picked":["Fission","Hyperbeam"],"picked":"Creative AI","floor":33},{"not_picked":["Turbo+1","Lockon+1","Redo"],"picked":"Singing Bowl","floor":35},{"not_picked":["Undo+1","Reinforced Body+1","Rip and Tear"],"picked":"Singing Bowl","floor":36},{"not_picked":["Blind","The Bomb"],"picked":"Madness","floor":39},{"not_picked":["Heatsinks","Machine Learning"],"picked":"Steam+1","floor":41},{"not_picked":["Coolheaded+1","Steam Power+1"],"picked":"Hologram+1","floor":42},{"not_picked":["Steam","Scrape+1","Conserve Battery+1"],"picked":"Singing Bowl","floor":42},{"not_picked":["Darkness+1","Rainbow","FTL"],"picked":"Singing Bowl","floor":44},{"not_picked":["Aggregate","Cold Snap+1"],"picked":"Multi-Cast","floor":46},{"not_picked":["Leap+1","Rebound+1","Double Energy+1"],"picked":"Singing Bowl","floor":48},{"not_picked":["Ball Lightning+1","Cold Snap","Rebound"],"picked":"Singing Bowl","floor":48}],"player_experience":119192,"relics_obtained":[{"floor":9,"key":"Mummified Hand"},{"floor":10,"key":"Symbiotic Virus"},{"floor":19,"key":"Bird Faced Urn"},{"floor":19,"key":"Singing Bowl"},{"floor":24,"key":"Juzu Bracelet"},{"floor":26,"key":"Meat on the Bone"},{"floor":27,"key":"Potion Belt"},{"floor":29,"key":"Smiling Mask"},{"floor":41,"key":"Prayer Wheel"},{"floor":41,"key":"War Paint"},{"floor":43,"key":"Pear"},{"floor":44,"key":"Anchor"},{"floor":44,"key":"Ice Cream"},{"floor":46,"key":"MawBank"},{"floor":46,"key":"Whetstone"}],"event_choices":[{"damage_healed":0,"gold_gain":0,"player_choice":"Lose Max HP","damage_taken":0,"relics_obtained":["Golden Idol"],"max_hp_gain":0,"max_hp_loss":6,"event_name":"Golden Idol","floor":7,"gold_loss":0},{"damage_healed":0,"gold_gain":0,"player_choice":"Entered Light","damage_taken":14,"max_hp_gain":0,"max_hp_loss":0,"event_name":"Shining Light","floor":11,"gold_loss":0,"cards_upgraded":["Defend_B","Steam"]},{"damage_healed":0,"gold_gain":0,"player_choice":"Fight","damage_taken":0,"max_hp_gain":0,"max_hp_loss":0,"event_name":"Colosseum","floor":19,"gold_loss":0},{"damage_healed":0,"gold_gain":0,"player_choice":"Fought Nobs","damage_taken":0,"max_hp_gain":0,"max_hp_loss":0,"event_name":"Colosseum","floor":19,"gold_loss":0},{"cards_removed":["Strike_B"],"damage_healed":0,"gold_gain":0,"player_choice":"Elegance","damage_taken":0,"max_hp_gain":0,"max_hp_loss":0,"event_name":"Back to Basics","floor":21,"gold_loss":0},{"damage_healed":0,"gold_gain":0,"player_choice":"Inject Mutagens","damage_taken":0,"relics_obtained":["MutagenicStrength"],"max_hp_gain":0,"max_hp_loss":0,"event_name":"Drug Dealer","floor":22,"gold_loss":0},{"damage_healed":0,"gold_gain":0,"player_choice":"Obtained Relic","damage_taken":0,"relics_obtained":["Dream Catcher"],"max_hp_gain":0,"max_hp_loss":0,"event_name":"Addict","floor":30,"gold_loss":85},{"damage_healed":23,"gold_gain":0,"player_choice":"Heal","damage_taken":0,"max_hp_gain":0,"max_hp_loss":0,"event_name":"The Library","floor":31,"gold_loss":0},{"cards_removed":["Force Field"],"damage_healed":0,"gold_gain":0,"player_choice":"Removed Skill","damage_taken":0,"max_hp_gain":0,"max_hp_loss":0,"event_name":"Falling","floor":38,"gold_loss":0},{"damage_healed":0,"gold_gain":0,"player_choice":"Memory 1","damage_taken":0,"max_hp_gain":0,"max_hp_loss":0,"event_name":"SensoryStone","floor":39,"gold_loss":0},{"damage_healed":0,"gold_gain":0,"player_choice":"Paid","damage_taken":0,"relics_obtained":["Red Mask"],"max_hp_gain":0,"max_hp_loss":0,"event_name":"Tomb of Lord Red Mask","floor":47,"gold_loss":86}],"is_beta":false,"boss_relics":[{"not_picked":["Lizard Tail","Ectoplasm"],"picked":"Philosopher\u0027s Stone"},{"not_picked":["Pandora\u0027s Box","Empty Cage"],"picked":"Black Star"}],"items_purged_floors":[5,20,37,45],"is_endless":false,"potions_floor_spawned":[4,10,14,16,18,24,29,41,44,46],"ascension_level":7}