{"gold_per_floor":[216,216,230,245,30,30,40,40,40,40,40,51,78,97,97,202,202,214,214,214,232,232,232,248,248,293,318,333,333,423,433,433,538,538,558,558,578,678,124,124,142,142,142,17,17,17,30,55,55,55,55,55,7,39,39],"floor_reached":55,"playtime":7393,"items_purged":["Strike_B","Writhe","Defend_B"],"score":851,"play_id":"dec8d100-f4c7-45a1-94fb-a15d48011cbf","local_time":"20190209192230","is_ascension_mode":true,"campfire_choices":[{"floor":6.0,"key":"RECALL"},{"floor":10.0,"key":"REST"},{"data":"Rainbow","floor":15.0,"key":"SMITH"},{"data":"Zap","floor":23.0,"key":"SMITH"},{"floor":25.0,"key":"REST"},{"floor":29.0,"key":"REST"},{"floor":32.0,"key":"REST"},{"data":"Apotheosis","floor":42.0,"key":"SMITH"},{"data":"Seek","floor":46.0,"key":"SMITH"},{"data":"Consume","floor":49.0,"key":"SMITH"},{"data":"Steam","floor":52.0,"key":"SMITH"}],"neow_cost":"NONE","seed_source_timestamp":0,"circlet_count":0,"master_deck":["Strike_B+1","Defend_B","Defend_B","Zap+1","Dualcast+1","Melter","Ball Lightning","Rainbow+1","Reinforced Body","Cold Snap","Electrodynamics","Steam+1","Seek+1","Glacier","Cold Snap","Capacitor+1","Finesse","Rainbow","Redo+1","Static Discharge","Apotheosis+1","Consume+1"],"special_seed":0,"relics":["Cracked Core","Pantograph","Cables","White Beast Statue","Bag of Preparation","Letter Opener","Philosopher\u0027s Stone","Incense Burner","Runic Capacitor","Mercury Hourglass","Blue Candle","Sundial","Boot"],"potions_floor_usage":[54,55],"damage_taken":[{"damage":1.0,"enemies":"Small Slimes","floor":1.0,"turns":4.0},{"damage":0.0,"enemies":"Cultist","floor":3.0,"turns":4.0},{"damage":7.0,"enemies":"Jaw Worm","floor":4.0,"turns":2.0},{"damage":11.0,"enemies":"Blue Slaver","floor":7.0,"turns":4.0},{"damage":14.0,"enemies":"Large Slime","floor":12.0,"turns":4.0},{"damage":7.0,"enemies":"Lagavulin","floor":13.0,"turns":7.0},{"damage":0.0,"enemies":"2 Fungi Beasts","floor":14.0,"turns":3.0},{"damage":0.0,"enemies":"The Guardian","floor":16.0,"turns":12.0},{"damage":19.0,"enemies":"Shell Parasite","floor":18.0,"turns":6.0},{"damage":0.0,"enemies":"Spheric Guardian","floor":21.0,"turns":3.0},{"damage":7.0,"enemies":"Centurion and Healer","floor":24.0,"turns":5.0},{"damage":44.0,"enemies":"Book of Stabbing","floor":27.0,"turns":10.0},{"damage":2.0,"enemies":"3 Cultists","floor":28.0,"turns":5.0},{"damage":4.0,"enemies":"Shelled Parasite and Fungi","floor":31.0,"turns":6.0},{"damage":53.0,"enemies":"Collector","floor":33.0,"turns":15.0},{"damage":13.0,"enemies":"Orb Walker","floor":35.0,"turns":4.0},{"damage":7.0,"enemies":"3 Shapes","floor":37.0,"turns":3.0},{"damage":1.0,"enemies":"Mind Bloom Boss Battle","floor":38.0,"turns":6.0},{"damage":0.0,"enemies":"Sphere and 2 Shapes","floor":41.0,"turns":3.0},{"damage":0.0,"enemies":"Spire Growth","floor":47.0,"turns":5.0},{"damage":0.0,"enemies":"Nemesis","floor":48.0,"turns":6.0},{"damage":7.0,"enemies":"Awakened One","floor":50.0,"turns":10.0},{"damage":70,"enemies":"Shield and Spear","floor":54,"turns":7},{"damage":33,"enemies":"The Heart","floor":55,"turns":3}],"seed_played":"4274344079421189036","potions_obtained":[{"floor":1.0,"key":"Energy Potion"},{"floor":7.0,"key":"PowerPotion"},{"floor":14.0,"key":"Dexterity Potion"},{"floor":18.0,"key":"Block Potion"},{"floor":24.0,"key":"Block Potion"},{"floor":27.0,"key":"Fruit Juice"},{"floor":28.0,"key":"EntropicBrew"},{"floor":31.0,"key":"Strength Potion"},{"floor":33.0,"key":"Energy Potion"},{"floor":35.0,"key":"Regen Potion"},{"floor":37.0,"key":"Weak Potion"},{"floor":38.0,"key":"Poison Potion"},{"floor":41.0,"key":"SkillPotion"},{"floor":47.0,"key":"FocusPotion"},{"floor":48.0,"key":"Dexterity Potion"},{"floor":54,"key":"Ancient Potion"}],"is_trial":false,"path_per_floor":["M","?","M","M","$","R","M","$","T","R","?","M","E","M","R","B",null,"M","?","?","M","?","R","M","R","T","E","M","R","?","M","R","B",null,"M","?","M","?","$","?","M","R","T","$","?","R","M","E","R","B",null,"R","$","E","B"],"character_chosen":"DEFECT","items_purchased":["Rainbow","Runic Capacitor","Static Discharge","Apotheosis","Block Potion"],"campfire_rested":4,"item_purchase_floors":[5,39,39,39,53],"current_hp_per_floor":[74,74,74,67,67,67,56,56,56,75,60,46,39,39,39,64,75,56,56,56,56,56,56,49,71,71,27,30,54,30,26,50,22,80,67,67,69,79,79,76,76,76,76,76,76,76,76,76,76,69,76,76,76,6,0],"gold":39,"neow_bonus":"HUNDRED_GOLD","is_prod":false,"is_daily":false,"chose_seed":false,"campfire_upgraded":6,"win_rate":0,"timestamp":1549736550,"path_taken":["M","?","M","?","?","R","M","$","T","R","?","M","E","M","R","BOSS","M","?","?","M","?","R","M","R","T","E","M","R","?","M","R","BOSS","M","?","M","?","$","?","M","R","T","$","?","R","M","E","R","BOSS","R","$","E","BOSS"],"build_version":"2019-01-23","purchased_purges":3,"victory":false,"max_hp_per_floor":[75,75,75,75,75,75,75,75,75,75,75,75,75,75,75,75,75,75,75,75,75,75,75,75,75,75,75,80,80,80,80,80,80,80,80,80,80,80,80,76,76,76,76,76,76,76,76,76,76,76,76,76,76,76,76],"card_choices":[{"not_picked":["Barrage","Stack"],"picked":"Melter","floor":1.0},{"not_picked":["Cold Snap","Scrape"],"picked":"Ball Lightning","floor":3.0},{"not_picked":["Conserve Battery","Darkness","Go for the Eyes"],"picked":"SKIP","floor":4.0},{"not_picked":["Compile Driver","Streamline","Storm"],"picked":"SKIP","floor":7.0},{"not_picked":["Stack","All For One"],"picked":"Reinforced Body","floor":12.0},{"not_picked":["White Noise","Skim"],"picked":"Cold Snap","floor":13.0},{"not_picked":["Sweeping Beam","Reprogram","Stack"],"picked":"SKIP","floor":14.0},{"not_picked":["Hyperbeam","Meteor Strike"],"picked":"Electrodynamics","floor":16.0},{"not_picked":["Lockon","Conserve Battery"],"picked":"Steam","floor":18.0},{"not_picked":["Barrage","Melter","Rebound+1"],"picked":"SKIP","floor":21.0},{"not_picked":["Capacitor","Doom and Gloom"],"picked":"Cold Snap","floor":24.0},{"not_picked":["Go for the Eyes","Fusion"],"picked":"Capacitor+1","floor":27.0},{"not_picked":["Amplify","Go for the Eyes","Hologram"],"picked":"SKIP","floor":28.0},{"not_picked":["Hello World","Leap","Ball Lightning"],"picked":"SKIP","floor":31.0},{"not_picked":["Seek","Creative AI"],"picked":"Rainbow","floor":33.0},{"not_picked":["Coolheaded+1","Barrage"],"picked":"Redo+1","floor":35.0},{"not_picked":["Streamline","Steam","Gash+1"],"picked":"SKIP","floor":37.0},{"not_picked":["Aggregate","Stack+1","Steam"],"picked":"SKIP","floor":41.0},{"not_picked":["Conserve Battery","Sweeping Beam","Darkness+1"],"picked":"SKIP","floor":47.0},{"not_picked":["Loop","Beam Cell"],"picked":"Consume","floor":48.0},{"not_picked":["Rip and Tear","Loop","Glacier"],"picked":"SKIP","floor":54}],"player_experience":319500,"relics_obtained":[{"floor":9.0,"key":"Pantograph"},{"floor":13.0,"key":"Cables"},{"floor":27.0,"key":"Letter Opener"},{"floor":38.0,"key":"Incense Burner"},{"floor":43.0,"key":"Mercury Hourglass"},{"floor":45.0,"key":"Blue Candle"},{"floor":48.0,"key":"Sundial"},{"floor":54,"key":"Boot"}],"event_choices":[{"cards_removed":["Strike_B"],"damage_healed":0.0,"max_hp_gain":0.0,"max_hp_loss":0.0,"gold_gain":0.0,"event_name":"Bonfire Elementals","player_choice":"Offered Basic","floor":2.0,"gold_loss":0.0,"damage_taken":0.0},{"damage_healed":0.0,"max_hp_gain":0.0,"max_hp_loss":0.0,"gold_gain":0.0,"event_name":"Shining Light","player_choice":"Entered Light","floor":11.0,"gold_loss":0.0,"damage_taken":15.0,"cards_upgraded":["Dualcast","Strike_B"]},{"damage_healed":0.0,"max_hp_gain":0.0,"max_hp_loss":0.0,"gold_gain":0.0,"cards_transformed":["Strike_B","Defend_B"],"event_name":"Drug Dealer","player_choice":"Became Test Subject","floor":19.0,"gold_loss":0.0,"damage_taken":0.0,"cards_obtained":["Seek","Glacier"]},{"damage_healed":0.0,"max_hp_gain":0.0,"max_hp_loss":0.0,"gold_gain":0.0,"event_name":"Ghosts","player_choice":"Ignored","floor":20.0,"gold_loss":0.0,"damage_taken":0.0},{"damage_healed":0.0,"max_hp_gain":0.0,"max_hp_loss":0.0,"gold_gain":0.0,"event_name":"The Mausoleum","player_choice":"Opened","floor":22.0,"gold_loss":0.0,"damage_taken":0.0,"relics_obtained":["Bag of Preparation"],"cards_obtained":["Writhe"]},{"damage_healed":0.0,"max_hp_gain":0.0,"max_hp_loss":0.0,"gold_gain":90.0,"event_name":"Knowing Skull","player_choice":"GOLD CARD ","floor":30.0,"potions_obtained":[],"gold_loss":0.0,"damage_taken":24.0,"cards_obtained":["Finesse"]},{"damage_healed":0.0,"max_hp_gain":0.0,"max_hp_loss":0.0,"gold_gain":0.0,"event_name":"Tomb of Lord Red Mask","player_choice":"Ignored","floor":36.0,"gold_loss":0.0,"damage_taken":0.0},{"damage_healed":0.0,"max_hp_gain":0.0,"max_hp_loss":0.0,"gold_gain":0.0,"event_name":"MindBloom","player_choice":"Fight","floor":38.0,"gold_loss":0.0,"damage_taken":0.0},{"damage_healed":0.0,"max_hp_gain":0.0,"max_hp_loss":4.0,"gold_gain":0.0,"event_name":"Winding Halls","player_choice":"Max HP","floor":40.0,"gold_loss":0.0,"damage_taken":0.0},{"damage_healed":0.0,"max_hp_gain":0.0,"max_hp_loss":0.0,"gold_gain":0.0,"event_name":"Wheel of Change","player_choice":"Relic","floor":45.0,"gold_loss":0.0,"damage_taken":0.0}],"is_beta":false,"boss_relics":[{"not_picked":["Cursed Key","Busted Crown"],"picked":"White Beast Statue"},{"not_picked":["Tiny House","Runic Dome"],"picked":"Philosopher\u0027s Stone"}],"items_purged_floors":[5,39,44],"is_endless":false,"potions_floor_spawned":[1,7,14,18,21,24,27,28,31,33,35,37,38,41,47,48,54],"killed_by":"The Heart","ascension_level":3}