{"gold_per_floor":[111,111,131,148,148,182,182,215,215,230,263,438,179,217,217,341,341,360,387,387,405,421,455,472,484,508,524,559,559,569,669,669,772,772,783,799,845,845,856,881,881,916,995,1015,1046,27,46,75,75,75,75,75,45,77,77],"floor_reached":56,"playtime":13050,"items_purged":["Doubt","Decay"],"score":1569,"play_id":"299faf4a-4d55-4d2f-9e6c-0a8e973b0c8e","local_time":"20190126180058","is_ascension_mode":true,"campfire_choices":[{"data":"Iron Wave","floor":7,"key":"SMITH"},{"data":"Darkness","floor":15,"key":"SMITH"},{"data":"Loop","floor":29,"key":"SMITH"},{"data":"Mayhem","floor":32,"key":"SMITH"},{"data":"Defragment","floor":41,"key":"SMITH"},{"floor":49,"key":"RECALL"},{"data":"Fission","floor":52,"key":"SMITH"}],"neow_cost":"PERCENT_DAMAGE","seed_source_timestamp":648010531594,"circlet_count":0,"master_deck":["Strike_B","Strike_B","Strike_B","Strike_B+1","Defend_B+1","Defend_B","Defend_B","Zap","Dualcast","BootSequence","Iron Wave+1","Compile Driver","Injury","Capacitor","Skim","Darkness+1","Mayhem+1","Loop+1","Seek","Chaos+1","Beam Cell+1","Coolheaded","Barrage+1","Conserve Battery+1","Ball Lightning+1","Coolheaded+1","Blizzard","Core Surge+1","Defragment+1","Conserve Battery+1","Redo+1","Glacier+1","Go for the Eyes+1","Blizzard+1","Storm","Capacitor","Dark Shackles","Dark Shackles","Storm","Defragment","Capacitor+1","Fission+1","Consume","Capacitor+1"],"relics":["Cracked Core","FossilizedHelix","Bloody Idol","Bronze Scales","Mercury Hourglass","The Courier","Ornamental Fan","Sozu","Oddly Smooth Stone","Unceasing Top","Lantern","War Paint","Pocketwatch","Bottled Tornado","Cursed Key","Prayer Wheel","Regal Pillow","Whetstone","Bottled Lightning","Vajra","Mango","Question Card","Happy Flower","Mummified Hand","Bag of Preparation"],"potions_floor_usage":[8,11,11,28,55],"damage_taken":[{"damage":0,"enemies":"Small Slimes","floor":1,"turns":4},{"damage":0,"enemies":"Cultist","floor":3,"turns":3},{"damage":0,"enemies":"Jaw Worm","floor":4,"turns":2},{"damage":13,"enemies":"Gremlin Nob","floor":6,"turns":5},{"damage":0,"enemies":"Lagavulin","floor":8,"turns":5},{"damage":0,"enemies":"Red Slaver","floor":10,"turns":2},{"damage":0,"enemies":"Gremlin Nob","floor":11,"turns":3},{"damage":16,"enemies":"Lagavulin","floor":14,"turns":7},{"damage":24,"enemies":"The Guardian","floor":16,"turns":8},{"damage":0,"enemies":"Chosen","floor":18,"turns":4},{"damage":3,"enemies":"Spheric Guardian","floor":21,"turns":4},{"damage":14,"enemies":"Snake Plant","floor":22,"turns":4},{"damage":8,"enemies":"Gremlin Leader","floor":23,"turns":7},{"damage":0,"enemies":"Centurion and Healer","floor":24,"turns":5},{"damage":0,"enemies":"Sentry and Sphere","floor":25,"turns":4},{"damage":0,"enemies":"Cultist and Chosen","floor":27,"turns":3},{"damage":17,"enemies":"Slavers","floor":28,"turns":5},{"damage":0,"enemies":"Chosen and Byrds","floor":30,"turns":4},{"damage":0,"enemies":"Colosseum Slavers","floor":31,"turns":2},{"damage":0,"enemies":"Colosseum Nobs","floor":31,"turns":4},{"damage":10,"enemies":"Collector","floor":33,"turns":7},{"damage":0,"enemies":"Orb Walker","floor":35,"turns":4},{"damage":0,"enemies":"3 Shapes","floor":36,"turns":4},{"damage":27,"enemies":"2 Orb Walkers","floor":37,"turns":5},{"damage":0,"enemies":"Transient","floor":39,"turns":5},{"damage":22,"enemies":"Giant Head","floor":40,"turns":9},{"damage":20,"enemies":"Reptomancer","floor":42,"turns":6},{"damage":0,"enemies":"Writhing Mass","floor":44,"turns":4},{"damage":0,"enemies":"Giant Head","floor":45,"turns":8},{"damage":0,"enemies":"Spire Growth","floor":47,"turns":4},{"damage":0,"enemies":"Nemesis","floor":48,"turns":5},{"damage":17,"enemies":"Time Eater","floor":50,"turns":6},{"damage":0,"enemies":"Shield and Spear","floor":54,"turns":5},{"damage":52,"enemies":"The Heart","floor":55,"turns":9}],"seed_played":"-4928053804576281576","potions_obtained":[{"floor":1,"key":"GamblersBrew"},{"floor":6,"key":"PowerPotion"},{"floor":8,"key":"AttackPotion"},{"floor":10,"key":"Strength Potion"},{"floor":11,"key":"Ancient Potion"}],"is_trial":false,"path_per_floor":["M","?","M","M","?","E","R","E","T","M","E","?","$","E","R","B",null,"M","T","?","M","M","E","M","M","T","M","E","R","M","?","R","B",null,"M","M","?","?","M","E","R","E","T","M","E","$","M","E","R","B",null,"R","$","E","B",null],"character_chosen":"DEFECT","items_purchased":["Mayhem","Loop","Mango","Storm","Capacitor","Dark Shackles","Dark Shackles","Storm","Defragment","Question Card","Happy Flower","Consume"],"campfire_rested":0,"item_purchase_floors":[13,13,46,46,46,46,46,46,46,46,46,53],"current_hp_per_floor":[54,54,54,54,54,41,41,41,41,41,41,41,41,25,25,1,75,75,75,75,75,66,63,68,73,75,75,63,63,68,73,73,68,75,75,75,53,53,58,41,41,26,31,36,41,55,60,65,65,48,85,85,85,85,33],"gold":77,"neow_bonus":"ONE_RARE_RELIC","is_prod":false,"is_daily":false,"chose_seed":false,"campfire_upgraded":6,"win_rate":0,"timestamp":1548547258,"path_taken":["M","?","?","M","?","E","R","E","T","M","E","?","?","E","R","BOSS","M","?","?","M","M","E","M","M","T","M","E","R","M","?","R","BOSS","M","M","?","?","M","E","R","E","T","M","E","$","M","E","R","BOSS","R","$","E","BOSS"],"build_version":"2019-01-23","purchased_purges":2,"victory":true,"max_hp_per_floor":[75,75,75,75,75,75,75,75,75,75,75,75,75,75,75,75,75,75,75,75,75,75,75,75,75,75,75,75,75,75,75,75,75,75,75,75,75,71,71,71,71,71,71,71,71,85,85,85,85,85,85,85,85,85,85],"card_choices":[{"not_picked":["Steam","Beam Cell"],"picked":"BootSequence","floor":1},{"not_picked":["Go for the Eyes","Chaos"],"picked":"Compile Driver","floor":3},{"not_picked":["Leap","Fission","Doom and Gloom"],"picked":"SKIP","floor":4},{"not_picked":["Rebound","Heatsinks","BootSequence"],"picked":"SKIP","floor":6},{"not_picked":["Stack","Reinforced Body"],"picked":"Capacitor","floor":8},{"not_picked":["Steam","Double Energy"],"picked":"Skim","floor":10},{"not_picked":["Double Energy","Beam Cell"],"picked":"Darkness","floor":11},{"not_picked":["Compile Driver","Stack","Doom and Gloom"],"picked":"SKIP","floor":14},{"not_picked":["Multi-Cast","Amplify"],"picked":"Seek","floor":16},{"not_picked":["Hello World","Static Discharge"],"picked":"Chaos+1","floor":18},{"not_picked":["Chill+1","Reinforced Body"],"picked":"Beam Cell+1","floor":21},{"not_picked":["Beam Cell","Fusion+1"],"picked":"Coolheaded","floor":22},{"not_picked":["Steam","Stack+1"],"picked":"Barrage+1","floor":23},{"not_picked":["Go for the Eyes","Tempest+1"],"picked":"Conserve Battery","floor":24},{"not_picked":["Reprogram","Multi-Cast"],"picked":"Ball Lightning+1","floor":25},{"not_picked":["Force Field","Gash+1","Go for the Eyes"],"picked":"SKIP","floor":27},{"not_picked":["Stack","Conserve Battery","Fission"],"picked":"SKIP","floor":28},{"not_picked":["Steam","Skim"],"picked":"Coolheaded+1","floor":30},{"not_picked":["Hello World","Sweeping Beam"],"picked":"Blizzard","floor":31},{"not_picked":["Biased Cognition","Meteor Strike"],"picked":"Core Surge","floor":33},{"not_picked":["Steam+1","Hologram+1","Rebound+1"],"picked":"SKIP","floor":35},{"not_picked":["Barrage","Go for the Eyes","Double Energy"],"picked":"SKIP","floor":36},{"not_picked":["Loop","Sweeping Beam"],"picked":"Defragment","floor":37},{"not_picked":["Rip and Tear","Coolheaded+1"],"picked":"Conserve Battery+1","floor":39},{"not_picked":["Hologram","Force Field","Recycle"],"picked":"SKIP","floor":39},{"not_picked":["Cold Snap","Genetic Algorithm"],"picked":"Redo+1","floor":40},{"not_picked":["Go for the Eyes","Echo Form"],"picked":"Glacier+1","floor":42},{"not_picked":["Gash+1","Self Repair"],"picked":"Go for the Eyes+1","floor":44},{"not_picked":["Stack","Thunder Strike","Conserve Battery"],"picked":"SKIP","floor":44},{"not_picked":["Genetic Algorithm+1","Coolheaded"],"picked":"Blizzard+1","floor":45},{"not_picked":["Sweeping Beam+1","Heatsinks","Stack"],"picked":"Capacitor+1","floor":47},{"not_picked":["Barrage+1","Chill+1","Fusion","Sweeping Beam"],"picked":"SKIP","floor":47},{"not_picked":["Auto Shields","Hologram","Cold Snap+1"],"picked":"Fission","floor":48},{"not_picked":["Hologram+1","Gash","Blizzard+1"],"picked":"Capacitor+1","floor":54}],"player_experience":292580,"relics_obtained":[{"floor":6,"key":"Bronze Scales"},{"floor":8,"key":"Mercury Hourglass"},{"floor":11,"key":"The Courier"},{"floor":14,"key":"Ornamental Fan"},{"floor":19,"key":"Oddly Smooth Stone"},{"floor":23,"key":"Unceasing Top"},{"floor":26,"key":"Lantern"},{"floor":28,"key":"War Paint"},{"floor":31,"key":"Pocketwatch"},{"floor":31,"key":"Bottled Tornado"},{"floor":37,"key":"Prayer Wheel"},{"floor":40,"key":"Regal Pillow"},{"floor":42,"key":"Whetstone"},{"floor":43,"key":"Bottled Lightning"},{"floor":45,"key":"Vajra"},{"floor":48,"key":"Mummified Hand"},{"floor":54,"key":"Bag of Preparation"}],"event_choices":[{"cards_removed":["Defend_B"],"damage_healed":0,"gold_gain":0,"player_choice":"Took Card","damage_taken":0,"max_hp_gain":0,"max_hp_loss":0,"event_name":"NoteForYourself","floor":2,"gold_loss":0,"cards_obtained":["Iron Wave"]},{"damage_healed":0,"gold_gain":0,"player_choice":"Take Wound","damage_taken":0,"relics_obtained":["Golden Idol"],"max_hp_gain":0,"max_hp_loss":0,"event_name":"Golden Idol","floor":5,"gold_loss":0,"cards_obtained":["Injury"]},{"damage_healed":0,"gold_gain":175,"player_choice":"AGREE","damage_taken":0,"max_hp_gain":0,"max_hp_loss":0,"event_name":"Liars Game","floor":12,"gold_loss":0,"cards_obtained":["Doubt"]},{"damage_healed":0,"gold_gain":0,"player_choice":"Gave Idol","damage_taken":0,"relics_obtained":["Bloody Idol"],"max_hp_gain":0,"max_hp_loss":0,"event_name":"Forgotten Altar","floor":20,"relics_lost":["Golden Idol"],"gold_loss":0},{"damage_healed":0,"gold_gain":0,"player_choice":"Fight","damage_taken":0,"max_hp_gain":0,"max_hp_loss":0,"event_name":"Colosseum","floor":31,"gold_loss":0},{"damage_healed":0,"gold_gain":0,"player_choice":"Fought Nobs","damage_taken":0,"max_hp_gain":0,"max_hp_loss":0,"event_name":"Colosseum","floor":31,"gold_loss":0},{"damage_healed":0,"gold_gain":0,"player_choice":"Fight","damage_taken":0,"max_hp_gain":0,"max_hp_loss":0,"event_name":"Mysterious Sphere","floor":37,"gold_loss":0},{"damage_healed":0,"gold_gain":0,"player_choice":"Max HP","damage_taken":0,"max_hp_gain":0,"max_hp_loss":4,"event_name":"Winding Halls","floor":38,"gold_loss":0}],"is_beta":false,"boss_relics":[{"not_picked":["FrozenCore","Eternal Feather"],"picked":"Sozu"},{"not_picked":["Nuclear Battery","Velvet Choker"],"picked":"Cursed Key"}],"items_purged_floors":[13,46],"is_endless":false,"potions_floor_spawned":[1,6,8,10,11,18,24,25,27,31,31,40,42,44,47,48,54],"ascension_level":1}