{"gold_per_floor":[116,130,55,55,55,55,74,108,187,230,230,244,244,244,244,334,334,358,358,11,61,61,61,99,99,99,132,132],"floor_reached":28,"playtime":846,"items_purged":["Writhe"],"score":481,"play_id":"0151fc78-f604-4747-adf5-fc33172707d1","local_time":"20190208043139","is_ascension_mode":true,"campfire_choices":[{"data":"Terror","floor":6,"key":"SMITH"},{"floor":11,"key":"REST"},{"floor":13,"key":"REST"},{"data":"Infinite Blades","floor":15,"key":"SMITH"},{"data":"Blade Dance","floor":23,"key":"SMITH"},{"data":"Storm of Steel","floor":25,"key":"SMITH"}],"neow_cost":"NONE","seed_source_timestamp":2370840255032986,"circlet_count":0,"master_deck":["AscendersBane","Defend_G","Defend_G","Defend_G","Defend_G","Defend_G","Strike_G","Strike_G","Strike_G","Strike_G","Survivor","Neutralize","Glass Knife+1","Slice","Terror+1","Infinite Blades+1","Finisher","Dodge and Roll","Backstab","Die Die Die","Backflip","Blade Dance+1","Backstab","PiercingWail","Deflect","Well Laid Plans+1","Storm of Steel+1","Cloak And Dagger+1"],"relics":["Ring of the Snake","Golden Idol","Blood Vial","Pantograph","Ornamental Fan","Orrery","Dream Catcher","Question Card","Frozen Egg 2","Happy Flower","Snake Skull"],"potions_floor_usage":[8,10,24,28],"damage_taken":[{"damage":0,"enemies":"2 Louse","floor":1,"turns":3},{"damage":4,"enemies":"Small Slimes","floor":2,"turns":3},{"damage":2,"enemies":"Jaw Worm","floor":7,"turns":2},{"damage":18,"enemies":"Gremlin Nob","floor":8,"turns":4},{"damage":9,"enemies":"Lagavulin","floor":10,"turns":4},{"damage":12,"enemies":"3 Louse","floor":12,"turns":5},{"damage":43,"enemies":"Slime Boss","floor":16,"turns":11},{"damage":11,"enemies":"Chosen","floor":18,"turns":4},{"damage":7,"enemies":"Book of Stabbing","floor":24,"turns":4},{"damage":28,"enemies":"Slavers","floor":27,"turns":5},{"damage":11,"enemies":"Shell Parasite","floor":28,"turns":2}],"seed_played":"381365889081899782","potions_obtained":[{"floor":2,"key":"SpeedPotion"},{"floor":8,"key":"PowerPotion"},{"floor":10,"key":"Energy Potion"},{"floor":18,"key":"SkillPotion"}],"is_trial":false,"path_per_floor":["M","M","?","?","?","R","M","E","T","E","R","M","R","?","R","B",null,"M","?","$","?","$","R","E","R","T","E","M"],"character_chosen":"THE_SILENT","items_purchased":["Question Card"],"campfire_rested":2,"item_purchase_floors":[20],"current_hp_per_floor":[59,55,55,55,55,55,53,35,35,28,46,36,54,54,54,17,49,40,40,40,40,40,40,35,35,35,9,0],"gold":132,"neow_bonus":"ONE_RANDOM_RARE_CARD","is_prod":false,"is_daily":false,"chose_seed":false,"campfire_upgraded":4,"win_rate":0,"timestamp":1549618299,"path_taken":["M","M","?","?","?","R","?","E","T","E","R","M","R","?","R","BOSS","M","?","$","?","$","R","E","R","T","E","M"],"build_version":"2019-01-23","purchased_purges":1,"victory":false,"max_hp_per_floor":[66,66,66,66,60,60,60,60,60,60,60,60,60,60,60,60,60,60,60,60,60,60,60,60,60,60,60,60],"card_choices":[{"not_picked":["Escape Plan","Deadly Poison"],"picked":"Slice","floor":1},{"not_picked":["Concentrate","PiercingWail"],"picked":"Terror","floor":2},{"not_picked":["Deadly Poison","Masterful Stab"],"picked":"Infinite Blades","floor":7},{"not_picked":["Sucker Punch","Outmaneuver"],"picked":"Finisher","floor":8},{"not_picked":["Flying Knee","Doppelganger"],"picked":"Dodge and Roll","floor":10},{"not_picked":["Sucker Punch","Dagger Spray"],"picked":"Backstab","floor":12},{"not_picked":["Venomology","A Thousand Cuts"],"picked":"Die Die Die","floor":16},{"not_picked":["Noxious Fumes","Finisher"],"picked":"Backflip","floor":17},{"not_picked":["Poisoned Stab","Endless Agony"],"picked":"Blade Dance","floor":17},{"not_picked":["Deadly Poison","Eviscerate"],"picked":"Backstab","floor":17},{"not_picked":["Concentrate","Finisher"],"picked":"PiercingWail","floor":17},{"not_picked":["Distraction","Riddle With Holes"],"picked":"Deflect","floor":17},{"not_picked":["Escape Plan+1","Setup"],"picked":"Well Laid Plans+1","floor":18},{"not_picked":["Tactician","Catalyst","Riddle With Holes"],"picked":"Storm of Steel","floor":24},{"not_picked":["Dodge and Roll+1","Expertise","Deadly Poison"],"picked":"Cloak And Dagger+1","floor":27}],"player_experience":545526,"relics_obtained":[{"floor":8,"key":"Blood Vial"},{"floor":9,"key":"Pantograph"},{"floor":10,"key":"Ornamental Fan"},{"floor":24,"key":"Frozen Egg 2"},{"floor":26,"key":"Happy Flower"},{"floor":27,"key":"Snake Skull"}],"event_choices":[{"cards_removed":["Strike_G"],"damage_healed":0,"gold_gain":0,"player_choice":"Card Removal","damage_taken":0,"max_hp_gain":0,"max_hp_loss":0,"event_name":"The Cleric","floor":3,"gold_loss":75},{"damage_healed":0,"gold_gain":0,"player_choice":"Grow","damage_taken":0,"max_hp_gain":0,"max_hp_loss":0,"event_name":"Living Wall","floor":4,"gold_loss":0,"cards_upgraded":["Glass Knife"]},{"damage_healed":0,"gold_gain":0,"player_choice":"Lose Max HP","damage_taken":0,"relics_obtained":["Golden Idol"],"max_hp_gain":0,"max_hp_loss":6,"event_name":"Golden Idol","floor":5,"gold_loss":0},{"damage_healed":0,"gold_gain":0,"player_choice":"Fled","damage_taken":0,"max_hp_gain":0,"max_hp_loss":0,"event_name":"Scrap Ooze","floor":14,"gold_loss":0},{"damage_healed":0,"gold_gain":0,"player_choice":"Opened","damage_taken":0,"relics_obtained":["Dream Catcher"],"max_hp_gain":0,"max_hp_loss":0,"event_name":"The Mausoleum","floor":19,"gold_loss":0,"cards_obtained":["Writhe"]},{"damage_healed":0,"gold_gain":50,"player_choice":"Stole From Cult","damage_taken":0,"max_hp_gain":0,"max_hp_loss":0,"event_name":"Nest","floor":21,"gold_loss":0}],"is_beta":false,"boss_relics":[{"not_picked":["Astrolabe","Empty Cage"],"picked":"Orrery"}],"items_purged_floors":[20],"is_endless":false,"potions_floor_spawned":[2,8,10,18],"killed_by":"Shell Parasite","ascension_level":17}