{"gold_per_floor":[115,125,75,75,87,115,115,130,130,130,157,157,169,23,23,127,127,143,143,143,243,258,292,292,319,319,28,42,42,75,75,75,174,174,189,204,223,148,148,148,176,176,176,176,87,87,97,127,127,127],"floor_reached":51,"playtime":1586,"items_purged":["Normality","Regret"],"score":1087,"play_id":"e39278f6-b846-4ed2-8ac2-b3a029fcc340","local_time":"20190209172030","is_ascension_mode":true,"campfire_choices":[{"data":"Zap","floor":7,"key":"SMITH"},{"data":"Electrodynamics","floor":12,"key":"SMITH"},{"data":"Reinforced Body","floor":15,"key":"SMITH"},{"floor":24,"key":"DIG"},{"floor":29,"key":"DIG"},{"data":"Blizzard","floor":32,"key":"SMITH"},{"floor":40,"key":"DIG"},{"floor":42,"key":"DIG"},{"floor":44,"key":"DIG"},{"floor":49,"key":"DIG"}],"neow_cost":"TEN_PERCENT_HP_LOSS","seed_source_timestamp":1765083495299654,"circlet_count":0,"master_deck":["Defend_B+1","Defend_B+1","Defend_B+1","Defend_B+1","Zap+1","Dualcast","Blizzard+1","Cold Snap","Seek","Electrodynamics+1","Cold Snap","Cold Snap+1","Reinforced Body+1","Self Repair","Biased Cognition","Machine Learning+1","Turbo+1","Echo Form+1","Go for the Eyes+1","Self Repair+1","Coolheaded","Cold Snap+1","Biased Cognition","Injury","Glacier+1","Finesse","Blizzard+1"],"relics":["Cracked Core","StoneCalendar","Oddly Smooth Stone","Bronze Scales","Molten Egg 2","Ginger","Astrolabe","Darkstone Periapt","Calipers","Kunai","Shovel","Letter Opener","Singing Bowl","FossilizedHelix","Bottled Tornado","Ancient Tea Set","Unceasing Top","Calling Bell","Pen Nib","Cables","Mango","Nunchaku","Shuriken","Juzu Bracelet","Frozen Egg 2","Smiling Mask","Question Card","Sundial"],"potions_floor_usage":[21,25,50,50,50],"damage_taken":[{"damage":2,"enemies":"2 Louse","floor":1,"turns":2},{"damage":3,"enemies":"Jaw Worm","floor":2,"turns":3},{"damage":4,"enemies":"Cultist","floor":5,"turns":3},{"damage":16,"enemies":"Gremlin Nob","floor":6,"turns":4},{"damage":0,"enemies":"Large Slime","floor":8,"turns":3},{"damage":16,"enemies":"3 Sentries","floor":11,"turns":5},{"damage":11,"enemies":"Red Slaver","floor":13,"turns":2},{"damage":1,"enemies":"The Guardian","floor":16,"turns":9},{"damage":0,"enemies":"Chosen","floor":18,"turns":4},{"damage":11,"enemies":"Colosseum Slavers","floor":21,"turns":3},{"damage":1,"enemies":"Colosseum Nobs","floor":21,"turns":5},{"damage":8,"enemies":"2 Thieves","floor":22,"turns":2},{"damage":16,"enemies":"Book of Stabbing","floor":23,"turns":5},{"damage":6,"enemies":"Gremlin Leader","floor":25,"turns":5},{"damage":5,"enemies":"Snake Plant","floor":28,"turns":4},{"damage":0,"enemies":"Book of Stabbing","floor":30,"turns":6},{"damage":3,"enemies":"Champ","floor":33,"turns":11},{"damage":0,"enemies":"Orb Walker","floor":35,"turns":3},{"damage":18,"enemies":"3 Darklings","floor":36,"turns":3},{"damage":4,"enemies":"Maw","floor":37,"turns":9},{"damage":0,"enemies":"Reptomancer","floor":41,"turns":6},{"damage":0,"enemies":"Writhing Mass","floor":47,"turns":6},{"damage":0,"enemies":"Giant Head","floor":48,"turns":8},{"damage":0,"enemies":"Donu and Deca","floor":50,"turns":8}],"seed_played":"-2363612724876768178","potions_obtained":[{"floor":1,"key":"Strength Potion"},{"floor":2,"key":"Dexterity Potion"},{"floor":13,"key":"Strength Potion"},{"floor":16,"key":"Block Potion"},{"floor":22,"key":"GamblersBrew"},{"floor":30,"key":"Ancient Potion"},{"floor":36,"key":"Dexterity Potion"}],"is_trial":false,"path_per_floor":["M","M","?","?","M","E","R","M","T","?","E","R","M","$","R","B",null,"M","?","?","?","M","E","R","E","T","$","M","R","E","$","R","B",null,"M","M","M","$","?","R","E","R","T","R","$","?","M","E","R","B",null],"character_chosen":"DEFECT","items_purchased":["Reinforced Body","Self Repair","Bottled Tornado","Coolheaded","Blizzard+1"],"campfire_rested":0,"item_purchase_floors":[14,14,27,27,45],"current_hp_per_floor":[66,63,63,63,59,43,43,43,43,43,27,27,16,16,16,22,68,68,68,68,63,55,46,46,47,47,47,59,59,70,70,70,70,102,102,96,106,106,106,106,108,108,108,108,108,103,105,107,107,107],"gold":127,"neow_bonus":"ONE_RARE_RELIC","is_prod":false,"is_daily":false,"chose_seed":false,"campfire_upgraded":4,"win_rate":0,"timestamp":1549750830,"path_taken":["M","M","?","?","?","E","R","M","T","?","E","R","M","$","R","BOSS","M","?","?","?","M","E","R","E","T","$","M","R","E","$","R","BOSS","M","M","M","$","?","R","E","R","T","R","$","?","M","E","R","BOSS"],"build_version":"2019-02-06","purchased_purges":2,"victory":true,"max_hp_per_floor":[68,68,68,68,68,68,68,68,68,68,68,68,68,68,68,68,68,68,68,68,68,68,68,68,68,68,68,68,68,70,70,70,70,102,102,104,106,106,106,106,108,108,108,108,108,103,105,107,107,107],"card_choices":[{"not_picked":["Ball Lightning","Compile Driver"],"picked":"Blizzard","floor":1},{"not_picked":["Beam Cell","Redo"],"picked":"Cold Snap","floor":2},{"not_picked":["Steam","Go for the Eyes"],"picked":"Electrodynamics","floor":5},{"not_picked":["Go for the Eyes","Creative AI","Doom and Gloom"],"picked":"SKIP","floor":6},{"not_picked":["BootSequence","Conserve Battery"],"picked":"Cold Snap","floor":8},{"not_picked":["Redo","Hello World","Gash+1"],"picked":"SKIP","floor":11},{"not_picked":["Chaos","Stack"],"picked":"Cold Snap+1","floor":13},{"not_picked":["Reboot","Core Surge+1"],"picked":"Biased Cognition","floor":16},{"not_picked":["Undo+1","Barrage+1"],"picked":"Go for the Eyes+1","floor":18},{"not_picked":["Leap","Rebound+1","Sweeping Beam+1"],"picked":"SKIP","floor":22},{"not_picked":["Static Discharge","Gash+1","Streamline+1"],"picked":"SKIP","floor":23},{"not_picked":["Multi-Cast","Sweeping Beam+1"],"picked":"Self Repair+1","floor":25},{"not_picked":["Conserve Battery","Redo"],"picked":"Cold Snap+1","floor":28},{"not_picked":["Amplify","Turbo","Stack+1"],"picked":"Singing Bowl","floor":30},{"not_picked":["Reboot","Rainbow"],"picked":"Biased Cognition","floor":33},{"not_picked":["Steam+1","Hello World"],"picked":"Glacier+1","floor":35},{"not_picked":["Loop","Heatsinks+1","Rebound+1"],"picked":"Singing Bowl","floor":36},{"not_picked":["Turbo","Leap","Ball Lightning+1"],"picked":"Singing Bowl","floor":37},{"not_picked":["The Bomb","Chrysalis"],"picked":"Finesse","floor":39},{"not_picked":["Hologram","Chaos","Go for the Eyes+1"],"picked":"Singing Bowl","floor":41},{"not_picked":["Force Field+1","Gash+1","Rebound+1"],"picked":"Singing Bowl","floor":47},{"not_picked":["Ball Lightning+1","Compile Driver+1","Hello World+1"],"picked":"Singing Bowl","floor":48}],"player_experience":654578,"relics_obtained":[{"floor":6,"key":"Oddly Smooth Stone"},{"floor":9,"key":"Bronze Scales"},{"floor":11,"key":"Ginger"},{"floor":21,"key":"Calipers"},{"floor":21,"key":"Kunai"},{"floor":23,"key":"Shovel"},{"floor":24,"key":"Letter Opener"},{"floor":25,"key":"Singing Bowl"},{"floor":26,"key":"FossilizedHelix"},{"floor":29,"key":"Ancient Tea Set"},{"floor":30,"key":"Unceasing Top"},{"floor":34,"key":"Pen Nib"},{"floor":34,"key":"Cables"},{"floor":34,"key":"Mango"},{"floor":40,"key":"Nunchaku"},{"floor":41,"key":"Shuriken"},{"floor":42,"key":"Juzu Bracelet"},{"floor":43,"key":"Frozen Egg 2"},{"floor":44,"key":"Smiling Mask"},{"floor":48,"key":"Question Card"},{"floor":49,"key":"Sundial"}],"event_choices":[{"cards_removed":["Strike_B"],"damage_healed":0,"gold_gain":0,"player_choice":"Card Removal","damage_taken":0,"max_hp_gain":0,"max_hp_loss":0,"event_name":"The Cleric","floor":3,"gold_loss":50},{"damage_healed":0,"gold_gain":0,"player_choice":"1 cards matched","damage_taken":0,"max_hp_gain":0,"max_hp_loss":0,"event_name":"Match and Keep!","floor":4,"gold_loss":0,"cards_obtained":["Seek"]},{"damage_healed":0,"gold_gain":0,"player_choice":"Gave Potion","damage_taken":0,"relics_obtained":["Molten Egg 2"],"max_hp_gain":0,"max_hp_loss":0,"event_name":"WeMeetAgain","floor":10,"gold_loss":0},{"damage_healed":0,"gold_gain":0,"player_choice":"Simplicity","damage_taken":0,"max_hp_gain":0,"max_hp_loss":0,"event_name":"Back to Basics","floor":19,"gold_loss":0,"cards_upgraded":["Defend_B","Defend_B","Defend_B","Defend_B"]},{"damage_healed":0,"gold_gain":0,"player_choice":"Opened","damage_taken":0,"relics_obtained":["Darkstone Periapt"],"max_hp_gain":0,"max_hp_loss":0,"event_name":"The Mausoleum","floor":20,"gold_loss":0},{"damage_healed":0,"gold_gain":0,"player_choice":"Fight","damage_taken":0,"max_hp_gain":0,"max_hp_loss":0,"event_name":"Colosseum","floor":21,"gold_loss":0},{"damage_healed":0,"gold_gain":0,"player_choice":"Fought Nobs","damage_taken":0,"max_hp_gain":0,"max_hp_loss":0,"event_name":"Colosseum","floor":21,"gold_loss":0},{"damage_healed":0,"gold_gain":0,"player_choice":"Memory 1","damage_taken":0,"max_hp_gain":0,"max_hp_loss":0,"event_name":"SensoryStone","floor":39,"gold_loss":0},{"damage_healed":0,"gold_gain":0,"player_choice":"Max HP","damage_taken":0,"max_hp_gain":0,"max_hp_loss":5,"event_name":"Winding Halls","floor":46,"gold_loss":0}],"is_beta":true,"boss_relics":[{"not_picked":["Ectoplasm","Busted Crown"],"picked":"Astrolabe"},{"not_picked":["Pandora\u0027s Box","White Beast Statue"],"picked":"Calling Bell"}],"items_purged_floors":[38,45],"is_endless":false,"potions_floor_spawned":[1,2,13,16,21,22,23,30,36,48],"ascension_level":1}