{"gold_per_floor":[114,131,131,147,222,222,243,243,267,305,305,305,305,318,318,437,437,462,486,486,761,786,786,786],"floor_reached":24,"playtime":1060,"items_purged":[],"score":255,"play_id":"9c9dba48-1db1-4f8b-aa90-9ee48bafe1ec","local_time":"20181208024801","is_ascension_mode":true,"campfire_choices":[{"data":"Neutralize","floor":6,"key":"SMITH"},{"floor":11,"key":"REST"},{"floor":15,"key":"REST"},{"data":"After Image","floor":23,"key":"SMITH"}],"neow_cost":"TEN_PERCENT_HP_LOSS","seed_source_timestamp":113031672190022,"circlet_count":0,"master_deck":["Defend_G+1","Defend_G+1","Defend_G+1","Defend_G+1","Defend_G+1","Strike_G+1","Strike_G+1","Strike_G+1","Strike_G+1","Strike_G+1","Survivor","Neutralize+1","Flying Knee","Deflect","Finisher","Slice","Slice","Flying Knee","Glass Knife","Adrenaline","Slice","After Image+1","Regret"],"relics":["Ring of the Snake","Unceasing Top","Golden Idol","WingedGreaves","Dream Catcher","Calipers","Singing Bowl","Orrery"],"potions_floor_usage":[16,16,18,24],"damage_taken":[{"damage":4,"enemies":"Small Slimes","floor":1,"turns":4},{"damage":0,"enemies":"Jaw Worm","floor":2,"turns":5},{"damage":0,"enemies":"2 Louse","floor":4,"turns":2},{"damage":0,"enemies":"Looter","floor":7,"turns":3},{"damage":25,"enemies":"3 Sentries","floor":10,"turns":10},{"damage":5,"enemies":"Large Slime","floor":14,"turns":6},{"damage":45,"enemies":"The Guardian","floor":16,"turns":16},{"damage":12,"enemies":"Shell Parasite","floor":18,"turns":5},{"damage":19,"enemies":"2 Thieves","floor":19,"turns":4},{"damage":15,"enemies":"3 Cultists","floor":22,"turns":6},{"damage":25,"enemies":"Centurion and Healer","floor":24,"turns":3}],"seed_played":"-8433281793611667066","potions_obtained":[{"floor":7,"key":"FearPotion"},{"floor":10,"key":"Block Potion"},{"floor":16,"key":"Regen Potion"},{"floor":18,"key":"SneckoOil"}],"is_trial":false,"path_per_floor":["M","M","?","M","?","R","M","T","T","E","R","?","T","M","R","B",null,"M","M","?","?","M","R","M"],"character_chosen":"THE_SILENT","items_purchased":[],"campfire_rested":2,"item_purchase_floors":[],"current_hp_per_floor":[59,59,58,58,47,47,47,47,47,22,39,36,36,31,50,5,52,54,37,37,37,24,24,0],"gold":786,"neow_bonus":"ONE_RARE_RELIC","is_prod":false,"is_daily":false,"chose_seed":false,"campfire_upgraded":2,"win_rate":0,"timestamp":1544255281,"path_taken":["M","M","?","M","?","R","M","?","T","E","R","?","?","?","R","BOSS","M","M","?","?","?","R","M"],"build_version":"2018-12-06","purchased_purges":0,"victory":false,"max_hp_per_floor":[63,63,58,58,58,58,58,58,58,58,58,58,58,58,60,60,66,68,70,70,70,72,72,72],"card_choices":[{"not_picked":["Quick Slash","PiercingWail"],"picked":"Flying Knee","floor":1},{"not_picked":["Prepared","Endless Agony"],"picked":"Deflect","floor":2},{"not_picked":["Acrobatics","Dagger Spray"],"picked":"Finisher","floor":4},{"not_picked":["Outmaneuver","Deadly Poison"],"picked":"Slice","floor":7},{"not_picked":["Dodge and Roll","Poisoned Stab"],"picked":"Slice","floor":10},{"not_picked":["PiercingWail","Dagger Spray"],"picked":"Flying Knee","floor":11},{"not_picked":["Flechettes","Deadly Poison"],"picked":"Glass Knife","floor":14},{"not_picked":["Outmaneuver","Cloak And Dagger","All Out Attack"],"picked":"Singing Bowl","floor":15},{"not_picked":["Night Terror","Venomology"],"picked":"Adrenaline","floor":16},{"not_picked":["Quick Slash","Acrobatics","All Out Attack"],"picked":"Singing Bowl","floor":17},{"not_picked":["Acrobatics","Quick Slash","Dagger Throw"],"picked":"Singing Bowl","floor":17},{"not_picked":["Reflex","Quick Slash","Bane"],"picked":"Singing Bowl","floor":17},{"not_picked":["Distraction","Dagger Spray"],"picked":"Slice","floor":17},{"not_picked":["Flying Knee","Leg Sweep"],"picked":"After Image","floor":17},{"not_picked":["Outmaneuver","Crippling Poison","Catalyst"],"picked":"Singing Bowl","floor":18},{"not_picked":["Bane+1","Calculated Gamble","Backflip"],"picked":"Singing Bowl","floor":19},{"not_picked":["Flechettes","Quick Slash","Reflex+1"],"picked":"Singing Bowl","floor":22}],"player_experience":364169,"relics_obtained":[{"floor":8,"key":"WingedGreaves"},{"floor":9,"key":"Dream Catcher"},{"floor":10,"key":"Calipers"},{"floor":13,"key":"Singing Bowl"}],"event_choices":[{"damage_healed":0,"gold_gain":0,"player_choice":"Lose Max HP","damage_taken":0,"relics_obtained":["Golden Idol"],"max_hp_gain":0,"max_hp_loss":5,"event_name":"Golden Idol","floor":3,"gold_loss":0},{"damage_healed":0,"gold_gain":75,"player_choice":"Gather Gold","damage_taken":11,"max_hp_gain":0,"max_hp_loss":0,"event_name":"World of Goop","floor":5,"gold_loss":0},{"damage_healed":0,"gold_gain":0,"player_choice":"Fled","damage_taken":3,"max_hp_gain":0,"max_hp_loss":0,"event_name":"Scrap Ooze","floor":12,"gold_loss":0},{"damage_healed":0,"gold_gain":0,"player_choice":"Simplicity","damage_taken":0,"max_hp_gain":0,"max_hp_loss":0,"event_name":"Back to Basics","floor":20,"gold_loss":0,"cards_upgraded":["Defend_G","Defend_G","Defend_G","Defend_G","Defend_G","Strike_G","Strike_G","Strike_G","Strike_G","Strike_G"]},{"damage_healed":0,"gold_gain":275,"player_choice":"Desecrate","damage_taken":0,"max_hp_gain":0,"max_hp_loss":0,"event_name":"Golden Shrine","floor":21,"gold_loss":0,"cards_obtained":["Regret"]}],"is_beta":false,"boss_relics":[{"not_picked":["Snecko Eye","Velvet Choker"],"picked":"Orrery"}],"items_purged_floors":[],"is_endless":false,"potions_floor_spawned":[7,10,16,18],"killed_by":"Centurion and Healer","ascension_level":6}