{"gold_per_floor":[116,128,46,65,81,81,108,124,148,148,183,66,66,66],"floor_reached":14,"playtime":465,"items_purged":[],"score":120,"play_id":"5cbf1d1f-557c-4f81-bcaa-97247db6b3cb","local_time":"20181230201737","is_ascension_mode":true,"campfire_choices":[{"data":"Noxious Fumes","floor":6,"key":"SMITH"},{"data":"Footwork","floor":10,"key":"SMITH"}],"neow_cost":"NONE","seed_source_timestamp":263558540068899,"circlet_count":0,"master_deck":["Defend_G","Defend_G","Defend_G","Defend_G","Defend_G","Strike_G","Strike_G","Strike_G","Strike_G","Strike_G","Survivor+1","Neutralize","Heel Hook","Poisoned Stab","Noxious Fumes+1","Footwork+1","Bullet Time","Prepared","Footwork","Noxious Fumes","Blur"],"relics":["Ring of the Snake","Mercury Hourglass","Boot"],"potions_floor_usage":[7,7],"damage_taken":[{"damage":8,"enemies":"2 Louse","floor":1,"turns":5},{"damage":6,"enemies":"Jaw Worm","floor":2,"turns":5},{"damage":0,"enemies":"Cultist","floor":4,"turns":4},{"damage":5,"enemies":"Large Slime","floor":5,"turns":6},{"damage":33,"enemies":"Lagavulin","floor":7,"turns":8},{"damage":0,"enemies":"2 Fungi Beasts","floor":8,"turns":3},{"damage":29,"enemies":"3 Sentries","floor":11,"turns":7},{"damage":9,"enemies":"Red Slaver","floor":14,"turns":1}],"seed_played":"-8673411714202411627","potions_obtained":[{"floor":1,"key":"EssenceOfSteel"},{"floor":2,"key":"Regen Potion"},{"floor":11,"key":"FearPotion"}],"is_trial":false,"path_per_floor":["M","M","$","M","M","R","E","M","T","R","E","$","?","M"],"character_chosen":"THE_SILENT","items_purchased":["Noxious Fumes","Noxious Fumes","Blur"],"campfire_rested":0,"item_purchase_floors":[3,12,12],"current_hp_per_floor":[62,56,56,56,51,51,33,33,33,33,4,4,4,0],"gold":66,"neow_bonus":"UPGRADE_CARD","is_prod":false,"is_daily":false,"chose_seed":false,"campfire_upgraded":2,"win_rate":0,"timestamp":1546197457,"path_taken":["M","M","$","M","M","R","E","M","T","R","E","$","?","M"],"build_version":"2018-12-20","purchased_purges":0,"victory":false,"max_hp_per_floor":[70,70,70,70,70,70,70,70,70,70,70,70,70,70],"card_choices":[{"not_picked":["Escape Plan","Deadly Poison"],"picked":"Heel Hook","floor":1},{"not_picked":["Bane","Concentrate"],"picked":"Poisoned Stab","floor":2},{"not_picked":["Infinite Blades","Endless Agony"],"picked":"Footwork","floor":4},{"not_picked":["All Out Attack","Masterful Stab"],"picked":"Bullet Time","floor":5},{"not_picked":["Distraction","PiercingWail"],"picked":"Prepared","floor":7},{"not_picked":["Underhanded Strike","Flying Knee"],"picked":"Footwork","floor":8},{"not_picked":["Underhanded Strike","Slice","PiercingWail"],"picked":"SKIP","floor":11}],"player_experience":825365,"relics_obtained":[{"floor":7,"key":"Mercury Hourglass"},{"floor":11,"key":"Boot"}],"event_choices":[{"damage_healed":0,"gold_gain":0,"player_choice":"Fled","damage_taken":0,"max_hp_gain":0,"max_hp_loss":0,"event_name":"Scrap Ooze","floor":13,"gold_loss":0}],"is_beta":false,"boss_relics":[],"items_purged_floors":[],"is_endless":false,"potions_floor_spawned":[1,2,11],"killed_by":"Red Slaver","ascension_level":4}