{"gold_per_floor":[116,131,143,153,78,78,107,107,107,140,157,157,171,198,198,296,296,312,312,331,346,3,3,18,18,69,69,18,48,60,86,98,110],"floor_reached":33,"playtime":1372,"items_purged":["Strike_G","Strike_G"],"score":440,"play_id":"601ecc17-7369-4a59-8b65-f4faf05e209b","local_time":"20190107193933","is_ascension_mode":true,"campfire_choices":[{"data":"Poisoned Stab","floor":6,"key":"SMITH"},{"floor":8,"key":"REST"},{"floor":12,"key":"REST"},{"floor":15,"key":"RECALL"},{"floor":23,"key":"REST"},{"floor":25,"key":"REST"},{"floor":27,"key":"REST"},{"floor":32,"key":"REST"}],"neow_cost":"NONE","seed_source_timestamp":494617453356100,"circlet_count":0,"master_deck":["Defend_G","Defend_G","Defend_G","Defend_G","Defend_G","Strike_G","Strike_G","Strike_G","Survivor","Neutralize","Poisoned Stab+1","Deadly Poison","Poisoned Stab","Catalyst","Poisoned Stab","Prepared","Poisoned Stab+1","A Thousand Cuts+1","Necronomicurse","Deadly Poison"],"relics":["Ring of the Snake","NeowsBlessing","The Specimen","Mango","Kunai","Frozen Egg 2","Fusion Hammer","Molten Egg 2","Happy Flower","MawBank","Necronomicon"],"potions_floor_usage":[7,14,14,14,20,21],"damage_taken":[{"damage":0,"enemies":"Cultist","floor":1,"turns":1},{"damage":0,"enemies":"Jaw Worm","floor":2,"turns":1},{"damage":0,"enemies":"2 Louse","floor":3,"turns":1},{"damage":23,"enemies":"Large Slime","floor":4,"turns":10},{"damage":20,"enemies":"3 Sentries","floor":7,"turns":10},{"damage":16,"enemies":"Lagavulin","floor":10,"turns":6},{"damage":13,"enemies":"Lots of Slimes","floor":11,"turns":4},{"damage":0,"enemies":"Exordium Thugs","floor":13,"turns":4},{"damage":0,"enemies":"Gremlin Nob","floor":14,"turns":2},{"damage":24,"enemies":"Hexaghost","floor":16,"turns":10},{"damage":16,"enemies":"Spheric Guardian","floor":18,"turns":4},{"damage":6,"enemies":"3 Byrds","floor":20,"turns":5},{"damage":7,"enemies":"Snecko","floor":21,"turns":6},{"damage":12,"enemies":"Snake Plant","floor":24,"turns":4},{"damage":36,"enemies":"Book of Stabbing","floor":29,"turns":5},{"damage":11,"enemies":"Chosen and Byrds","floor":31,"turns":4},{"damage":69,"enemies":"Champ","floor":33,"turns":8}],"seed_played":"4317326352139733080","potions_obtained":[{"floor":1,"key":"Explosive Potion"},{"floor":10,"key":"Explosive Potion"},{"floor":11,"key":"AttackPotion"},{"floor":13,"key":"Explosive Potion"},{"floor":19,"key":"Fruit Juice"},{"floor":19,"key":"AttackPotion"},{"floor":19,"key":"SmokeBomb"},{"floor":21,"key":"FearPotion"},{"floor":31,"key":"Ancient Potion"}],"is_trial":false,"path_per_floor":["M","M","M","M","$","R","E","R","T","E","M","R","M","E","R","B",null,"M","?","M","M","$","R","M","R","T","R","$","E","?","M","R","B"],"character_chosen":"THE_SILENT","items_purchased":["Molten Egg 2","Poisoned Stab+1"],"campfire_rested":6,"item_purchase_floors":[22,28],"current_hp_per_floor":[70,70,70,47,47,47,27,48,62,46,33,58,58,58,58,34,72,56,56,55,48,48,74,62,88,88,89,89,53,37,26,52,0],"gold":110,"neow_bonus":"THREE_ENEMY_KILL","is_prod":false,"is_daily":false,"chose_seed":false,"campfire_upgraded":1,"win_rate":0,"timestamp":1546886373,"path_taken":["M","?","M","M","$","R","E","R","T","E","M","R","M","E","R","BOSS","M","?","M","?","$","R","?","R","T","R","$","E","?","M","R","BOSS"],"build_version":"2019-01-03v4","purchased_purges":2,"victory":false,"max_hp_per_floor":[70,70,70,70,70,70,70,70,84,84,84,84,84,84,84,84,84,84,84,89,89,89,89,89,89,89,89,89,89,89,89,89,89],"card_choices":[{"not_picked":["Masterful Stab","Blade Dance"],"picked":"Poisoned Stab","floor":1},{"not_picked":["Blade Dance","Endless Agony","Backflip"],"picked":"SKIP","floor":2},{"not_picked":["Dodge and Roll","Outmaneuver","Bane"],"picked":"SKIP","floor":3},{"not_picked":["PiercingWail","Sucker Punch"],"picked":"Deadly Poison","floor":4},{"not_picked":["Wraith Form v2","Backflip"],"picked":"Poisoned Stab","floor":7},{"not_picked":["Acrobatics","Quick Slash","Storm of Steel"],"picked":"SKIP","floor":10},{"not_picked":["Bouncing Flask","Distraction","Sucker Punch"],"picked":"SKIP","floor":11},{"not_picked":["Cloak And Dagger","Skewer","Outmaneuver"],"picked":"SKIP","floor":13},{"not_picked":["Dodge and Roll","Reflex","Backflip"],"picked":"SKIP","floor":14},{"not_picked":["Acrobatics","Bane"],"picked":"Catalyst","floor":18},{"not_picked":["Deflect","Choke","Escape Plan"],"picked":"SKIP","floor":20},{"not_picked":["Outmaneuver","Backflip+1"],"picked":"Poisoned Stab","floor":21},{"not_picked":["Flechettes+1","Dagger Spray+1"],"picked":"Prepared","floor":24},{"not_picked":["Riddle With Holes+1","Accuracy+1"],"picked":"A Thousand Cuts+1","floor":29},{"not_picked":["Terror","Dodge and Roll"],"picked":"Deadly Poison","floor":31}],"player_experience":838319,"relics_obtained":[{"floor":7,"key":"The Specimen"},{"floor":9,"key":"Mango"},{"floor":10,"key":"Kunai"},{"floor":14,"key":"Frozen Egg 2"},{"floor":26,"key":"Happy Flower"},{"floor":29,"key":"MawBank"},{"floor":30,"key":"Necronomicon"}],"event_choices":[{"damage_healed":0,"gold_gain":0,"player_choice":"Got Potions","damage_taken":0,"max_hp_gain":0,"max_hp_loss":0,"event_name":"Lab","floor":19,"gold_loss":0},{"damage_healed":0,"gold_gain":0,"player_choice":"Obtained Book","damage_taken":16,"max_hp_gain":0,"max_hp_loss":0,"event_name":"Cursed Tome","floor":30,"gold_loss":0}],"is_beta":false,"boss_relics":[{"not_picked":["Ectoplasm","Pandora\u0027s Box"],"picked":"Fusion Hammer"}],"items_purged_floors":[5,22],"is_endless":false,"potions_floor_spawned":[1,10,11,13,18,21,31],"killed_by":"Champ","ascension_level":5}