{"gold_per_floor":[114,114,133,152,172,203,56,56,56,74,74,107,107,137,137,240,240,251,251,0,0,12,12],"floor_reached":23,"playtime":976,"items_purged":["Strike_B"],"score":209,"play_id":"de0dac18-8ef3-4a37-8822-9dce75636b71","local_time":"20190210113510","is_ascension_mode":false,"campfire_choices":[{"data":"Electrodynamics","floor":8,"key":"SMITH"},{"floor":15,"key":"REST"}],"neow_cost":"NONE","seed_source_timestamp":580658308925392,"circlet_count":0,"master_deck":["Strike_B","Strike_B","Defend_B","Defend_B","Defend_B","Defend_B","Zap","Dualcast","Electrodynamics+1","Streamline","Defragment+1","Ball Lightning","Capacitor+1","Steam","Creative AI+1","Undo","Amplify","Consume","Go for the Eyes"],"relics":["Cracked Core","Frozen Egg 2","Shovel","Calipers","Dream Catcher","Mercury Hourglass","Nuclear Battery","Mummified Hand"],"potions_floor_usage":[6,12,14],"damage_taken":[{"damage":2,"enemies":"2 Louse","floor":1,"turns":2},{"damage":1,"enemies":"Cultist","floor":3,"turns":3},{"damage":10,"enemies":"Small Slimes","floor":4,"turns":3},{"damage":7,"enemies":"3 Louse","floor":5,"turns":3},{"damage":6,"enemies":"Gremlin Nob","floor":6,"turns":3},{"damage":0,"enemies":"Exordium Wildlife","floor":10,"turns":2},{"damage":2,"enemies":"Lagavulin","floor":12,"turns":5},{"damage":22,"enemies":"Gremlin Nob","floor":14,"turns":4},{"damage":34,"enemies":"Hexaghost","floor":16,"turns":9},{"damage":19,"enemies":"2 Thieves","floor":18,"turns":4},{"damage":5,"enemies":"3 Byrds","floor":22,"turns":3},{"damage":49,"enemies":"Slavers","floor":23,"turns":3}],"seed_played":"-6275364430121881026","potions_obtained":[{"floor":4,"key":"SteroidPotion"},{"floor":5,"key":"Ancient Potion"},{"floor":6,"key":"Energy Potion"},{"floor":14,"key":"SteroidPotion"},{"floor":18,"key":"FearPotion"}],"is_trial":false,"path_per_floor":["M","?","M","M","M","E","$","R","T","M","?","E","?","E","R","B",null,"M","?","$","?","M","E"],"character_chosen":"DEFECT","items_purchased":["Capacitor+1","Mummified Hand"],"campfire_rested":1,"item_purchase_floors":[7,20],"current_hp_per_floor":[73,73,72,62,55,49,49,49,49,49,49,47,44,22,44,10,75,56,56,56,49,44,0],"gold":12,"neow_bonus":"ONE_RANDOM_RARE_CARD","is_prod":false,"is_daily":false,"chose_seed":false,"campfire_upgraded":1,"win_rate":0,"timestamp":1549794910,"path_taken":["M","?","M","M","M","E","$","R","T","?","?","E","?","E","R","BOSS","M","?","?","?","M","E"],"build_version":"2019-01-23","purchased_purges":1,"victory":false,"max_hp_per_floor":[75,75,75,75,75,75,75,75,75,75,75,75,75,75,75,75,75,75,75,75,75,75,75],"card_choices":[{"not_picked":["Chaos","Go for the Eyes"],"picked":"Streamline","floor":1},{"not_picked":["Coolheaded","Beam Cell"],"picked":"Defragment","floor":3},{"not_picked":["Rebound","Rip and Tear"],"picked":"Ball Lightning","floor":4},{"not_picked":["Redo","Sunder","Reprogram"],"picked":"SKIP","floor":5},{"not_picked":["Beam Cell","Turbo","Fission"],"picked":"SKIP","floor":6},{"not_picked":["Compile Driver","Gash"],"picked":"Steam","floor":10},{"not_picked":["Beam Cell","Cold Snap","Aggregate"],"picked":"SKIP","floor":12},{"not_picked":["Beam Cell","Ball Lightning"],"picked":"Creative AI+1","floor":14},{"not_picked":["Lockon","Glacier"],"picked":"Undo","floor":15},{"not_picked":["Core Surge","Reboot"],"picked":"Amplify","floor":16},{"not_picked":["Go for the Eyes","White Noise"],"picked":"Consume","floor":18},{"not_picked":["Sweeping Beam+1","Glacier"],"picked":"Go for the Eyes","floor":22}],"player_experience":99768,"relics_obtained":[{"floor":6,"key":"Frozen Egg 2"},{"floor":9,"key":"Shovel"},{"floor":12,"key":"Calipers"},{"floor":14,"key":"Mercury Hourglass"}],"event_choices":[{"cards_removed":["Strike_B"],"damage_healed":0,"gold_gain":0,"player_choice":"Offered Basic","damage_taken":0,"max_hp_gain":0,"max_hp_loss":0,"event_name":"Bonfire Elementals","floor":2,"gold_loss":0},{"damage_healed":0,"gold_gain":0,"player_choice":"Ignored","damage_taken":0,"max_hp_gain":0,"max_hp_loss":0,"event_name":"Liars Game","floor":11,"gold_loss":0},{"damage_healed":0,"gold_gain":0,"player_choice":"Success","damage_taken":3,"relics_obtained":["Dream Catcher"],"max_hp_gain":0,"max_hp_loss":0,"event_name":"Scrap Ooze","floor":13,"gold_loss":0},{"damage_healed":0,"gold_gain":0,"player_choice":"Forge","damage_taken":0,"max_hp_gain":0,"max_hp_loss":0,"event_name":"Accursed Blacksmith","floor":19,"gold_loss":0,"cards_upgraded":["Defragment"]},{"damage_healed":0,"gold_gain":0,"player_choice":"","damage_taken":7,"max_hp_gain":0,"max_hp_loss":0,"event_name":"Knowing Skull","floor":21,"potions_obtained":[],"gold_loss":0,"cards_obtained":[]},{"damage_healed":0,"gold_gain":0,"player_choice":"","damage_taken":7,"max_hp_gain":0,"max_hp_loss":0,"event_name":"Knowing Skull","floor":21,"potions_obtained":[],"gold_loss":0,"cards_obtained":[]}],"is_beta":false,"boss_relics":[{"not_picked":["Black Star","Runic Dome"],"picked":"Nuclear Battery"}],"items_purged_floors":[7],"is_endless":false,"potions_floor_spawned":[4,5,6,14,18],"killed_by":"Slavers","ascension_level":0}