{"gold_per_floor":[109,59,59,75,75,102,102,117,142,171,189,289,306,321,321,420,420,434,434,434,451,95,95,95],"floor_reached":24,"playtime":1709,"items_purged":["Accuracy"],"score":383,"play_id":"c3b090eb-a987-472a-864d-d11256ee9b4d","local_time":"20190103234612","is_ascension_mode":true,"campfire_choices":[{"floor":7,"key":"REST"},{"floor":15,"key":"REST"},{"floor":23,"key":"REST"}],"neow_cost":"NONE","seed_source_timestamp":1299921497689392,"circlet_count":0,"master_deck":["AscendersBane","Survivor","Neutralize","Riddle With Holes","Footwork","Cloak And Dagger","Footwork","Backflip","Noxious Fumes","Footwork","Night Terror","Dodge and Roll","Die Die Die","Unload","All Out Attack","Dodge and Roll","Backstab","Backstab","Prepared","Bane","Well Laid Plans","Backflip","Bite","Bite","Bite","Bite","Bite","Dodge and Roll","Deflect+1","Caltrops","Dramatic Entrance","Dagger Spray+1"],"relics":["Ring of the Snake","NeowsBlessing","Dream Catcher","Smiling Mask","Dodecahedron","Pandora\u0027s Box","Snake Skull"],"potions_floor_usage":[10,14,14,16,21],"damage_taken":[{"damage":0,"enemies":"2 Louse","floor":1,"turns":1},{"damage":0,"enemies":"Small Slimes","floor":4,"turns":1},{"damage":0,"enemies":"Gremlin Nob","floor":6,"turns":1},{"damage":3,"enemies":"Cultist","floor":8,"turns":4},{"damage":38,"enemies":"Lagavulin","floor":10,"turns":11},{"damage":14,"enemies":"Looter","floor":11,"turns":5},{"damage":1,"enemies":"Large Slime","floor":13,"turns":8},{"damage":0,"enemies":"Exordium Thugs","floor":14,"turns":7},{"damage":23,"enemies":"Hexaghost","floor":16,"turns":20},{"damage":14,"enemies":"3 Byrds","floor":18,"turns":6},{"damage":25,"enemies":"2 Thieves","floor":21,"turns":4},{"damage":40,"enemies":"Book of Stabbing","floor":24,"turns":4}],"seed_played":"-6732071265200912111","potions_obtained":[{"floor":8,"key":"Energy Potion"},{"floor":11,"key":"GhostInAJar"},{"floor":13,"key":"Weak Potion"},{"floor":14,"key":"Energy Potion"},{"floor":18,"key":"FearPotion"}],"is_trial":false,"path_per_floor":["M","?","?","M","?","E","R","M","T","E","M","?","M","M","R","B",null,"M","?","?","M","$","R","E"],"character_chosen":"THE_SILENT","items_purchased":["Caltrops","Snake Skull","Dramatic Entrance"],"campfire_rested":3,"item_purchase_floors":[22,22,22],"current_hp_per_floor":[63,63,63,63,63,63,70,67,67,29,15,15,14,14,35,12,56,42,42,42,21,21,35,0],"gold":95,"neow_bonus":"THREE_ENEMY_KILL","is_prod":false,"is_daily":false,"chose_seed":false,"campfire_upgraded":0,"win_rate":0,"timestamp":1546559172,"path_taken":["M","?","?","?","?","E","R","M","T","E","M","?","M","M","R","BOSS","M","?","?","M","$","R","E"],"build_version":"2018-12-20","purchased_purges":1,"victory":false,"max_hp_per_floor":[70,70,70,70,70,70,70,70,70,70,70,70,70,70,70,70,70,70,49,49,49,49,49,49],"card_choices":[{"not_picked":["Blade Dance","Deadly Poison"],"picked":"Riddle With Holes","floor":1},{"not_picked":["Choke","Quick Slash"],"picked":"Footwork","floor":4},{"not_picked":["Slice","Endless Agony"],"picked":"Cloak And Dagger","floor":6},{"not_picked":["Bane","Backstab"],"picked":"Footwork","floor":7},{"not_picked":["Deadly Poison","Expertise"],"picked":"Backflip","floor":8},{"not_picked":["Acrobatics","Well Laid Plans","Prepared"],"picked":"SKIP","floor":10},{"not_picked":["Infinite Blades","Prepared"],"picked":"Noxious Fumes","floor":11},{"not_picked":["Backstab","Flying Knee"],"picked":"Footwork","floor":13},{"not_picked":["Crippling Poison","Prepared"],"picked":"Night Terror","floor":14},{"not_picked":["Acrobatics","Heel Hook"],"picked":"Dodge and Roll","floor":15},{"not_picked":["Burst","Doppelganger"],"picked":"Die Die Die","floor":16},{"not_picked":["Well Laid Plans","Slice"],"picked":"Backflip","floor":18},{"not_picked":["Setup","Flechettes"],"picked":"Deflect+1","floor":21},{"not_picked":["Outmaneuver+1","PiercingWail"],"picked":"Dagger Spray+1","floor":23}],"player_experience":1122628,"relics_obtained":[{"floor":6,"key":"Dream Catcher"},{"floor":9,"key":"Smiling Mask"},{"floor":10,"key":"Dodecahedron"}],"event_choices":[{"cards_removed":["Strike_G"],"damage_healed":0,"gold_gain":0,"player_choice":"Card Removal","damage_taken":0,"max_hp_gain":0,"max_hp_loss":0,"event_name":"The Cleric","floor":2,"gold_loss":50},{"damage_healed":0,"gold_gain":0,"player_choice":"Bought 0 Potions","damage_taken":0,"max_hp_gain":0,"max_hp_loss":0,"event_name":"The Woman in Blue","floor":3,"gold_loss":0},{"damage_healed":0,"gold_gain":0,"cards_transformed":["Strike_G"],"player_choice":"Change","damage_taken":0,"max_hp_gain":0,"max_hp_loss":0,"event_name":"Living Wall","floor":5,"gold_loss":0,"cards_obtained":["Accuracy"]},{"damage_healed":0,"gold_gain":100,"player_choice":"Pray","damage_taken":0,"max_hp_gain":0,"max_hp_loss":0,"event_name":"Golden Shrine","floor":12,"gold_loss":0},{"damage_healed":0,"gold_gain":0,"player_choice":"Became a vampire","damage_taken":0,"max_hp_gain":0,"max_hp_loss":21,"event_name":"Vampires","floor":19,"gold_loss":0,"cards_obtained":["Bite","Bite","Bite","Bite","Bite"]},{"damage_healed":0,"gold_gain":0,"player_choice":"Read","damage_taken":0,"max_hp_gain":0,"max_hp_loss":0,"event_name":"The Library","floor":20,"gold_loss":0,"cards_obtained":["Dodge and Roll"]}],"is_beta":false,"boss_relics":[{"not_picked":["Orrery","Busted Crown"],"picked":"Pandora\u0027s Box"}],"items_purged_floors":[22],"is_endless":false,"potions_floor_spawned":[8,11,13,14,18],"killed_by":"Book of Stabbing","ascension_level":11}