{"gold_per_floor":[11,11,11,86,47,47,60,60,60,79,79,103,122,145,145,273,273,286,316,332,247,247,247,291,291,291,9,22,22,53,53,53,182,182,206,227,227,241,288,331,331,352,352,352,390,300,300,41,41,41],"floor_reached":51,"playtime":2753,"items_purged":["Shame"],"score":1090,"play_id":"6938d92b-869b-4a39-8b9d-215e7a3b3be6","local_time":"20181208034054","is_ascension_mode":true,"campfire_choices":[{"floor":6,"key":"REST"},{"data":"Dash","floor":8,"key":"SMITH"},{"data":"Footwork","floor":15,"key":"SMITH"},{"data":"Malaise","floor":23,"key":"SMITH"},{"data":"Sucker Punch","floor":25,"key":"SMITH"},{"data":"Unload","floor":32,"key":"SMITH"},{"floor":41,"key":"REST"},{"floor":47,"key":"REST"},{"data":"Noxious Fumes","floor":49,"key":"SMITH"}],"neow_cost":"NO_GOLD","seed_source_timestamp":114499932031026,"circlet_count":0,"master_deck":["Defend_G","Defend_G","Defend_G","Defend_G","Strike_G+1","Strike_G+1","Strike_G","Strike_G+1","Strike_G","Survivor","Neutralize","Dash+1","Footwork+1","Escape Plan","Sucker Punch+1","Predator","Deflect","Escape Plan","Malaise+1","Writhe","Dash","Masterful Stab","Backflip","Blade Dance+1","Dagger Throw","Unload+1","Malaise","Skewer+1","Terror+1","Calculated Gamble+1","Dodge and Roll+1","Corpse Explosion","Decay","Noxious Fumes+1"],"relics":["Ring of the Serpent","Tough Bandages","Golden Idol","Letter Opener","PreservedInsect","Cursed Key","Tiny Chest","Kunai","Matryoshka","Centennial Puzzle","Prayer Wheel","Chemical X","Mango","Bottled Flame","Ancient Tea Set","Tingsha","Mercury Hourglass","Whetstone","Shuriken"],"potions_floor_usage":[24,28,33,50,50,50],"damage_taken":[{"damage":1,"enemies":"2 Louse","floor":1,"turns":3},{"damage":0,"enemies":"Jaw Worm","floor":7,"turns":4},{"damage":0,"enemies":"Small Slimes","floor":10,"turns":4},{"damage":4,"enemies":"Looter","floor":12,"turns":4},{"damage":0,"enemies":"2 Fungi Beasts","floor":13,"turns":3},{"damage":0,"enemies":"3 Louse","floor":14,"turns":4},{"damage":45,"enemies":"Slime Boss","floor":16,"turns":15},{"damage":0,"enemies":"Shell Parasite","floor":18,"turns":7},{"damage":15,"enemies":"2 Thieves","floor":20,"turns":5},{"damage":0,"enemies":"Gremlin Leader","floor":24,"turns":6},{"damage":0,"enemies":"Snecko","floor":28,"turns":5},{"damage":0,"enemies":"Book of Stabbing","floor":30,"turns":6},{"damage":4,"enemies":"Colosseum Slavers","floor":31,"turns":5},{"damage":28,"enemies":"Collector","floor":33,"turns":17},{"damage":2,"enemies":"3 Shapes","floor":35,"turns":5},{"damage":1,"enemies":"Orb Walker","floor":36,"turns":3},{"damage":23,"enemies":"Writhing Mass","floor":38,"turns":6},{"damage":2,"enemies":"Nemesis","floor":40,"turns":7},{"damage":1,"enemies":"3 Darklings","floor":42,"turns":3},{"damage":5,"enemies":"Giant Head","floor":45,"turns":7},{"damage":23,"enemies":"Donu and Deca","floor":50,"turns":5}],"seed_played":"-5069722613985919353","potions_obtained":[{"floor":1,"key":"Swift Potion"},{"floor":7,"key":"Strength Potion"},{"floor":12,"key":"Ancient Potion"},{"floor":14,"key":"Ancient Potion"},{"floor":20,"key":"Dexterity Potion"},{"floor":30,"key":"PowerPotion"},{"floor":33,"key":"Explosive Potion"},{"floor":42,"key":"SkillPotion"}],"is_trial":false,"path_per_floor":["M","?","?","?","$","R","M","R","T","M","?","M","M","M","R","B",null,"M","?","M","?","?","R","E","R","T","$","M","$","E","?","R","B",null,"M","M","?","M","T","E","R","M","T","?","E","?","R","$","R","B",null],"character_chosen":"THE_SILENT","items_purchased":["Footwork","Chemical X","Shuriken"],"campfire_rested":3,"item_purchase_floors":[5,27,48],"current_hp_per_floor":[62,67,49,38,38,60,60,60,60,60,57,53,53,53,53,8,58,58,58,43,43,43,43,43,43,43,43,43,43,57,53,53,25,73,71,70,70,47,47,45,71,70,70,70,65,65,89,89,89,66],"gold":41,"neow_bonus":"ONE_RARE_RELIC","is_prod":false,"is_daily":false,"chose_seed":false,"campfire_upgraded":6,"win_rate":0,"timestamp":1544258454,"path_taken":["M","?","?","?","?","R","M","R","T","M","?","M","M","M","R","BOSS","M","?","M","?","?","R","E","R","T","$","?","?","E","?","R","BOSS","M","M","?","M","?","E","R","M","T","?","E","?","R","$","R","BOSS"],"build_version":"2018-12-06","purchased_purges":1,"victory":true,"max_hp_per_floor":[70,75,75,75,75,75,75,75,75,75,75,75,75,75,75,75,75,75,75,75,75,75,75,75,75,75,75,75,75,89,89,89,89,89,89,89,89,89,89,89,89,89,89,89,89,89,89,89,89,89],"card_choices":[{"not_picked":["Backflip","Poisoned Stab"],"picked":"Dash","floor":1},{"not_picked":["Outmaneuver","Backflip"],"picked":"Escape Plan","floor":7},{"not_picked":["PiercingWail","Underhanded Strike"],"picked":"Sucker Punch","floor":10},{"not_picked":["Underhanded Strike","Poisoned Stab"],"picked":"Predator","floor":12},{"not_picked":["Bullet Time","Masterful Stab"],"picked":"Deflect","floor":13},{"not_picked":["Predator","Skewer"],"picked":"Escape Plan","floor":14},{"not_picked":["Burst","Bullet Time"],"picked":"Malaise","floor":16},{"not_picked":["Poisoned Stab","Setup"],"picked":"Heel Hook+1","floor":18},{"not_picked":["Deflect","Tactician"],"picked":"Dash","floor":20},{"not_picked":["Outmaneuver","Flying Knee+1"],"picked":"Backflip","floor":24},{"not_picked":["Reflex+1","Poisoned Stab"],"picked":"Blade Dance+1","floor":28},{"not_picked":["Setup","Underhanded Strike"],"picked":"Dagger Throw","floor":28},{"not_picked":["Bane","Eviscerate"],"picked":"Unload","floor":30},{"not_picked":["Tools of the Trade","Phantasmal Killer"],"picked":"Malaise","floor":33},{"not_picked":["Riddle With Holes","Catalyst+1"],"picked":"Skewer+1","floor":35},{"not_picked":["Crippling Poison","Deflect+1"],"picked":"Terror+1","floor":35},{"not_picked":["Blade Dance","Slice"],"picked":"Calculated Gamble+1","floor":36},{"not_picked":["PiercingWail+1","Cloak And Dagger+1"],"picked":"Dodge and Roll+1","floor":36},{"not_picked":["Cloak And Dagger","Dagger Spray","PiercingWail+1"],"picked":"SKIP","floor":38},{"not_picked":["Dagger Spray+1","Endless Agony+1","Outmaneuver"],"picked":"SKIP","floor":38},{"not_picked":["Deadly Poison+1","Terror+1"],"picked":"Corpse Explosion","floor":40},{"not_picked":["Underhanded Strike+1","Quick Slash","Sucker Punch+1"],"picked":"SKIP","floor":42},{"not_picked":["Outmaneuver","Blade Dance","Riddle With Holes"],"picked":"SKIP","floor":42},{"not_picked":["Bullet Time","Dagger Throw+1"],"picked":"Noxious Fumes","floor":45}],"player_experience":365229,"relics_obtained":[{"floor":9,"key":"Letter Opener"},{"floor":24,"key":"Matryoshka"},{"floor":26,"key":"Centennial Puzzle"},{"floor":26,"key":"Prayer Wheel"},{"floor":30,"key":"Mango"},{"floor":39,"key":"Bottled Flame"},{"floor":39,"key":"Ancient Tea Set"},{"floor":40,"key":"Tingsha"},{"floor":43,"key":"Mercury Hourglass"},{"floor":45,"key":"Whetstone"}],"event_choices":[{"damage_healed":0,"gold_gain":0,"player_choice":"Donut","damage_taken":0,"max_hp_gain":5,"max_hp_loss":0,"event_name":"Big Fish","floor":2,"gold_loss":0},{"damage_healed":0,"gold_gain":0,"player_choice":"Take Damage","damage_taken":18,"relics_obtained":["Golden Idol"],"max_hp_gain":0,"max_hp_loss":0,"event_name":"Golden Idol","floor":3,"gold_loss":0},{"damage_healed":0,"gold_gain":75,"player_choice":"Gather Gold","damage_taken":11,"max_hp_gain":0,"max_hp_loss":0,"event_name":"World of Goop","floor":4,"gold_loss":0},{"damage_healed":0,"gold_gain":0,"player_choice":"Success","damage_taken":3,"relics_obtained":["PreservedInsect"],"max_hp_gain":0,"max_hp_loss":0,"event_name":"Scrap Ooze","floor":11,"gold_loss":0},{"damage_healed":0,"gold_gain":0,"player_choice":"Opened","damage_taken":0,"relics_obtained":["Tiny Chest"],"max_hp_gain":0,"max_hp_loss":0,"event_name":"The Mausoleum","floor":19,"gold_loss":0,"cards_obtained":["Writhe"]},{"damage_healed":0,"gold_gain":0,"player_choice":"Obtained Relic","damage_taken":0,"relics_obtained":["Kunai"],"max_hp_gain":0,"max_hp_loss":0,"event_name":"Addict","floor":21,"gold_loss":85},{"damage_healed":0,"gold_gain":0,"cards_transformed":["Defend_G"],"player_choice":"Transformed","damage_taken":0,"max_hp_gain":0,"max_hp_loss":0,"event_name":"Transmorgrifier","floor":22,"gold_loss":0,"cards_obtained":["Masterful Stab"]},{"damage_healed":0,"gold_gain":0,"player_choice":"Fight","damage_taken":0,"max_hp_gain":0,"max_hp_loss":0,"event_name":"Colosseum","floor":31,"gold_loss":0},{"damage_healed":0,"gold_gain":0,"player_choice":"Fled From Nobs","damage_taken":0,"max_hp_gain":0,"max_hp_loss":0,"event_name":"Colosseum","floor":31,"gold_loss":0},{"damage_healed":0,"gold_gain":0,"player_choice":"Ignored","damage_taken":0,"max_hp_gain":0,"max_hp_loss":0,"event_name":"Tomb of Lord Red Mask","floor":37,"gold_loss":0},{"cards_removed":["Heel Hook"],"damage_healed":0,"gold_gain":0,"player_choice":"Removed Attack","damage_taken":0,"max_hp_gain":0,"max_hp_loss":0,"event_name":"Falling","floor":44,"gold_loss":0},{"cards_removed":["Pain"],"damage_healed":0,"gold_gain":0,"player_choice":"Upgrade and Remove","damage_taken":0,"max_hp_gain":0,"max_hp_loss":0,"event_name":"Designer","floor":46,"gold_loss":90,"cards_upgraded":["Strike_G"]}],"is_beta":false,"boss_relics":[{"not_picked":["Runic Pyramid","Snecko Eye"],"picked":"Cursed Key"},{"not_picked":["Black Star","Velvet Choker"],"picked":"Ring of the Serpent"}],"items_purged_floors":[27],"is_endless":false,"potions_floor_spawned":[1,7,12,14,16,20,30,33,42],"ascension_level":6}