{"gold_per_floor":[115,132,146,162,162,194,194,194,194,222,222,240,240,254,254,349,349,259,184,184,196,121,148,148,160,160,175,175,190,200,200],"floor_reached":31,"playtime":1552,"items_purged":["Strike_B"],"score":401,"play_id":"4c1c8dad-8f17-4920-bd55-ae45117af542","local_time":"20181225181455","is_ascension_mode":true,"campfire_choices":[{"data":"Fission","floor":7,"key":"SMITH"},{"floor":11,"key":"DIG"},{"floor":13,"key":"DIG"},{"floor":15,"key":"DIG"},{"floor":24,"key":"REST"}],"neow_cost":"NONE","seed_source_timestamp":173030073312181,"circlet_count":0,"master_deck":["AscendersBane","Defend_B","Defend_B","Defend_B","Zap","Dualcast","Fission+1","Chaos","Cold Snap","Chill","Streamline","Biased Cognition","Blizzard","Capacitor","Static Discharge","Echo Form","Consume+1","Rebound+1","Buffer+1","Coolheaded","Melter+1","Fission","White Noise","Capacitor","Ball Lightning+1"],"relics":["Cracked Core","Pantograph","Shovel","Turnip","Meat on the Bone","FossilizedHelix","DataDisk","Astrolabe","Anchor","Question Card"],"potions_floor_usage":[10,14,31],"damage_taken":[{"damage":1,"enemies":"Cultist","floor":1,"turns":3},{"damage":10,"enemies":"Jaw Worm","floor":2,"turns":6},{"damage":0,"enemies":"Small Slimes","floor":3,"turns":2},{"damage":7,"enemies":"2 Fungi Beasts","floor":4,"turns":3},{"damage":22,"enemies":"3 Sentries","floor":6,"turns":8},{"damage":25,"enemies":"Gremlin Nob","floor":10,"turns":5},{"damage":1,"enemies":"Exordium Wildlife","floor":12,"turns":3},{"damage":10,"enemies":"Large Slime","floor":14,"turns":6},{"damage":35,"enemies":"The Guardian","floor":16,"turns":10},{"damage":11,"enemies":"2 Thieves","floor":18,"turns":5},{"damage":5,"enemies":"Shell Parasite","floor":21,"turns":6},{"damage":39,"enemies":"Gremlin Leader","floor":23,"turns":7},{"damage":10,"enemies":"3 Cultists","floor":25,"turns":5},{"damage":0,"enemies":"Snecko","floor":27,"turns":7},{"damage":0,"enemies":"Centurion and Healer","floor":29,"turns":9},{"damage":37,"enemies":"3 Cultists","floor":30,"turns":7},{"damage":24,"enemies":"Slavers","floor":31,"turns":2}],"seed_played":"6352076025167016066","potions_obtained":[{"floor":2,"key":"LiquidBronze"},{"floor":3,"key":"Ancient Potion"},{"floor":4,"key":"Block Potion"},{"floor":12,"key":"Explosive Potion"},{"floor":14,"key":"FearPotion"},{"floor":27,"key":"Swift Potion"}],"is_trial":false,"path_per_floor":["M","M","M","M","?","E","R","?","T","E","R","M","R","M","R","B",null,"M","$","?","M","?","E","R","M","T","M","?","M","M","E"],"character_chosen":"DEFECT","items_purchased":[],"campfire_rested":1,"item_purchase_floors":[],"current_hp_per_floor":[67,57,57,50,50,28,28,53,53,28,28,39,39,41,41,43,67,56,56,42,49,49,22,46,48,48,48,48,48,23,0],"gold":200,"neow_bonus":"ONE_RANDOM_RARE_CARD","is_prod":false,"is_daily":false,"chose_seed":false,"campfire_upgraded":1,"win_rate":0,"timestamp":1545779695,"path_taken":["M","M","?","M","?","E","R","?","T","E","R","M","R","M","R","BOSS","M","$","?","M","?","E","R","M","T","M","?","M","?","E"],"build_version":"2018-12-20","purchased_purges":1,"victory":false,"max_hp_per_floor":[75,75,75,75,75,75,75,75,75,75,75,75,75,75,75,75,75,75,75,80,80,80,80,80,80,80,80,80,80,80,80],"card_choices":[{"not_picked":["Go for the Eyes","Beam Cell"],"picked":"Chaos","floor":1},{"not_picked":["Rebound","Chill"],"picked":"Cold Snap","floor":2},{"not_picked":["Hologram","Ball Lightning"],"picked":"Chill","floor":3},{"not_picked":["Gash","Sweeping Beam"],"picked":"Streamline","floor":4},{"not_picked":["Streamline","Skim"],"picked":"Biased Cognition","floor":6},{"not_picked":["Go for the Eyes","Hello World"],"picked":"Blizzard","floor":10},{"not_picked":["Glacier","Darkness"],"picked":"Capacitor","floor":12},{"not_picked":["Stack","Gash"],"picked":"Static Discharge","floor":14},{"not_picked":["All For One","Amplify"],"picked":"Echo Form","floor":16},{"not_picked":["Streamline","Blizzard","Redo"],"picked":"SKIP","floor":18},{"not_picked":["Chill","Lockon"],"picked":"Coolheaded","floor":21},{"not_picked":["Compile Driver","Streamline"],"picked":"Melter+1","floor":23},{"not_picked":["Compile Driver","Redo"],"picked":"Fission","floor":25},{"not_picked":["Fusion","Beam Cell","Stack+1"],"picked":"White Noise","floor":27},{"not_picked":["Rebound","Streamline","Melter+1"],"picked":"Capacitor","floor":29},{"not_picked":["Go for the Eyes","Scrape+1","Beam Cell"],"picked":"Ball Lightning+1","floor":30}],"player_experience":435427,"relics_obtained":[{"floor":6,"key":"Pantograph"},{"floor":9,"key":"Shovel"},{"floor":10,"key":"Turnip"},{"floor":11,"key":"Meat on the Bone"},{"floor":13,"key":"FossilizedHelix"},{"floor":15,"key":"DataDisk"},{"floor":23,"key":"Anchor"},{"floor":26,"key":"Question Card"}],"event_choices":[{"damage_healed":0,"gold_gain":0,"player_choice":"Ignored","damage_taken":0,"max_hp_gain":0,"max_hp_loss":0,"event_name":"Liars Game","floor":5,"gold_loss":0},{"damage_healed":25,"gold_gain":0,"player_choice":"Banana","damage_taken":0,"max_hp_gain":0,"max_hp_loss":0,"event_name":"Big Fish","floor":8,"gold_loss":0},{"damage_healed":0,"gold_gain":0,"player_choice":"Shed Blood","damage_taken":19,"max_hp_gain":5,"max_hp_loss":0,"event_name":"Forgotten Altar","floor":20,"gold_loss":0},{"cards_removed":["Defend_B"],"damage_healed":0,"gold_gain":0,"player_choice":"Gave Gold","damage_taken":0,"max_hp_gain":0,"max_hp_loss":0,"event_name":"Beggar","floor":22,"gold_loss":75},{"damage_healed":0,"gold_gain":0,"player_choice":"Ignored","damage_taken":0,"max_hp_gain":0,"max_hp_loss":0,"event_name":"N\u0027loth","floor":28,"gold_loss":0}],"is_beta":false,"boss_relics":[{"not_picked":["Busted Crown","Runic Pyramid"],"picked":"Astrolabe"}],"items_purged_floors":[19],"is_endless":false,"potions_floor_spawned":[2,3,4,12,14,27,29,30],"killed_by":"Slavers","ascension_level":10}