{"gold_per_floor":[117,127,202,219,75,75,104,104,104,139,139,139,127,137,137,234,234,247,267,279,299,5,5],"floor_reached":23,"playtime":2928,"items_purged":[],"score":203,"play_id":"759f5cf2-90d0-4001-b489-ccded5cc8f4a","local_time":"20190208162624","is_ascension_mode":false,"campfire_choices":[{"data":"Coolheaded","floor":6,"key":"SMITH"},{"data":"Defragment","floor":12,"key":"SMITH"},{"data":"Double Energy","floor":15,"key":"SMITH"}],"neow_cost":"NONE","seed_source_timestamp":57918180818918,"circlet_count":0,"master_deck":["Strike_B","Strike_B","Strike_B","Defend_B","Defend_B","Defend_B","Defend_B","Zap","Dualcast","Glacier","Coolheaded+1","Double Energy+1","Defragment+1","Hello World","White Noise","Redo","Rainbow","Fusion"],"relics":["FrozenCore","Blood Vial","Ice Cream","Meat on the Bone","Torii","Anchor","Lantern"],"potions_floor_usage":[7,20,20,23],"damage_taken":[{"damage":2,"enemies":"Small Slimes","floor":1,"turns":3},{"damage":0,"enemies":"Cultist","floor":2,"turns":5},{"damage":0,"enemies":"2 Louse","floor":4,"turns":4},{"damage":14,"enemies":"Gremlin Nob","floor":7,"turns":4},{"damage":8,"enemies":"Lagavulin","floor":10,"turns":11},{"damage":0,"enemies":"Exordium Thugs","floor":13,"turns":5},{"damage":0,"enemies":"Gremlin Gang","floor":14,"turns":7},{"damage":6,"enemies":"The Guardian","floor":16,"turns":14},{"damage":0,"enemies":"Spheric Guardian","floor":18,"turns":7},{"damage":1,"enemies":"Chosen","floor":19,"turns":5},{"damage":78,"enemies":"3 Cultists","floor":20,"turns":11},{"damage":12,"enemies":"Snake Plant","floor":21,"turns":5},{"damage":20,"enemies":"Book of Stabbing","floor":23,"turns":11}],"seed_played":"1857398284365484490","potions_obtained":[{"floor":1,"key":"Poison Potion"},{"floor":2,"key":"Energy Potion"},{"floor":14,"key":"GamblersBrew"},{"floor":18,"key":"Swift Potion"},{"floor":19,"key":"Block Potion"}],"is_trial":false,"path_per_floor":["?","M","?","$","M","M"],"character_chosen":"DEFECT","items_purchased":["Blood Vial","Anchor","Lantern"],"campfire_rested":0,"item_purchase_floors":[5,22,22],"current_hp_per_floor":[80,80,72,72,72,72,60,60,60,54,54,54,56,58,58,54,82,82,81,16,18,18,0],"gold":5,"neow_bonus":"TEN_PERCENT_HP_BONUS","is_prod":false,"is_daily":false,"chose_seed":false,"campfire_upgraded":3,"win_rate":0.0,"timestamp":1549639584,"path_taken":["M","M","?","?","$","R","E","?","T","E","?","R","M","M","R","BOSS","M","?","?","M","$","E"],"build_version":"2019-01-23","purchased_purges":0,"victory":false,"max_hp_per_floor":[82,82,82,82,82,82,82,82,82,82,82,82,82,82,82,82,82,82,82,82,82,82,82],"card_choices":[{"not_picked":["Self Repair","Blizzard"],"picked":"Glacier","floor":1},{"not_picked":["Leap","Gash"],"picked":"Coolheaded","floor":2},{"not_picked":["Chill","Melter"],"picked":"Double Energy","floor":4},{"not_picked":["Redo","Streamline"],"picked":"Defragment","floor":7},{"not_picked":["Auto Shields","Thunder Strike"],"picked":"Hello World","floor":10},{"not_picked":["Go for the Eyes","Static Discharge"],"picked":"White Noise","floor":13},{"not_picked":["Beam Cell","Chaos"],"picked":"Redo","floor":14},{"not_picked":["Creative AI","Electrodynamics"],"picked":"Rainbow","floor":16},{"not_picked":["Hologram","Gash","Redo"],"picked":"SKIP","floor":18},{"not_picked":["Compile Driver","Steam","Beam Cell"],"picked":"SKIP","floor":19},{"not_picked":["Redo","Consume","Steam+1"],"picked":"SKIP","floor":20},{"not_picked":["Self Repair","White Noise"],"picked":"Fusion","floor":21}],"player_experience":47222,"relics_obtained":[{"floor":7,"key":"Ice Cream"},{"floor":9,"key":"Meat on the Bone"},{"floor":10,"key":"Torii"}],"event_choices":[{"damage_healed":0,"gold_gain":75,"player_choice":"Touch","damage_taken":8,"max_hp_gain":0,"max_hp_loss":0,"event_name":"FaceTrader","floor":3,"gold_loss":0},{"cards_removed":["Strike_B"],"damage_healed":0,"gold_gain":0,"player_choice":"Offered Basic","damage_taken":0,"max_hp_gain":0,"max_hp_loss":0,"event_name":"Bonfire Elementals","floor":8,"gold_loss":0}],"is_beta":false,"boss_relics":[{"not_picked":["Snecko Eye","Cursed Key"],"picked":"FrozenCore"}],"items_purged_floors":[],"is_endless":false,"potions_floor_spawned":[1,2,14,18,19],"killed_by":"Book of Stabbing","ascension_level":0}