{"gold_per_floor":[366,336,31,44,44,44,64,42,42,42,67,67,67,100,100,100],"floor_reached":16,"playtime":625,"items_purged":[],"score":164,"play_id":"809145d0-1cbd-4eb7-a131-7b3c25cc0301","local_time":"20190102234059","is_ascension_mode":true,"campfire_choices":[{"floor":6,"key":"REST"},{"floor":10,"key":"REST"},{"data":"Noxious Fumes","floor":13,"key":"SMITH"},{"data":"Footwork","floor":15,"key":"SMITH"}],"neow_cost":"PERCENT_DAMAGE","seed_source_timestamp":884736465761471,"circlet_count":0,"master_deck":["AscendersBane","Defend_G+1","Defend_G","Defend_G","Defend_G","Defend_G","Strike_G","Strike_G","Strike_G","Strike_G","Strike_G+1","Survivor","Neutralize","Backflip","Sucker Punch","Noxious Fumes+1","Slice","Footwork+1","Dash"],"relics":["Ring of the Snake","Unceasing Top","Bird Faced Urn","Juzu Bracelet","Gremlin Horn"],"potions_floor_usage":[11,14,16],"damage_taken":[{"damage":0,"enemies":"Small Slimes","floor":1,"turns":4},{"damage":4,"enemies":"Cultist","floor":4,"turns":4},{"damage":1,"enemies":"2 Louse","floor":7,"turns":3},{"damage":5,"enemies":"3 Sentries","floor":11,"turns":6},{"damage":20,"enemies":"Gremlin Nob","floor":14,"turns":5},{"damage":57,"enemies":"Slime Boss","floor":16,"turns":6}],"seed_played":"6037107935062310001","potions_obtained":[{"floor":2,"key":"FearPotion"},{"floor":2,"key":"SkillPotion"},{"floor":11,"key":"Poison Potion"}],"is_trial":false,"path_per_floor":["M","?","$","M","?","R","M","$","T","R","E","?","R","E","R","B"],"character_chosen":"THE_SILENT","items_purchased":["Unceasing Top","Slice"],"campfire_rested":2,"item_purchase_floors":[3,8],"current_hp_per_floor":[45,45,45,41,27,48,47,47,47,68,65,65,65,49,49,0],"gold":100,"neow_bonus":"TWO_FIFTY_GOLD","is_prod":false,"is_daily":false,"chose_seed":false,"campfire_upgraded":2,"win_rate":0,"timestamp":1546490459,"path_taken":["M","?","?","M","?","R","M","$","T","R","E","?","R","E","R","BOSS"],"build_version":"2018-12-20","purchased_purges":0,"victory":false,"max_hp_per_floor":[70,70,70,70,70,70,70,70,70,70,70,70,70,70,70,70],"card_choices":[{"not_picked":["Quick Slash","Deadly Poison"],"picked":"Backflip","floor":1},{"not_picked":["Blade Dance","Dagger Throw"],"picked":"Sucker Punch","floor":4},{"not_picked":["Quick Slash","Dash"],"picked":"Noxious Fumes","floor":7},{"not_picked":["Blur","Tools of the Trade"],"picked":"Footwork","floor":11},{"not_picked":["Calculated Gamble","Expertise"],"picked":"Dash","floor":14}],"player_experience":450639,"relics_obtained":[{"floor":9,"key":"Bird Faced Urn"},{"floor":11,"key":"Juzu Bracelet"},{"floor":14,"key":"Gremlin Horn"}],"event_choices":[{"damage_healed":0,"gold_gain":0,"player_choice":"Bought 2 Potions","damage_taken":0,"max_hp_gain":0,"max_hp_loss":0,"event_name":"The Woman in Blue","floor":2,"gold_loss":0},{"damage_healed":0,"gold_gain":0,"player_choice":"Entered Light","damage_taken":14,"max_hp_gain":0,"max_hp_loss":0,"event_name":"Shining Light","floor":5,"gold_loss":0,"cards_upgraded":["Strike_G","Defend_G"]},{"damage_healed":0,"gold_gain":0,"player_choice":"0 cards matched","damage_taken":0,"max_hp_gain":0,"max_hp_loss":0,"event_name":"Match and Keep!","floor":12,"gold_loss":0,"cards_obtained":[]}],"is_beta":false,"boss_relics":[],"items_purged_floors":[],"is_endless":false,"potions_floor_spawned":[11],"killed_by":"Slime Boss","ascension_level":11}