{"gold_per_floor":[116,116,129,129,139,139,171,171,224,224,237,265,281,300,300,379,379,391,404,54,69,85,85,111,121,121,136,155,70,70,105,105,182,182,199,199,199,199,199,199,212,68,115,147,13,41,41,55,55,55],"floor_reached":51,"playtime":2379,"items_purged":["Strike_B","Strike_B"],"score":1573,"play_id":"f2e5e824-615c-4dee-a433-19cbff76bbf6","local_time":"20190209205521","is_ascension_mode":true,"campfire_choices":[{"data":"Machine Learning","floor":6.0,"key":"SMITH"},{"floor":10.0,"key":"REST"},{"floor":15.0,"key":"REST"},{"data":"Defragment","floor":23.0,"key":"SMITH"},{"floor":32.0,"key":"REST"},{"data":"Machine Learning","floor":40.0,"key":"SMITH"},{"floor":49.0,"key":"REST"}],"neow_cost":"NONE","seed_source_timestamp":2514332408883014,"circlet_count":0,"master_deck":["AscendersBane","Strike_B","Defend_B+1","Defend_B","Defend_B","Defend_B","Zap+1","Dualcast+1","Machine Learning+1","Go for the Eyes","Defragment+1","Ball Lightning","Redo","Loop","Reboot","Chaos","Coolheaded","Electrodynamics","Redo+1","Undo","Defragment","Cold Snap","Defragment","Skim+1","Coolheaded","Loop","Machine Learning+1","Defragment","Undo","Steam"],"special_seed":0,"relics":["Cracked Core","CultistMask","Pen Nib","Lantern","Thread and Needle","Cursed Key","Orichalcum","Omamori","Strawberry","Regal Pillow","Art of War","Busted Crown","Bronze Scales","Prayer Wheel","DataDisk"],"potions_floor_usage":[50,50],"damage_taken":[{"damage":9.0,"enemies":"Jaw Worm","floor":1.0,"turns":3.0},{"damage":0.0,"enemies":"Cultist","floor":3.0,"turns":3.0},{"damage":0.0,"enemies":"Small Slimes","floor":5.0,"turns":3.0},{"damage":20.0,"enemies":"Lagavulin","floor":7.0,"turns":5.0},{"damage":0.0,"enemies":"2 Fungi Beasts","floor":11.0,"turns":2.0},{"damage":26.0,"enemies":"Gremlin Nob","floor":12.0,"turns":4.0},{"damage":0.0,"enemies":"3 Louse","floor":13.0,"turns":3.0},{"damage":0.0,"enemies":"Blue Slaver","floor":14.0,"turns":3.0},{"damage":0.0,"enemies":"Hexaghost","floor":16.0,"turns":10.0},{"damage":1.0,"enemies":"Shell Parasite","floor":18.0,"turns":5.0},{"damage":4.0,"enemies":"Spheric Guardian","floor":19.0,"turns":3.0},{"damage":3.0,"enemies":"Shelled Parasite and Fungi","floor":21.0,"turns":5.0},{"damage":3.0,"enemies":"Snecko","floor":22.0,"turns":5.0},{"damage":11.0,"enemies":"Slavers","floor":24.0,"turns":4.0},{"damage":1.0,"enemies":"Chosen and Byrds","floor":25.0,"turns":3.0},{"damage":0.0,"enemies":"Centurion and Healer","floor":27.0,"turns":5.0},{"damage":2.0,"enemies":"Shelled Parasite and Fungi","floor":28.0,"turns":5.0},{"damage":6.0,"enemies":"Book of Stabbing","floor":31.0,"turns":6.0},{"damage":0.0,"enemies":"Automaton","floor":33.0,"turns":9.0},{"damage":12.0,"enemies":"3 Darklings","floor":35.0,"turns":3.0},{"damage":0.0,"enemies":"3 Shapes","floor":41.0,"turns":3.0},{"damage":41.0,"enemies":"Reptomancer","floor":44.0,"turns":6.0},{"damage":0.0,"enemies":"Nemesis","floor":46.0,"turns":8.0},{"damage":0.0,"enemies":"Spire Growth","floor":48.0,"turns":5.0},{"damage":33,"enemies":"Time Eater","floor":50,"turns":11}],"seed_played":"-3116628471960325048","potions_obtained":[{"floor":5.0,"key":"FocusPotion"},{"floor":7.0,"key":"Explosive Potion"},{"floor":11.0,"key":"Energy Potion"},{"floor":12.0,"key":"SkillPotion"},{"floor":19.0,"key":"Weak Potion"},{"floor":25.0,"key":"EssenceOfSteel"},{"floor":27.0,"key":"LiquidBronze"},{"floor":33.0,"key":"Strength Potion"},{"floor":46.0,"key":"Dexterity Potion"}],"is_trial":false,"path_per_floor":["M","?","M","?","M","R","E","?","T","R","M","E","M","M","R","B",null,"M","M","$","M","M","R","E","M","T","M","M","?","?","E","R","B",null,"M","?","$","?","?","R","M","$","T","E","$","E","?","M","R","B",null],"character_chosen":"DEFECT","items_purchased":["Defragment","Cold Snap","Orichalcum","Defragment","Undo","Steam"],"campfire_rested":4,"item_purchase_floors":[20,20,20,42,45,45],"current_hp_per_floor":[55,55,55,55,55,55,35,14,14,35,35,9,9,9,30,30,61,60,56,56,53,50,50,39,38,45,45,43,43,21,15,54,54,76,64,64,64,64,64,64,64,64,64,23,23,23,23,23,61,28],"gold":55,"neow_bonus":"ONE_RANDOM_RARE_CARD","is_prod":false,"is_daily":false,"chose_seed":false,"campfire_upgraded":3,"win_rate":0,"timestamp":1549763721,"path_taken":["M","?","?","?","?","R","E","?","T","R","M","E","M","M","R","BOSS","M","M","$","M","M","R","E","M","T","M","M","?","?","E","R","BOSS","M","?","$","?","?","R","?","$","T","E","?","E","?","M","R","BOSS"],"build_version":"2019-01-23","purchased_purges":2,"victory":true,"max_hp_per_floor":[71,71,71,71,71,71,71,71,71,71,71,71,71,71,71,71,71,71,71,71,71,71,71,71,71,78,78,78,78,83,83,83,83,83,83,83,83,79,79,79,79,79,79,79,79,79,79,79,79,79],"card_choices":[{"not_picked":["Ball Lightning","Beam Cell"],"picked":"Go for the Eyes","floor":1.0},{"not_picked":["Chaos","Sunder"],"picked":"Defragment","floor":3.0},{"not_picked":["Stack","Blizzard"],"picked":"Ball Lightning","floor":5.0},{"not_picked":["Sweeping Beam","Streamline"],"picked":"Redo","floor":7.0},{"not_picked":["Redo","Darkness"],"picked":"Loop","floor":11.0},{"not_picked":["Stack","Fusion"],"picked":"Reboot","floor":12.0},{"not_picked":["Sweeping Beam","Blizzard"],"picked":"Chaos","floor":13.0},{"not_picked":["Compile Driver","Undo"],"picked":"Coolheaded","floor":14.0},{"not_picked":["All For One","Meteor Strike"],"picked":"Electrodynamics","floor":16.0},{"not_picked":["Leap","Go for the Eyes"],"picked":"Redo+1","floor":18.0},{"not_picked":["Force Field","Go for the Eyes+1"],"picked":"Undo","floor":19.0},{"not_picked":["Tempest+1","Storm"],"picked":"Defragment","floor":21.0},{"not_picked":["Hologram+1","Fusion"],"picked":"Skim+1","floor":22.0},{"not_picked":["Gash+1","Genetic Algorithm"],"picked":"Coolheaded","floor":24.0},{"not_picked":["Blizzard","Rebound","Stack"],"picked":"SKIP","floor":25.0},{"not_picked":["Melter","Hello World","Genetic Algorithm"],"picked":"SKIP","floor":27.0},{"not_picked":["Rebound","Steam","Go for the Eyes"],"picked":"SKIP","floor":28.0},{"not_picked":["Hologram","Go for the Eyes"],"picked":"Loop","floor":31.0},{"not_picked":["Core Surge","Hyperbeam"],"picked":"Machine Learning","floor":33.0},{"not_picked":["Consume"],"picked":"SKIP","floor":35.0},{"not_picked":["Turbo"],"picked":"SKIP","floor":41.0},{"not_picked":["Darkness"],"picked":"SKIP","floor":44.0},{"not_picked":["Gash"],"picked":"SKIP","floor":46.0},{"not_picked":["Ball Lightning+1"],"picked":"SKIP","floor":48.0},{"not_picked":["Self Repair"],"picked":"SKIP","floor":48.0}],"player_experience":549672,"relics_obtained":[{"floor":7.0,"key":"Pen Nib"},{"floor":9.0,"key":"Lantern"},{"floor":12.0,"key":"Thread and Needle"},{"floor":24.0,"key":"Omamori"},{"floor":26.0,"key":"Strawberry"},{"floor":31.0,"key":"Art of War"},{"floor":43.0,"key":"Bronze Scales"},{"floor":44.0,"key":"Prayer Wheel"},{"floor":46.0,"key":"DataDisk"}],"event_choices":[{"damage_healed":0.0,"max_hp_gain":0.0,"max_hp_loss":0.0,"gold_gain":0.0,"event_name":"Upgrade Shrine","player_choice":"Upgraded","floor":2.0,"gold_loss":0.0,"damage_taken":0.0,"cards_upgraded":["Zap"]},{"damage_healed":0.0,"max_hp_gain":0.0,"max_hp_loss":0.0,"gold_gain":0.0,"event_name":"FaceTrader","player_choice":"Trade","floor":4.0,"gold_loss":0.0,"damage_taken":0.0,"relics_obtained":["CultistMask"]},{"damage_healed":0.0,"max_hp_gain":0.0,"max_hp_loss":0.0,"gold_gain":0.0,"event_name":"Shining Light","player_choice":"Entered Light","floor":8.0,"gold_loss":0.0,"damage_taken":21.0,"cards_upgraded":["Defend_B","Dualcast"]},{"damage_healed":0.0,"max_hp_gain":0.0,"max_hp_loss":0.0,"gold_gain":0.0,"event_name":"Addict","player_choice":"Obtained Relic","floor":29.0,"gold_loss":85.0,"damage_taken":0.0,"relics_obtained":["Regal Pillow"]},{"damage_healed":0.0,"max_hp_gain":5.0,"max_hp_loss":0.0,"gold_gain":0.0,"event_name":"Forgotten Altar","player_choice":"Shed Blood","floor":30.0,"gold_loss":0.0,"damage_taken":27.0},{"damage_healed":0.0,"max_hp_gain":0.0,"max_hp_loss":0.0,"gold_gain":0.0,"event_name":"SensoryStone","player_choice":"Memory 1","floor":36.0,"gold_loss":0.0,"damage_taken":0.0},{"damage_healed":0.0,"max_hp_gain":0.0,"max_hp_loss":4.0,"gold_gain":0.0,"event_name":"Winding Halls","player_choice":"Max HP","floor":38.0,"gold_loss":0.0,"damage_taken":0.0},{"damage_healed":0.0,"max_hp_gain":0.0,"max_hp_loss":0.0,"gold_gain":0.0,"event_name":"Mysterious Sphere","player_choice":"Ignored","floor":39.0,"gold_loss":0.0,"damage_taken":0.0},{"cards_removed":["Strike_B"],"damage_healed":0.0,"max_hp_gain":0.0,"max_hp_loss":0.0,"gold_gain":0.0,"event_name":"Purifier","player_choice":"Purged","floor":47.0,"gold_loss":0.0,"damage_taken":0.0}],"is_beta":false,"boss_relics":[{"not_picked":["Orrery","Nuclear Battery"],"picked":"Cursed Key"},{"not_picked":["Empty Cage","Sozu"],"picked":"Busted Crown"}],"items_purged_floors":[20,42],"is_endless":false,"potions_floor_spawned":[5,7,11,12,19,22,25,27,33,44,46],"ascension_level":16}