{"gold_per_floor":[109,109,124,55,70,99,99,129,129,111,111,131,131],"floor_reached":13,"playtime":906,"items_purged":[],"score":106,"play_id":"7c991350-6c3e-4bf5-ad66-02fb6b4a1273","local_time":"20181208182203","is_ascension_mode":true,"campfire_choices":[{"floor":7,"key":"REST"}],"neow_cost":"NONE","seed_source_timestamp":1732621148001300,"circlet_count":0,"master_deck":["Strike_R","Strike_R","Strike_R","Strike_R","Defend_R","Defend_R","Defend_R","Defend_R+1","Bash","Ghostly Armor","Flame Barrier","Armaments","Cleave","Spot Weakness","Reaper"],"relics":["Burning Blood","Mummified Hand"],"potions_floor_usage":[6,13],"damage_taken":[{"damage":1,"enemies":"Cultist","floor":1,"turns":3},{"damage":15,"enemies":"Jaw Worm","floor":3,"turns":6},{"damage":0,"enemies":"2 Louse","floor":5,"turns":3},{"damage":67,"enemies":"Lagavulin","floor":6,"turns":12},{"damage":26,"enemies":"Exordium Thugs","floor":10,"turns":6},{"damage":7,"enemies":"3 Louse","floor":12,"turns":6},{"damage":52,"enemies":"Gremlin Nob","floor":13,"turns":5}],"seed_played":"-6239433035574249252","potions_obtained":[{"floor":5,"key":"Swift Potion"},{"floor":12,"key":"Dexterity Potion"}],"is_trial":false,"path_per_floor":["M","?","M","$","M","E","R","?","T","M","?","M","E"],"character_chosen":"IRONCLAD","items_purchased":["Armaments","Cleave"],"campfire_rested":1,"item_purchase_floors":[4,4],"current_hp_per_floor":[80,80,71,71,77,16,40,40,40,37,37,42,0],"gold":131,"neow_bonus":"UPGRADE_CARD","is_prod":false,"is_daily":false,"chose_seed":false,"campfire_upgraded":0,"win_rate":0,"timestamp":1544289723,"path_taken":["M","?","M","$","?","E","R","?","T","M","?","M","E"],"build_version":"2018-12-06","purchased_purges":0,"victory":false,"max_hp_per_floor":[80,80,80,80,80,80,80,80,80,80,80,80,80],"card_choices":[{"not_picked":["Anger","Havoc"],"picked":"Ghostly Armor","floor":1},{"not_picked":["Body Slam","Second Wind"],"picked":"Flame Barrier","floor":3},{"not_picked":["Bloodletting","Whirlwind"],"picked":"Spot Weakness","floor":5},{"not_picked":["Shrug It Off","Rampage"],"picked":"Reaper","floor":6},{"not_picked":["Armaments","Wild Strike","Evolve"],"picked":"SKIP","floor":10},{"not_picked":["Burning Pact","Sword Boomerang","Body Slam"],"picked":"SKIP","floor":12}],"player_experience":788706,"relics_obtained":[{"floor":6,"key":"Mummified Hand"}],"event_choices":[{"cards_removed":["Strike_R"],"damage_healed":0,"gold_gain":0,"player_choice":"Purged","damage_taken":0,"max_hp_gain":0,"max_hp_loss":0,"event_name":"Purifier","floor":2,"gold_loss":0},{"damage_healed":0,"gold_gain":30,"player_choice":"Searched \u00271\u0027 times","damage_taken":0,"max_hp_gain":0,"max_hp_loss":0,"event_name":"Dead Adventurer","floor":8,"gold_loss":0},{"damage_healed":0,"gold_gain":0,"player_choice":"Bought 0 Potions","damage_taken":0,"max_hp_gain":0,"max_hp_loss":0,"event_name":"The Woman in Blue","floor":11,"gold_loss":0}],"is_beta":false,"boss_relics":[],"items_purged_floors":[],"is_endless":false,"potions_floor_spawned":[5,12],"killed_by":"Gremlin Nob","ascension_level":5}