{"gold_per_floor":[113,113,131,56,56,91,91,108,108,108],"floor_reached":10,"playtime":461,"items_purged":["Strike_R"],"score":116,"play_id":"f16df6a4-11fd-4107-99e0-fde61b213740","local_time":"20190118103627","is_ascension_mode":true,"campfire_choices":[{"data":"Heavy Blade","floor":7,"key":"SMITH"}],"neow_cost":"NONE","seed_source_timestamp":777733233768942,"circlet_count":0,"master_deck":["AscendersBane","Strike_R","Strike_R","Strike_R","Defend_R","Defend_R","Defend_R","Defend_R","Bash","Inflame","True Grit","Shrug It Off","Heavy Blade+1"],"relics":["Burning Blood","Bird Faced Urn","Turnip"],"potions_floor_usage":[3,6],"damage_taken":[{"damage":7,"enemies":"Jaw Worm","floor":1,"turns":3},{"damage":9,"enemies":"Cultist","floor":3,"turns":5},{"damage":23,"enemies":"3 Sentries","floor":6,"turns":8},{"damage":0,"enemies":"2 Louse","floor":8,"turns":3},{"damage":52,"enemies":"Gremlin Nob","floor":10,"turns":4}],"seed_played":"-5915603256368763643","potions_obtained":[{"floor":1,"key":"Block Potion"},{"floor":3,"key":"AttackPotion"},{"floor":8,"key":"LiquidBronze"}],"is_trial":false,"path_per_floor":["M","?","M","$","?","E","R","M","T","E"],"character_chosen":"IRONCLAD","items_purchased":[],"campfire_rested":0,"item_purchase_floors":[],"current_hp_per_floor":[67,56,53,53,53,36,36,44,44,0],"gold":108,"neow_bonus":"TRANSFORM_CARD","is_prod":false,"is_daily":false,"chose_seed":false,"campfire_upgraded":1,"win_rate":0,"timestamp":1547807787,"path_taken":["M","?","?","$","?","E","R","M","T","E"],"build_version":"2019-01-17","purchased_purges":1,"victory":false,"max_hp_per_floor":[75,75,75,75,75,75,75,75,75,75],"card_choices":[{"not_picked":["Combust","Thunderclap"],"picked":"True Grit","floor":1},{"not_picked":["Twin Strike","True Grit"],"picked":"Shrug It Off","floor":3},{"not_picked":["Pommel Strike","Havoc"],"picked":"Heavy Blade","floor":6},{"not_picked":["Wild Strike","Iron Wave","Heavy Blade"],"picked":"SKIP","floor":8}],"player_experience":1204331,"relics_obtained":[{"floor":6,"key":"Bird Faced Urn"},{"floor":9,"key":"Turnip"}],"event_choices":[{"damage_healed":0,"gold_gain":0,"player_choice":"Damaged","damage_taken":11,"max_hp_gain":0,"max_hp_loss":0,"event_name":"Wheel of Change","floor":2,"gold_loss":0},{"damage_healed":0,"gold_gain":0,"player_choice":"Ignored","damage_taken":0,"max_hp_gain":0,"max_hp_loss":0,"event_name":"Liars Game","floor":5,"gold_loss":0}],"is_beta":false,"boss_relics":[],"items_purged_floors":[4],"is_endless":false,"potions_floor_spawned":[1,3,8],"killed_by":"Gremlin Nob","ascension_level":15}