{"path_per_floor":["M","?","?","?","$","E","R","M","T","E","R","M","R","E","R","B",null,"M","?","M"],"character_chosen":"DEFECT","items_purchased":["Conserve Battery+1","Loop"],"gold_per_floor":[111,111,111,111,11,40,40,54,54,89,89,101,101,128,128,231,231,251,251,262,262],"floor_reached":21,"campfire_rested":2,"playtime":3305,"item_purchase_floors":[5,5],"current_hp_per_floor":[75,75,75,75,75,40,40,38,38,26,26,26,63,51,75,48,75,49,49,25,0],"items_purged":[],"gold":262,"score":215,"play_id":"fe07ffa3-7448-4a8f-84b0-7426f65ebf5d","local_time":"20180610165108","is_prod":false,"is_daily":false,"chose_seed":false,"is_ascension_mode":true,"campfire_upgraded":2,"win_rate":0,"timestamp":1528671068,"campfire_choices":[{"data":"Loop","floor":7,"key":"SMITH"},{"data":"Dualcast","floor":11,"key":"SMITH"},{"floor":13,"key":"REST"},{"floor":15,"key":"REST"}],"path_taken":["M","?","?","?","$","E","R","M","T","E","R","?","R","E","R","BOSS","M","?","M","M"],"build_version":"2018-06-07v3","seed_source_timestamp":66717655177701,"purchased_purges":0,"victory":false,"master_deck":["Strike_B","Strike_B","Strike_B","Strike_B","Defend_B","Defend_B","Defend_B","Defend_B","Zap+1","Dualcast+1","Regret","Conserve Battery+1","Loop+1","Redo+1","Steam+1","Reboot+1","Doubt","Regret","Parasite","Capacitor"],"max_hp_per_floor":[75,75,75,75,75,75,75,75,75,75,75,75,75,75,75,75,75,75,75,75,75],"relics":["Cracked Core","Regal Pillow","Toxic Egg 2","Anchor","Smiling Mask","Ice Cream","Du-Vu Doll","Calling Bell","Bag of Preparation","Matryoshka","Peace Pipe"],"card_choices":[{"not_picked":["Auto Shields","Beam Cell","Go for the Eyes"],"picked":"SKIP","floor":1},{"not_picked":["Rainbow+1","Turbo+1","Coolheaded+1"],"picked":"SKIP","floor":6},{"not_picked":["Scrape","Lockon","Sweeping Beam"],"picked":"SKIP","floor":8},{"not_picked":["Turbo+1","Barrage"],"picked":"Redo+1","floor":10},{"not_picked":["Aggregate+1","Go for the Eyes"],"picked":"Steam+1","floor":12},{"not_picked":["Auto Shields+1","Streamline","Leap+1"],"picked":"SKIP","floor":14},{"not_picked":["Fission+1","Core Surge"],"picked":"Reboot+1","floor":16},{"not_picked":["Gash+1","Rebound","Streamline+1"],"picked":"SKIP","floor":18},{"not_picked":["Barrage+1","Storm"],"picked":"Capacitor","floor":20}],"player_experience":142910,"potions_floor_usage":[10,20,20,21],"damage_taken":[{"damage":0,"enemies":"2 Louse","floor":1,"turns":3},{"damage":35,"enemies":"Gremlin Nob","floor":6,"turns":5},{"damage":2,"enemies":"Small Slimes","floor":8,"turns":3},{"damage":12,"enemies":"3 Sentries","floor":10,"turns":8},{"damage":0,"enemies":"Cultist","floor":12,"turns":3},{"damage":12,"enemies":"Gremlin Nob","floor":14,"turns":4},{"damage":27,"enemies":"The Guardian","floor":16,"turns":11},{"damage":26,"enemies":"Spheric Guardian","floor":18,"turns":4},{"damage":24,"enemies":"3 Byrds","floor":20,"turns":5},{"damage":26,"enemies":"Cultist and Chosen","floor":21,"turns":4}],"relics_obtained":[{"floor":6,"key":"Anchor"},{"floor":9,"key":"Smiling Mask"},{"floor":10,"key":"Ice Cream"},{"floor":14,"key":"Du-Vu Doll"},{"floor":17,"key":"Bag of Preparation"},{"floor":17,"key":"Matryoshka"},{"floor":17,"key":"Peace Pipe"}],"event_choices":[{"event_name":"Living Wall","player_choice":"Grow","floor":2,"damage_taken":0},{"event_name":"Big Fish","player_choice":"Box","floor":3,"damage_taken":0},{"event_name":"The Woman in Blue","player_choice":"Bought 0 Potions","floor":4,"damage_taken":0},{"event_name":"Drug Dealer","player_choice":"Ignored","floor":19,"damage_taken":0}],"boss_relics":[{"not_picked":["Tiny House","Eternal Feather"],"picked":"Calling Bell"}],"items_purged_floors":[],"potions_floor_spawned":[1,8,10,20],"seed_played":"4747153431449721","killed_by":"Cultist and Chosen","ascension_level":2,"potions_obtained":[{"floor":1,"key":"SkillPotion"},{"floor":8,"key":"Dexterity Potion"},{"floor":10,"key":"EssenceOfSteel"},{"floor":20,"key":"AttackPotion"}],"is_trial":false}