{"gold_per_floor":[114,114,133,56,66,66,82,114,114,134,150,150],"floor_reached":12,"playtime":615,"items_purged":[],"score":82,"play_id":"54496f1d-81aa-43e8-b533-6eab237aa11f","local_time":"20190105164516","is_ascension_mode":false,"campfire_choices":[{"floor":6,"key":"RECALL"}],"neow_cost":"CURSE","seed_source_timestamp":15004321460885,"circlet_count":0,"master_deck":["Defend_G","Defend_G","Defend_G","Defend_G","Defend_G","Strike_G","Strike_G","Strike_G","Strike_G","Strike_G","Survivor","Neutralize","Writhe","Dagger Spray","Infinite Blades","Footwork","A Thousand Cuts","Accuracy","Expertise","Choke","Noxious Fumes"],"relics":["Ring of the Snake","Shovel","NlothsMask","Unceasing Top"],"potions_floor_usage":[8,8,11,12],"damage_taken":[{"damage":0,"enemies":"2 Louse","floor":1,"turns":3},{"damage":4,"enemies":"Cultist","floor":3,"turns":4},{"damage":3,"enemies":"Small Slimes","floor":5,"turns":4},{"damage":22,"enemies":"Looter","floor":7,"turns":5},{"damage":32,"enemies":"Gremlin Nob","floor":8,"turns":5},{"damage":2,"enemies":"Large Slime","floor":10,"turns":5},{"damage":0,"enemies":"Blue Slaver","floor":11,"turns":5},{"damage":11,"enemies":"Gremlin Gang","floor":12,"turns":1}],"seed_played":"919039141117825587","potions_obtained":[{"floor":3,"key":"Explosive Potion"},{"floor":5,"key":"Swift Potion"},{"floor":7,"key":"Poison Potion"},{"floor":10,"key":"Block Potion"}],"is_trial":false,"path_per_floor":["M","?","M","$","M","R","M","E","T","M","M","M"],"character_chosen":"THE_SILENT","items_purchased":["Footwork"],"campfire_rested":0,"item_purchase_floors":[4],"current_hp_per_floor":[70,70,66,66,63,63,41,9,9,7,7,0],"gold":150,"neow_bonus":"ONE_RARE_RELIC","is_prod":false,"is_daily":false,"chose_seed":false,"campfire_upgraded":0,"win_rate":0,"timestamp":1546706716,"path_taken":["M","?","M","$","M","R","M","E","T","M","?","M"],"build_version":"2019-01-03v4","purchased_purges":0,"victory":false,"max_hp_per_floor":[70,70,70,70,70,70,70,70,70,70,70,70],"card_choices":[{"not_picked":["PiercingWail","Dodge and Roll"],"picked":"Dagger Spray","floor":1},{"not_picked":["Cloak And Dagger","Slice"],"picked":"Infinite Blades","floor":3},{"not_picked":["Sucker Punch","Reflex"],"picked":"A Thousand Cuts","floor":5},{"not_picked":["Acrobatics","Bane"],"picked":"Accuracy","floor":7},{"not_picked":["Accuracy","Heel Hook"],"picked":"Expertise","floor":8},{"not_picked":["Bane","Acrobatics"],"picked":"Choke","floor":10},{"not_picked":["Backflip","Prepared"],"picked":"Noxious Fumes","floor":11}],"player_experience":289308,"relics_obtained":[{"floor":8,"key":"Unceasing Top"}],"event_choices":[{"damage_healed":0,"gold_gain":0,"player_choice":"Trade","damage_taken":0,"relics_obtained":["NlothsMask"],"max_hp_gain":0,"max_hp_loss":0,"event_name":"FaceTrader","floor":2,"gold_loss":0}],"is_beta":false,"boss_relics":[],"items_purged_floors":[],"is_endless":false,"potions_floor_spawned":[3,5,7,10],"killed_by":"Gremlin Gang","ascension_level":0}