{"gold_per_floor":[118,138,154,154,172,203,203,214,238,251,285,301,60,60,60,156,156,174,174,188,188,198,198,218,218,242,277,287,287,152,180,180,281,281,294,309,106,106,35,35,67,67],"floor_reached":42,"playtime":6604,"items_purged":["Strike_R","Defend_R","Defend_R"],"score":475,"play_id":"5684541b-4a26-4f9f-82ce-8b0255ddf1b8","local_time":"20190207175933","is_ascension_mode":false,"campfire_choices":[{"data":"Whirlwind","floor":7,"key":"SMITH"},{"floor":15,"key":"REST"},{"floor":23,"key":"REST"},{"data":"Searing Blow","floor":25,"key":"SMITH"},{"floor":29,"key":"REST"},{"floor":32,"key":"REST"},{"floor":40,"key":"REST"}],"neow_cost":"NONE","seed_source_timestamp":12026192464187,"circlet_count":0,"master_deck":["Strike_R+1","Defend_R","Defend_R","Bash+1","Finesse","Armaments","Whirlwind+1","Inflame","Flex","Impervious","Fire Breathing","Whirlwind","Rampage","Searing Blow","Transmutation","Berserk","True Grit+1","Flex","Cleave","Searing Blow+1","Infernal Blade","Body Slam+1","Metallicize","True Grit+1","Double Tap","Pommel Strike","Hemokinesis","Cleave","Battle Trance","Heavy Blade","Double Tap","Inflame+1","Feed","Transmutation","Secret Technique","HandOfGreed","Combust"],"relics":["Burning Blood","Strawberry","Whetstone","Anchor","Empty Cage","Enchiridion","MutagenicStrength","Lantern","Bronze Scales","Centennial Puzzle","Orrery"],"potions_floor_usage":[27,27],"damage_taken":[{"damage":4,"enemies":"2 Louse","floor":1,"turns":5},{"damage":0,"enemies":"Cultist","floor":2,"turns":4},{"damage":13,"enemies":"Jaw Worm","floor":3,"turns":4},{"damage":0,"enemies":"Large Slime","floor":5,"turns":5},{"damage":26,"enemies":"3 Sentries","floor":6,"turns":6},{"damage":11,"enemies":"Exordium Wildlife","floor":8,"turns":4},{"damage":11,"enemies":"Lots of Slimes","floor":10,"turns":3},{"damage":21,"enemies":"Gremlin Nob","floor":11,"turns":5},{"damage":10,"enemies":"Looter","floor":12,"turns":3},{"damage":51,"enemies":"Slime Boss","floor":16,"turns":8},{"damage":12,"enemies":"2 Thieves","floor":18,"turns":5},{"damage":27,"enemies":"Shell Parasite","floor":20,"turns":6},{"damage":23,"enemies":"Snake Plant","floor":22,"turns":5},{"damage":8,"enemies":"Snecko","floor":24,"turns":5},{"damage":31,"enemies":"Gremlin Leader","floor":27,"turns":6},{"damage":26,"enemies":"Centurion and Healer","floor":28,"turns":5},{"damage":32,"enemies":"Slavers","floor":31,"turns":2},{"damage":39,"enemies":"Champ","floor":33,"turns":10},{"damage":46,"enemies":"Orb Walker","floor":35,"turns":4},{"damage":0,"enemies":"3 Darklings","floor":36,"turns":1},{"damage":39,"enemies":"Jaw Worm Horde","floor":41,"turns":5},{"damage":71,"enemies":"Maw","floor":42,"turns":6}],"seed_played":"-2548214350107758887","potions_obtained":[{"floor":2,"key":"SkillPotion"},{"floor":3,"key":"Fire Potion"},{"floor":8,"key":"Regen Potion"},{"floor":27,"key":"SkillPotion"},{"floor":35,"key":"SteroidPotion"},{"floor":36,"key":"PowerPotion"}],"is_trial":false,"path_per_floor":["M","M","M","?","M","E","R","M","T","M","E","M","$","?","R","B",null,"M","?","M","?","M","R","M","R","T","E","M","R","$","E","R","B",null,"M","M","$","?","$","R","M","M"],"character_chosen":"IRONCLAD","items_purchased":["Transmutation","Metallicize","Feed","Combust"],"campfire_rested":5,"item_purchase_floors":[13,30,37,39],"current_hp_per_floor":[80,80,73,73,79,66,66,61,61,56,41,37,37,37,63,18,87,81,65,44,44,27,53,51,51,51,38,18,44,44,18,44,11,87,47,53,53,43,43,69,39,0],"gold":67,"neow_bonus":"RANDOM_COLORLESS","is_prod":false,"is_daily":false,"chose_seed":false,"campfire_upgraded":2,"win_rate":0.0,"timestamp":1549558773,"path_taken":["M","M","M","?","M","E","R","M","T","M","E","?","$","?","R","BOSS","M","?","M","?","M","R","?","R","T","E","M","R","$","E","R","BOSS","M","M","?","?","$","R","?","M"],"build_version":"2019-01-23","purchased_purges":3,"victory":false,"max_hp_per_floor":[80,80,80,80,80,87,87,87,87,87,87,87,87,87,87,87,87,87,87,87,87,87,87,87,87,87,87,87,87,87,87,87,87,87,87,87,87,87,87,87,90,90],"card_choices":[{"not_picked":["Headbutt","Seeing Red"],"picked":"Armaments","floor":1},{"not_picked":["Anger","Power Through"],"picked":"Whirlwind","floor":2},{"not_picked":["Burning Pact","Anger"],"picked":"Inflame","floor":3},{"not_picked":["Thunderclap","True Grit"],"picked":"Flex","floor":5},{"not_picked":["Second Wind","Seeing Red"],"picked":"Impervious","floor":6},{"not_picked":["Intimidate","Perfected Strike"],"picked":"Fire Breathing","floor":8},{"not_picked":["Heavy Blade","Shockwave"],"picked":"Whirlwind","floor":10},{"not_picked":["Sword Boomerang","Combust"],"picked":"Rampage","floor":11},{"not_picked":["Flex","Infernal Blade"],"picked":"Searing Blow","floor":12},{"not_picked":["Brutality","Feed"],"picked":"Berserk","floor":16},{"not_picked":["Iron Wave","Inflame"],"picked":"True Grit+1","floor":18},{"not_picked":["Twin Strike","Rupture"],"picked":"Flex","floor":20},{"not_picked":["Twin Strike","Second Wind"],"picked":"Cleave","floor":22},{"not_picked":["Sword Boomerang","Clash"],"picked":"Searing Blow","floor":24},{"not_picked":["Dual Wield","Body Slam"],"picked":"Infernal Blade","floor":27},{"not_picked":["Rage","Clash"],"picked":"Body Slam+1","floor":28},{"not_picked":["Shockwave","Iron Wave"],"picked":"True Grit+1","floor":31},{"not_picked":["Bludgeon","Fiend Fire"],"picked":"Double Tap","floor":33},{"not_picked":["Inflame","Iron Wave+1"],"picked":"Pommel Strike","floor":34},{"not_picked":["Iron Wave","Sword Boomerang"],"picked":"Hemokinesis","floor":34},{"not_picked":["Anger","True Grit"],"picked":"Cleave","floor":34},{"not_picked":["Sword Boomerang","Bloodletting"],"picked":"Battle Trance","floor":34},{"not_picked":["Clash","Sword Boomerang"],"picked":"Heavy Blade","floor":34},{"not_picked":["Sword Boomerang","Twin Strike"],"picked":"Double Tap","floor":35},{"not_picked":["Hemokinesis","Sword Boomerang"],"picked":"Inflame+1","floor":36},{"not_picked":["Blind","Metamorphosis"],"picked":"Transmutation","floor":38},{"not_picked":["Enlightenment","Swift Strike"],"picked":"Secret Technique","floor":38},{"not_picked":["Dark Shackles","Purity"],"picked":"HandOfGreed","floor":38},{"not_picked":["Twin Strike","Anger","Corruption"],"picked":"SKIP","floor":41}],"player_experience":8164,"relics_obtained":[{"floor":6,"key":"Strawberry"},{"floor":9,"key":"Whetstone"},{"floor":11,"key":"Anchor"},{"floor":19,"key":"Enchiridion"},{"floor":26,"key":"Lantern"},{"floor":27,"key":"Bronze Scales"},{"floor":31,"key":"Centennial Puzzle"}],"event_choices":[{"cards_removed":["Strike_R"],"damage_healed":0,"gold_gain":0,"player_choice":"Offered Basic","damage_taken":0,"max_hp_gain":0,"max_hp_loss":0,"event_name":"Bonfire Elementals","floor":4,"gold_loss":0},{"damage_healed":0,"gold_gain":0,"player_choice":"Ignored","damage_taken":0,"max_hp_gain":0,"max_hp_loss":0,"event_name":"Liars Game","floor":14,"gold_loss":0},{"damage_healed":0,"gold_gain":0,"player_choice":"Obtained Book","damage_taken":16,"max_hp_gain":0,"max_hp_loss":0,"event_name":"Cursed Tome","floor":19,"gold_loss":0},{"damage_healed":0,"gold_gain":0,"player_choice":"Inject Mutagens","damage_taken":0,"relics_obtained":["MutagenicStrength"],"max_hp_gain":0,"max_hp_loss":0,"event_name":"Drug Dealer","floor":21,"gold_loss":0},{"damage_healed":0,"gold_gain":0,"player_choice":"Memory 3","damage_taken":10,"max_hp_gain":0,"max_hp_loss":0,"event_name":"SensoryStone","floor":38,"gold_loss":0}],"is_beta":false,"boss_relics":[{"not_picked":["Eternal Feather","Runic Pyramid"],"picked":"Empty Cage"},{"not_picked":["Cursed Key","Mark of Pain"],"picked":"Orrery"}],"items_purged_floors":[13,30,37],"is_endless":false,"potions_floor_spawned":[2,3,8,16,18,22,27,35,36],"killed_by":"Maw","ascension_level":0}