{"gold_per_floor":[111,411,65,77,90,90,101,1,1,1,1,1,1,12,12,114,114,130,140,140,159,159,159,184,184,252,252,271,291,304,318,318,318],"floor_reached":33,"playtime":1596,"items_purged":["Regret","Strike_G"],"score":310,"play_id":"43174999-9995-41ec-81e2-1452023ce4e7","local_time":"20190211185513","is_ascension_mode":true,"campfire_choices":[{"data":"Apotheosis","floor":6,"key":"SMITH"},{"data":"All Out Attack","floor":11,"key":"SMITH"},{"data":"Dagger Spray","floor":13,"key":"SMITH"},{"data":"Terror","floor":15,"key":"SMITH"},{"data":"Glass Knife","floor":23,"key":"SMITH"},{"data":"Well Laid Plans","floor":25,"key":"SMITH"},{"data":"PiercingWail","floor":27,"key":"SMITH"},{"floor":32,"key":"REST"}],"neow_cost":"NONE","seed_source_timestamp":1350717497151679,"circlet_count":0,"master_deck":["Defend_G+1","Defend_G+1","Defend_G+1","Defend_G+1","Defend_G+1","Strike_G+1","Strike_G+1","Strike_G+1","Strike_G+1","Survivor","Neutralize","Dagger Spray+1","Apotheosis+1","Dagger Spray","PiercingWail+1","Dagger Spray+1","All Out Attack+1","Terror+1","Glass Knife+1","Well Laid Plans+1","Backflip+1","Dagger Spray","Footwork","Finisher+1","Outmaneuver+1"],"relics":["Ring of the Snake","Old Coin","Ninja Scroll","Lizard Tail","Bottled Flame","Darkstone Periapt"],"potions_floor_usage":[4,4,7,7,7,16,18,21,28,33,33,33,33],"damage_taken":[{"damage":0,"enemies":"Small Slimes","floor":1,"turns":2},{"damage":1,"enemies":"Jaw Worm","floor":4,"turns":2},{"damage":0,"enemies":"2 Louse","floor":5,"turns":2},{"damage":0,"enemies":"Large Slime","floor":7,"turns":3},{"damage":11,"enemies":"Exordium Thugs","floor":14,"turns":2},{"damage":3,"enemies":"Slime Boss","floor":16,"turns":7},{"damage":0,"enemies":"Spheric Guardian","floor":18,"turns":1},{"damage":20,"enemies":"Chosen","floor":19,"turns":5},{"damage":0,"enemies":"Snake Plant","floor":21,"turns":3},{"damage":13,"enemies":"Slavers","floor":24,"turns":5},{"damage":25,"enemies":"Snecko","floor":28,"turns":6},{"damage":6,"enemies":"Centurion and Healer","floor":29,"turns":6},{"damage":10,"enemies":"Snake Plant","floor":30,"turns":5},{"damage":21,"enemies":"Snecko","floor":31,"turns":5},{"damage":44,"enemies":"Collector","floor":33,"turns":8}],"seed_played":"-3576939651165203269","potions_obtained":[{"floor":1,"key":"EntropicBrew"},{"floor":5,"key":"Explosive Potion"},{"floor":14,"key":"PowerPotion"},{"floor":16,"key":"Energy Potion"},{"floor":19,"key":"Block Potion"},{"floor":24,"key":"SpeedPotion"},{"floor":31,"key":"EntropicBrew"}],"is_trial":false,"path_per_floor":["M","?","$","M","M","R","M","$","T","$","R","?","R","M","R","B",null,"M","M","?","M","?","R","E","R","T","R","M","M","M","M","R","B"],"character_chosen":"THE_SILENT","items_purchased":["Apotheosis","Dagger Spray","PiercingWail"],"campfire_rested":1,"item_purchase_floors":[3,3,3],"current_hp_per_floor":[70,70,70,69,69,69,69,69,69,69,69,55,55,44,44,41,70,70,50,50,50,50,50,37,37,37,37,12,6,35,14,35,0],"gold":318,"neow_bonus":"THREE_CARDS","is_prod":false,"is_daily":false,"chose_seed":false,"campfire_upgraded":7,"win_rate":0,"timestamp":1549929313,"path_taken":["M","?","$","M","M","R","M","$","T","$","R","?","R","M","R","BOSS","M","M","?","M","?","R","E","R","T","R","M","M","?","M","R","BOSS"],"build_version":"2019-01-23","purchased_purges":2,"victory":false,"max_hp_per_floor":[70,70,70,70,70,70,70,70,70,70,70,70,70,70,70,70,70,70,70,70,70,70,70,70,70,70,70,70,70,70,70,70,70],"card_choices":[{"not_picked":["Outmaneuver","Bane"],"picked":"Dagger Spray","floor":0},{"not_picked":["Escape Plan","Prepared","Setup"],"picked":"SKIP","floor":1},{"not_picked":["Distraction","Heel Hook"],"picked":"Dagger Spray","floor":4},{"not_picked":["Underhanded Strike","Expertise","Sucker Punch"],"picked":"SKIP","floor":5},{"not_picked":["Deadly Poison","Caltrops"],"picked":"All Out Attack","floor":7},{"not_picked":["Quick Slash","Blade Dance"],"picked":"Terror","floor":14},{"not_picked":["Venomology","Envenom"],"picked":"Glass Knife","floor":16},{"not_picked":["Distraction","Deadly Poison","Bane"],"picked":"SKIP","floor":18},{"not_picked":["Dodge and Roll","Poisoned Stab"],"picked":"Well Laid Plans","floor":19},{"not_picked":["Catalyst+1","Dagger Throw"],"picked":"Backflip+1","floor":21},{"not_picked":["Tactician","Underhanded Strike"],"picked":"Dagger Spray","floor":24},{"not_picked":["Sucker Punch","Acrobatics"],"picked":"Footwork","floor":28},{"not_picked":["Crippling Poison+1","Cloak And Dagger+1"],"picked":"Finisher+1","floor":29},{"not_picked":["Concentrate","Noxious Fumes","Bane"],"picked":"SKIP","floor":30},{"not_picked":["Malaise","Prepared"],"picked":"Outmaneuver+1","floor":31}],"player_experience":117988,"relics_obtained":[{"floor":9,"key":"Ninja Scroll"},{"floor":24,"key":"Bottled Flame"},{"floor":26,"key":"Darkstone Periapt"}],"event_choices":[{"damage_healed":0,"gold_gain":0,"player_choice":"Box","damage_taken":0,"relics_obtained":["Old Coin"],"max_hp_gain":0,"max_hp_loss":0,"event_name":"Big Fish","floor":2,"gold_loss":0,"cards_obtained":["Regret"]},{"damage_healed":0,"gold_gain":0,"player_choice":"Entered Light","damage_taken":14,"max_hp_gain":0,"max_hp_loss":0,"event_name":"Shining Light","floor":12,"gold_loss":0,"cards_upgraded":["Dagger Spray","Defend_G"]},{"damage_healed":0,"gold_gain":0,"player_choice":"Simplicity","damage_taken":0,"max_hp_gain":0,"max_hp_loss":0,"event_name":"Back to Basics","floor":20,"gold_loss":0,"cards_upgraded":["Defend_G","Defend_G","Defend_G","Defend_G","Strike_G","Strike_G","Strike_G","Strike_G"]},{"damage_healed":0,"gold_gain":0,"player_choice":"Ignored","damage_taken":0,"max_hp_gain":0,"max_hp_loss":0,"event_name":"Vampires","floor":22,"gold_loss":0}],"is_beta":false,"boss_relics":[{"not_picked":["Eternal Feather","Snecko Eye"],"picked":"Lizard Tail"}],"items_purged_floors":[3,8],"is_endless":false,"potions_floor_spawned":[1,5,14,16,19,24,31],"killed_by":"Collector","ascension_level":2}