{"gold_per_floor":[119,119,135,7,7,33,48,198,225,4,29,43,55,68,68,141,141,128,228,228,173,173,173,173],"floor_reached":24,"playtime":1285,"items_purged":["Doubt"],"score":382,"play_id":"780ca764-2a7e-4dac-92c0-848dbc805484","local_time":"20190201205925","is_ascension_mode":true,"campfire_choices":[{"floor":15,"key":"REST"},{"floor":23,"key":"REST"}],"neow_cost":"NONE","seed_source_timestamp":1156961862985938,"circlet_count":0,"master_deck":["AscendersBane","Defend_R","Defend_R","Defend_R","Defend_R","Bash","Cleave","Cleave","Corruption","True Grit","Demon Form","True Grit","Shrug It Off","Dark Embrace","Body Slam","Bite","Bite","Bite","Bite","Bite","Heavy Blade"],"relics":["Black Blood","Orichalcum","Red Skull","Turnip","Bag of Preparation","Lantern","Incense Burner","Calipers","Shuriken","Tiny Chest"],"potions_floor_usage":[11,12,14,19,19],"damage_taken":[{"damage":3,"enemies":"2 Louse","floor":1,"turns":4},{"damage":12,"enemies":"Small Slimes","floor":3,"turns":4},{"damage":38,"enemies":"Gremlin Nob","floor":6,"turns":5},{"damage":7,"enemies":"Jaw Worm","floor":7,"turns":3},{"damage":24,"enemies":"Lagavulin","floor":11,"turns":5},{"damage":6,"enemies":"Looter","floor":12,"turns":3},{"damage":8,"enemies":"Blue Slaver","floor":13,"turns":3},{"damage":2,"enemies":"2 Fungi Beasts","floor":14,"turns":2},{"damage":20,"enemies":"Hexaghost","floor":16,"turns":9},{"damage":16,"enemies":"2 Thieves","floor":18,"turns":4},{"damage":0,"enemies":"Colosseum Slavers","floor":19,"turns":1},{"damage":62,"enemies":"Colosseum Nobs","floor":19,"turns":7},{"damage":44,"enemies":"Book of Stabbing","floor":24,"turns":5}],"seed_played":"8258853392256203770","potions_obtained":[{"floor":3,"key":"Regen Potion"},{"floor":6,"key":"GamblersBrew"},{"floor":13,"key":"SneckoOil"},{"floor":14,"key":"SmokeBomb"},{"floor":18,"key":"SkillPotion"}],"is_trial":false,"path_per_floor":["M","?","M","$","?","E","M","?","T","$","E","M","M","M","R","B",null,"M","?","?","?","?","R","E"],"character_chosen":"IRONCLAD","items_purchased":["Corruption","True Grit","Lantern"],"campfire_rested":2,"item_purchase_floors":[4,4,10],"current_hp_per_floor":[71,66,60,60,60,28,27,27,27,27,9,18,16,20,42,28,63,57,15,15,15,15,30,0],"gold":173,"neow_bonus":"RANDOM_COMMON_RELIC","is_prod":false,"is_daily":false,"chose_seed":false,"campfire_upgraded":0,"win_rate":0,"timestamp":1549054765,"path_taken":["M","?","M","$","?","E","M","?","T","$","E","M","M","M","R","BOSS","M","?","?","?","?","R","E"],"build_version":"2019-01-23","purchased_purges":1,"victory":false,"max_hp_per_floor":[75,75,75,75,75,75,75,75,75,75,75,75,75,75,75,75,75,75,75,52,52,52,52,52],"card_choices":[{"not_picked":["Body Slam","Rage"],"picked":"Cleave","floor":1},{"not_picked":["Pummel","Havoc"],"picked":"Cleave","floor":3},{"not_picked":["Shockwave","Pommel Strike"],"picked":"Demon Form","floor":6},{"not_picked":["Corruption","Rupture","Twin Strike"],"picked":"SKIP","floor":7},{"not_picked":["Thunderclap","Seeing Red","Armaments"],"picked":"SKIP","floor":11},{"not_picked":["Twin Strike","Corruption","Havoc"],"picked":"SKIP","floor":12},{"not_picked":["Armaments","Wild Strike"],"picked":"True Grit","floor":13},{"not_picked":["Searing Blow","Carnage"],"picked":"Shrug It Off","floor":14},{"not_picked":["Berserk","Fiend Fire"],"picked":"Dark Embrace","floor":16},{"not_picked":["Clothesline","Pommel Strike","Second Wind+1"],"picked":"SKIP","floor":18},{"not_picked":["Shrug It Off+1","Evolve"],"picked":"Body Slam","floor":19}],"player_experience":1246246,"relics_obtained":[{"floor":6,"key":"Turnip"},{"floor":9,"key":"Bag of Preparation"},{"floor":11,"key":"Incense Burner"},{"floor":19,"key":"Calipers"},{"floor":19,"key":"Shuriken"}],"event_choices":[{"damage_healed":0,"gold_gain":0,"player_choice":"Success","damage_taken":5,"relics_obtained":["Red Skull"],"max_hp_gain":0,"max_hp_loss":0,"event_name":"Scrap Ooze","floor":2,"gold_loss":0},{"damage_healed":0,"gold_gain":0,"player_choice":"Leave","damage_taken":0,"max_hp_gain":0,"max_hp_loss":0,"event_name":"The Cleric","floor":5,"gold_loss":0},{"damage_healed":0,"gold_gain":150,"player_choice":"AGREE","damage_taken":0,"max_hp_gain":0,"max_hp_loss":0,"event_name":"Liars Game","floor":8,"gold_loss":0,"cards_obtained":["Doubt"]},{"damage_healed":0,"gold_gain":0,"player_choice":"Fight","damage_taken":0,"max_hp_gain":0,"max_hp_loss":0,"event_name":"Colosseum","floor":19,"gold_loss":0},{"damage_healed":0,"gold_gain":0,"player_choice":"Fought Nobs","damage_taken":0,"max_hp_gain":0,"max_hp_loss":0,"event_name":"Colosseum","floor":19,"gold_loss":0},{"damage_healed":0,"gold_gain":0,"player_choice":"Became a vampire","damage_taken":0,"max_hp_gain":0,"max_hp_loss":23,"event_name":"Vampires","floor":20,"gold_loss":0,"cards_obtained":["Bite","Bite","Bite","Bite","Bite"]},{"damage_healed":0,"gold_gain":0,"player_choice":"Obtained Relic","damage_taken":0,"relics_obtained":["Tiny Chest"],"max_hp_gain":0,"max_hp_loss":0,"event_name":"Addict","floor":21,"gold_loss":85},{"damage_healed":0,"gold_gain":0,"player_choice":"Read","damage_taken":0,"max_hp_gain":0,"max_hp_loss":0,"event_name":"The Library","floor":22,"gold_loss":0,"cards_obtained":["Heavy Blade"]}],"is_beta":false,"boss_relics":[{"not_picked":["Philosopher\u0027s Stone","Calling Bell"],"picked":"Black Blood"}],"items_purged_floors":[10],"is_endless":false,"potions_floor_spawned":[3,6,13,14,18,19],"killed_by":"Book of Stabbing","ascension_level":15}