{"gold_per_floor":[112,129,147,147,163,163,191,206,282,282,299,299,10,29,29,128,128,140,140,157,174,30,56,56,56,56,56,56,56,120,140,140,235,235,254,108,108,73,38,38,38],"floor_reached":41,"playtime":1952,"items_purged":["Defend_B"],"score":756,"play_id":"bde9bf56-800e-4bab-8ef1-5d08bcc57e59","local_time":"20181225023424","is_ascension_mode":true,"campfire_choices":[{"data":"Zap","floor":6,"key":"SMITH"},{"data":"Creative AI","floor":10,"key":"SMITH"},{"data":"Hologram","floor":12,"key":"SMITH"},{"floor":15,"key":"REST"},{"data":"Recycle","floor":25,"key":"SMITH"},{"data":"Steam","floor":27,"key":"SMITH"},{"data":"Glacier","floor":29,"key":"SMITH"},{"data":"Amplify","floor":32,"key":"SMITH"},{"data":"Recycle","floor":40,"key":"SMITH"}],"neow_cost":"NONE","seed_source_timestamp":116197603372267,"circlet_count":0,"master_deck":["AscendersBane","Defend_B","Defend_B+1","Defend_B","Zap+1","Dualcast+1","Melter","Gash","Leap","Glacier+1","Creative AI+1","Force Field","Hologram+1","All For One","Amplify+1","Cold Snap","Ghostly","Ghostly","Ghostly","Ghostly","Ghostly","Steam+1","Recycle+1","Conserve Battery","Bite","Bite","Bite","Bite","Bite","Scrape+1","Conserve Battery","Electrodynamics","Undo","White Noise","Self Repair","Recycle+1"],"relics":["Cracked Core","Pen Nib","Pear","Ice Cream","Inserter","War Paint","StoneCalendar","Bottled Lightning","Darkstone Periapt","Tiny Chest","Runic Dome"],"potions_floor_usage":[16,18,23,23,30,33],"damage_taken":[{"damage":12,"enemies":"Small Slimes","floor":1,"turns":3},{"damage":1,"enemies":"Cultist","floor":2,"turns":3},{"damage":2,"enemies":"Jaw Worm","floor":3,"turns":3},{"damage":1,"enemies":"Looter","floor":5,"turns":3},{"damage":8,"enemies":"Lagavulin","floor":7,"turns":10},{"damage":8,"enemies":"Blue Slaver","floor":8,"turns":5},{"damage":11,"enemies":"Exordium Wildlife","floor":11,"turns":4},{"damage":5,"enemies":"Exordium Thugs","floor":14,"turns":6},{"damage":23,"enemies":"Hexaghost","floor":16,"turns":9},{"damage":31,"enemies":"2 Thieves","floor":18,"turns":5},{"damage":4,"enemies":"Shell Parasite","floor":20,"turns":8},{"damage":9,"enemies":"3 Cultists","floor":21,"turns":8},{"damage":0,"enemies":"Book of Stabbing","floor":23,"turns":8},{"damage":4,"enemies":"Gremlin Leader","floor":30,"turns":11},{"damage":8,"enemies":"Snecko","floor":31,"turns":8},{"damage":36,"enemies":"Champ","floor":33,"turns":13},{"damage":8,"enemies":"3 Shapes","floor":35,"turns":2},{"damage":28,"enemies":"3 Darklings","floor":41,"turns":3}],"seed_played":"8198450318412257764","potions_obtained":[{"floor":5,"key":"Block Potion"},{"floor":8,"key":"AttackPotion"},{"floor":11,"key":"Fire Potion"},{"floor":18,"key":"PowerPotion"},{"floor":23,"key":"LiquidBronze"},{"floor":31,"key":"Weak Potion"}],"is_trial":false,"path_per_floor":["M","M","M","?","M","R","E","M","T","R","M","R","$","M","R","B",null,"M","?","M","M","$","E","?","R","T","R","T","R","E","M","R","B",null,"M","$","?","$","$","R","M"],"character_chosen":"DEFECT","items_purchased":["Ice Cream","War Paint","White Noise","Self Repair","Recycle"],"campfire_rested":1,"item_purchase_floors":[13,22,36,38,39],"current_hp_per_floor":[56,55,53,53,52,52,44,36,46,46,35,35,35,30,55,32,72,41,41,37,28,28,28,28,28,28,28,28,28,29,26,26,10,24,18,18,18,18,18,18,0],"gold":38,"neow_bonus":"THREE_CARDS","is_prod":false,"is_daily":false,"chose_seed":false,"campfire_upgraded":8,"win_rate":0,"timestamp":1545723264,"path_taken":["M","M","M","?","M","R","E","M","T","R","?","R","$","M","R","BOSS","M","?","M","M","$","E","?","R","T","R","?","R","E","M","R","BOSS","M","$","?","?","$","R","?"],"build_version":"2018-12-20","purchased_purges":1,"victory":false,"max_hp_per_floor":[75,75,75,75,75,75,75,75,85,85,85,85,85,85,85,85,85,85,42,42,42,42,42,29,29,29,29,29,29,29,29,29,29,29,29,29,29,29,29,29,29],"card_choices":[{"not_picked":["Aggregate","Stack"],"picked":"Melter","floor":0},{"not_picked":["Turbo","Darkness"],"picked":"Gash","floor":1},{"not_picked":["Stack","Blizzard"],"picked":"Leap","floor":2},{"not_picked":["Hologram","Turbo"],"picked":"Glacier","floor":3},{"not_picked":["Cold Snap","Capacitor"],"picked":"Go for the Eyes","floor":5},{"not_picked":["Coolheaded","Go for the Eyes"],"picked":"Creative AI","floor":7},{"not_picked":["Reinforced Body","Rip and Tear"],"picked":"Force Field","floor":8},{"not_picked":["Barrage","BootSequence"],"picked":"Hologram","floor":11},{"not_picked":["Gash","Conserve Battery"],"picked":"All For One","floor":14},{"not_picked":["Creative AI","Reboot"],"picked":"Amplify","floor":16},{"not_picked":["Ball Lightning","Lockon"],"picked":"Cold Snap","floor":18},{"not_picked":["Coolheaded+1","Fusion"],"picked":"Steam","floor":20},{"not_picked":["Steam Power+1","Reinforced Body"],"picked":"Recycle","floor":21},{"not_picked":["Heatsinks","Stack"],"picked":"Conserve Battery","floor":23},{"not_picked":["Steam Power+1","Barrage"],"picked":"Scrape+1","floor":30},{"not_picked":["Leap","Turbo+1"],"picked":"Conserve Battery","floor":31},{"not_picked":["Thunder Strike","Multi-Cast"],"picked":"Electrodynamics","floor":33},{"not_picked":["Compile Driver+1","Cold Snap+1"],"picked":"Undo","floor":35}],"player_experience":431002,"relics_obtained":[{"floor":7,"key":"Pen Nib"},{"floor":9,"key":"Pear"},{"floor":23,"key":"StoneCalendar"},{"floor":26,"key":"Bottled Lightning"},{"floor":28,"key":"Darkstone Periapt"},{"floor":30,"key":"Tiny Chest"}],"event_choices":[{"cards_removed":["Strike_B"],"damage_healed":0,"gold_gain":0,"player_choice":"Offered Basic","damage_taken":0,"max_hp_gain":0,"max_hp_loss":0,"event_name":"Bonfire Elementals","floor":4,"gold_loss":0},{"damage_healed":0,"gold_gain":0,"player_choice":"Became a Ghost","damage_taken":0,"max_hp_gain":0,"max_hp_loss":43,"event_name":"Ghosts","floor":19,"gold_loss":0,"cards_obtained":["Ghostly","Ghostly","Ghostly","Ghostly","Ghostly"]},{"damage_healed":0,"gold_gain":0,"player_choice":"Became a vampire","damage_taken":0,"max_hp_gain":0,"max_hp_loss":13,"event_name":"Vampires","floor":24,"gold_loss":0,"cards_obtained":["Bite","Bite","Bite","Bite","Bite"]},{"cards_removed":["Go for the Eyes"],"damage_healed":0,"gold_gain":0,"player_choice":"Removed Attack","damage_taken":0,"max_hp_gain":0,"max_hp_loss":0,"event_name":"Falling","floor":37,"gold_loss":0}],"is_beta":false,"boss_relics":[{"not_picked":["Nuclear Battery","Pandora\u0027s Box"],"picked":"Inserter"},{"not_picked":["Orrery","Velvet Choker"],"picked":"Runic Dome"}],"items_purged_floors":[36],"is_endless":false,"potions_floor_spawned":[5,8,11,18,23,31],"killed_by":"3 Darklings","ascension_level":10}