{"gold_per_floor":[117,128,128,128,151,151,187,208,234,234,234,278,40,64,64,154,154,168,168,189,114,129,129],"floor_reached":23,"playtime":1245,"items_purged":["Strike_B"],"score":332,"play_id":"3d31a8f2-0e83-4e8a-8fbf-cc2947b54610","local_time":"20190125234951","is_ascension_mode":true,"campfire_choices":[{"floor":6,"key":"REST"},{"floor":10,"key":"REST"},{"floor":15,"key":"REST"}],"neow_cost":"NONE","seed_source_timestamp":562415632973348,"circlet_count":0,"master_deck":["AscendersBane","Strike_B","Strike_B","Strike_B","Defend_B","Defend_B","Defend_B","Defend_B","Zap","Dualcast","Static Discharge","Rebound","Tempest","Streamline+1","Cold Snap","Cold Snap","Ball Lightning","Biased Cognition","Conserve Battery"],"relics":["Fusion Hammer","Golden Idol","Bag of Marbles","Lantern","Blood Vial","Bottled Lightning","Eternal Feather","CultistMask"],"potions_floor_usage":[12,16,20,23],"damage_taken":[{"damage":9,"enemies":"Small Slimes","floor":1,"turns":4},{"damage":9,"enemies":"2 Louse","floor":2,"turns":3},{"damage":11,"enemies":"Jaw Worm","floor":5,"turns":4},{"damage":37,"enemies":"Lagavulin","floor":7,"turns":6},{"damage":11,"enemies":"Blue Slaver","floor":8,"turns":3},{"damage":23,"enemies":"3 Sentries","floor":12,"turns":5},{"damage":9,"enemies":"Red Slaver","floor":14,"turns":2},{"damage":7,"enemies":"Slime Boss","floor":16,"turns":7},{"damage":26,"enemies":"3 Byrds","floor":18,"turns":3},{"damage":0,"enemies":"Spheric Guardian","floor":20,"turns":2},{"damage":23,"enemies":"Centurion and Healer","floor":22,"turns":7},{"damage":22,"enemies":"Book of Stabbing","floor":23,"turns":2}],"seed_played":"626559554209038018","potions_obtained":[{"floor":8,"key":"Energy Potion"},{"floor":12,"key":"Dexterity Potion"},{"floor":16,"key":"GamblersBrew"},{"floor":18,"key":"Regen Potion"},{"floor":20,"key":"EssenceOfSteel"}],"is_trial":false,"path_per_floor":["M","M","?","?","M","R","E","M","T","R","?","E","$","M","R","B",null,"M","?","M","$","M","E"],"character_chosen":"DEFECT","items_purchased":["Bottled Lightning"],"campfire_rested":3,"item_purchase_floors":[13],"current_hp_per_floor":[59,50,50,50,39,59,22,11,11,31,31,8,8,1,21,16,56,32,32,39,39,18,0],"gold":129,"neow_bonus":"BOSS_RELIC","is_prod":false,"is_daily":false,"chose_seed":false,"campfire_upgraded":0,"win_rate":0,"timestamp":1548460191,"path_taken":["M","M","?","?","M","R","E","?","T","R","?","E","$","?","R","BOSS","M","?","?","$","M","E"],"build_version":"2019-01-23","purchased_purges":1,"victory":false,"max_hp_per_floor":[75,75,75,69,69,69,69,69,69,69,69,69,69,69,69,69,69,69,69,69,69,69,69],"card_choices":[{"not_picked":["Steam","Stack"],"picked":"Static Discharge","floor":1},{"not_picked":["Fusion","Force Field"],"picked":"Rebound","floor":2},{"not_picked":["Capacitor","Ball Lightning"],"picked":"Tempest","floor":5},{"not_picked":["Genetic Algorithm","Melter"],"picked":"Streamline","floor":7},{"not_picked":["Steam","Streamline"],"picked":"Cold Snap","floor":8},{"not_picked":["Coolheaded","Darkness"],"picked":"Cold Snap","floor":12},{"not_picked":["Double Energy","Redo"],"picked":"Ball Lightning","floor":14},{"not_picked":["Buffer","Amplify"],"picked":"Biased Cognition","floor":16},{"not_picked":["Turbo","Reinforced Body"],"picked":"Conserve Battery","floor":18},{"not_picked":["Go for the Eyes","Hello World","Hologram"],"picked":"SKIP","floor":20},{"not_picked":["Streamline","Conserve Battery","Aggregate"],"picked":"SKIP","floor":22}],"player_experience":1237994,"relics_obtained":[{"floor":7,"key":"Bag of Marbles"},{"floor":9,"key":"Lantern"},{"floor":12,"key":"Blood Vial"}],"event_choices":[{"damage_healed":0,"gold_gain":0,"player_choice":"Ignored","damage_taken":0,"max_hp_gain":0,"max_hp_loss":0,"event_name":"Golden Wing","floor":3,"gold_loss":0},{"damage_healed":0,"gold_gain":0,"player_choice":"Lose Max HP","damage_taken":0,"relics_obtained":["Golden Idol"],"max_hp_gain":0,"max_hp_loss":6,"event_name":"Golden Idol","floor":4,"gold_loss":0},{"damage_healed":0,"gold_gain":0,"player_choice":"Upgraded","damage_taken":0,"max_hp_gain":0,"max_hp_loss":0,"event_name":"Upgrade Shrine","floor":11,"gold_loss":0,"cards_upgraded":["Streamline"]},{"damage_healed":0,"gold_gain":0,"player_choice":"Trade","damage_taken":0,"relics_obtained":["CultistMask"],"max_hp_gain":0,"max_hp_loss":0,"event_name":"FaceTrader","floor":19,"gold_loss":0}],"is_beta":false,"boss_relics":[{"not_picked":["Calling Bell","Sozu"],"picked":"Eternal Feather"}],"items_purged_floors":[21],"is_endless":false,"potions_floor_spawned":[8,12,16,18,20],"killed_by":"Book of Stabbing","ascension_level":13}