{"gold_per_floor":[361,374,18,28,28,28,39,39,39,39,4,4,4,15,15,91,91,101,101,120,120],"floor_reached":21,"playtime":1007,"items_purged":["Doubt"],"score":287,"play_id":"f33cf65b-1f4c-47ef-bf5b-4c96d4f9afa0","local_time":"20190109165142","is_ascension_mode":true,"campfire_choices":[{"data":"Zap","floor":6,"key":"SMITH"},{"data":"Defragment","floor":8,"key":"SMITH"},{"data":"Capacitor","floor":10,"key":"SMITH"},{"data":"The Bomb","floor":12,"key":"SMITH"},{"data":"Dualcast","floor":15,"key":"SMITH"}],"neow_cost":"CURSE","seed_source_timestamp":1464612872796011,"circlet_count":0,"master_deck":["AscendersBane","Strike_B","Strike_B","Strike_B","Defend_B","Defend_B","Defend_B","Defend_B","Zap+1","Dualcast+1","Sweeping Beam","Glacier","The Bomb+1","Leap","Defragment+1","Auto Shields","Capacitor+1","Leap","Buffer","Hologram","Redo"],"relics":["Cracked Core","Question Card","Snecko Eye","Enchiridion"],"potions_floor_usage":[16],"damage_taken":[{"damage":5,"enemies":"Cultist","floor":1,"turns":4},{"damage":7,"enemies":"Small Slimes","floor":2,"turns":3},{"damage":9,"enemies":"2 Louse","floor":4,"turns":2},{"damage":0,"enemies":"Red Slaver","floor":7,"turns":5},{"damage":5,"enemies":"Exordium Wildlife","floor":14,"turns":4},{"damage":17,"enemies":"The Guardian","floor":16,"turns":11},{"damage":12,"enemies":"3 Byrds","floor":18,"turns":4},{"damage":17,"enemies":"2 Thieves","floor":20,"turns":3},{"damage":18,"enemies":"Snake Plant","floor":21,"turns":4}],"seed_played":"-5554575155096801729","potions_obtained":[{"floor":1,"key":"Weak Potion"},{"floor":2,"key":"Ancient Potion"},{"floor":20,"key":"FocusPotion"}],"is_trial":false,"path_per_floor":["M","M","$","M","$","R","M","R","T","R","?","R","?","M","R","B",null,"M","?","M","M"],"character_chosen":"DEFECT","items_purchased":["The Bomb","Leap","Defragment"],"campfire_rested":0,"item_purchase_floors":[3,3,3],"current_hp_per_floor":[59,52,52,43,43,43,43,43,43,43,60,60,60,55,55,38,63,51,35,18,0],"gold":120,"neow_bonus":"TWO_FIFTY_GOLD","is_prod":false,"is_daily":false,"chose_seed":false,"campfire_upgraded":5,"win_rate":0,"timestamp":1547070702,"path_taken":["M","M","$","M","?","R","M","R","T","R","?","R","?","M","R","BOSS","M","?","M","M"],"build_version":"2019-01-03v4","purchased_purges":1,"victory":false,"max_hp_per_floor":[71,71,71,71,71,71,71,71,71,71,71,71,71,71,71,71,71,71,71,71,71],"card_choices":[{"not_picked":["Chill","Barrage"],"picked":"Sweeping Beam","floor":1},{"not_picked":["Ball Lightning","Cold Snap"],"picked":"Glacier","floor":2},{"not_picked":["Scrape","Streamline"],"picked":"Auto Shields","floor":4},{"not_picked":["Rebound","Steam"],"picked":"Capacitor","floor":7},{"not_picked":["Blizzard","Go for the Eyes","FTL"],"picked":"Leap","floor":14},{"not_picked":["Biased Cognition","Multi-Cast","Thunder Strike"],"picked":"Buffer","floor":16},{"not_picked":["Fusion","Cold Snap","Rebound"],"picked":"Hologram","floor":18},{"not_picked":["Go for the Eyes","Aggregate","Cold Snap"],"picked":"Redo","floor":20}],"player_experience":500010,"relics_obtained":[{"floor":9,"key":"Question Card"},{"floor":19,"key":"Enchiridion"}],"event_choices":[{"damage_healed":17,"gold_gain":0,"player_choice":"Healed","damage_taken":0,"max_hp_gain":0,"max_hp_loss":0,"event_name":"The Cleric","floor":11,"gold_loss":35},{"cards_removed":["Strike_B"],"damage_healed":0,"gold_gain":0,"player_choice":"Card Removal","damage_taken":0,"max_hp_gain":0,"max_hp_loss":0,"event_name":"Wheel of Change","floor":13,"gold_loss":0},{"damage_healed":0,"gold_gain":0,"player_choice":"Obtained Book","damage_taken":16,"max_hp_gain":0,"max_hp_loss":0,"event_name":"Cursed Tome","floor":19,"gold_loss":0}],"is_beta":false,"boss_relics":[{"not_picked":["Empty Cage","Sozu"],"picked":"Snecko Eye"}],"items_purged_floors":[3],"is_endless":false,"potions_floor_spawned":[1,2,4,20],"killed_by":"Snake Plant","ascension_level":14}