{"gold_per_floor":[213,230,31,31,81,81,94,94,94,94,94,109,109,109,109,208,208,220,220,220,13,31,31,306,324,324,334,347,347,361,376,376,475,475,488,488,193,193,206,206],"floor_reached":40,"playtime":1757,"items_purged":["Regret"],"score":376,"play_id":"7ef31f73-a09d-4b98-b103-340282fadbbe","local_time":"20190204094415","is_ascension_mode":false,"campfire_choices":[{"data":"Neutralize","floor":6.0,"key":"SMITH"},{"data":"Cloak And Dagger","floor":8,"key":"SMITH"},{"data":"Leg Sweep","floor":10,"key":"SMITH"},{"data":"Predator","floor":15,"key":"SMITH"},{"data":"Bullet Time","floor":23,"key":"SMITH"},{"data":"Venomology","floor":29,"key":"SMITH"},{"floor":32,"key":"REST"}],"neow_cost":"NONE","seed_source_timestamp":20115645585990,"circlet_count":0,"master_deck":["Defend_G","Defend_G","Defend_G","Defend_G","Defend_G","Strike_G","Strike_G","Survivor","Neutralize+1","Cloak And Dagger+1","Predator+1","Leg Sweep+1","Cloak And Dagger+1","Venomology+1","Caltrops","Bullet Time+1","Acrobatics","Infinite Blades","Leg Sweep+1","Crippling Poison+1","Predator+1","Skewer+1","Noxious Fumes","Noxious Fumes","Die Die Die","Deflect+1","Footwork","Noxious Fumes","Secret Technique+1","Master of Strategy+1","Discovery+1","Deflect+1"],"special_seed":0,"relics":["Ring of the Snake","TwistedFunnel","Pantograph","The Courier","Kunai","Empty Cage","Toxic Egg 2","Centennial Puzzle","Fusion Hammer","Juzu Bracelet"],"potions_floor_usage":[16,22,22,25,25,31,33,33,35,35],"damage_taken":[{"damage":0.0,"enemies":"2 Louse","floor":1.0,"turns":4.0},{"damage":0.0,"enemies":"Small Slimes","floor":2.0,"turns":3.0},{"damage":3.0,"enemies":"Cultist","floor":7.0,"turns":3.0},{"damage":0,"enemies":"Looter","floor":12,"turns":3},{"damage":38,"enemies":"Slime Boss","floor":16,"turns":20},{"damage":6,"enemies":"Spheric Guardian","floor":18,"turns":10},{"damage":0,"enemies":"Chosen","floor":22,"turns":4},{"damage":9,"enemies":"Snake Plant","floor":25,"turns":4},{"damage":2,"enemies":"Centurion and Healer","floor":27,"turns":7},{"damage":12,"enemies":"Shelled Parasite and Fungi","floor":28,"turns":8},{"damage":4,"enemies":"Snecko","floor":30,"turns":3},{"damage":14,"enemies":"Centurion and Healer","floor":31,"turns":5},{"damage":24,"enemies":"Automaton","floor":33,"turns":12},{"damage":0,"enemies":"3 Shapes","floor":35,"turns":4},{"damage":34,"enemies":"3 Darklings","floor":39,"turns":5},{"damage":36,"enemies":"Nemesis","floor":40,"turns":2}],"seed_played":"-2067494187428338346","potions_obtained":[{"floor":1.0,"key":"GhostInAJar"},{"floor":7.0,"key":"AttackPotion"},{"floor":16,"key":"SkillPotion"},{"floor":18,"key":"Poison Potion"},{"floor":33,"key":"Dexterity Potion"}],"is_trial":false,"path_per_floor":["M","M","$","?","?","R","M","R","T","R","?","M","?","?","R","B",null,"M","?","?","$","M","R","?","M","T","M","M","R","M","M","R","B",null,"M","?","$","?","M","E"],"character_chosen":"THE_SILENT","items_purchased":["TwistedFunnel","Toxic Egg 2","Juzu Bracelet","Footwork","Noxious Fumes"],"campfire_rested":1,"item_purchase_floors":[3,21,37,37,37],"current_hp_per_floor":[70,70,70,70,70,70,67,67,67,67,67,67,67,67,67,32,70,64,64,64,64,64,64,64,55,55,53,41,41,37,23,44,45,70,70,70,70,60,26,0],"gold":206,"neow_bonus":"HUNDRED_GOLD","is_prod":false,"is_daily":false,"chose_seed":false,"campfire_upgraded":6,"win_rate":0,"timestamp":1549295055,"path_taken":["M","M","$","?","?","R","M","R","T","R","?","?","?","?","R","BOSS","M","?","?","$","M","R","?","M","T","M","?","R","M","M","R","BOSS","M","?","$","?","M","E"],"build_version":"2019-01-23","purchased_purges":1,"victory":false,"max_hp_per_floor":[70,70,70,70,70,70,70,70,70,70,70,70,70,70,70,70,70,70,70,70,70,70,70,70,70,70,70,70,70,70,70,70,70,70,70,70,70,70,70,70],"card_choices":[{"not_picked":["Blur","Prepared"],"picked":"Cloak And Dagger","floor":1.0},{"not_picked":["Concentrate","Terror"],"picked":"Predator","floor":2.0},{"not_picked":["Dagger Throw","Skewer"],"picked":"Leg Sweep","floor":7.0},{"not_picked":["Escape Plan","Blade Dance"],"picked":"Cloak And Dagger","floor":12},{"not_picked":["Die Die Die","Unload"],"picked":"Venomology","floor":16},{"not_picked":["Bane","Finisher"],"picked":"Caltrops","floor":18},{"not_picked":["Escape Plan+1","Slice"],"picked":"Leg Sweep+1","floor":22},{"not_picked":["Sucker Punch","Flying Knee"],"picked":"Crippling Poison+1","floor":25},{"not_picked":["Blur+1","All Out Attack"],"picked":"Predator+1","floor":27},{"not_picked":["Acrobatics+1","Bane"],"picked":"Skewer+1","floor":28},{"not_picked":["Flying Knee+1","PiercingWail+1"],"picked":"Noxious Fumes","floor":30},{"not_picked":["Sucker Punch","Deadly Poison+1"],"picked":"Noxious Fumes","floor":31},{"not_picked":["Unload","Wraith Form v2"],"picked":"Die Die Die","floor":33},{"not_picked":["Outmaneuver+1","Acrobatics+1"],"picked":"Deflect+1","floor":35},{"not_picked":["Swift Strike","Panache"],"picked":"Secret Technique+1","floor":38},{"not_picked":["Deep Breath+1","PanicButton+1"],"picked":"Master of Strategy+1","floor":38},{"not_picked":["Bandage Up+1","Thinking Ahead+1"],"picked":"Discovery+1","floor":38},{"not_picked":["Sucker Punch+1","Slice"],"picked":"Deflect+1","floor":39}],"player_experience":747834,"relics_obtained":[{"floor":9,"key":"The Courier"},{"floor":26,"key":"Centennial Puzzle"}],"event_choices":[{"damage_healed":0.0,"max_hp_gain":0.0,"max_hp_loss":0.0,"gold_gain":0.0,"event_name":"Big Fish","player_choice":"Box","floor":4.0,"gold_loss":0.0,"damage_taken":0.0,"relics_obtained":["Pantograph"],"cards_obtained":["Regret"]},{"damage_healed":0.0,"max_hp_gain":0.0,"max_hp_loss":0.0,"gold_gain":50.0,"event_name":"Golden Wing","player_choice":"Gained Gold","floor":5.0,"gold_loss":0.0,"damage_taken":0.0},{"damage_healed":0,"gold_gain":0,"player_choice":"Gave Potion","damage_taken":0,"relics_obtained":["Kunai"],"max_hp_gain":0,"max_hp_loss":0,"event_name":"WeMeetAgain","floor":11,"gold_loss":0},{"damage_healed":0,"gold_gain":0,"player_choice":"Grow","damage_taken":0,"max_hp_gain":0,"max_hp_loss":0,"event_name":"Living Wall","floor":13,"gold_loss":0,"cards_upgraded":["Cloak And Dagger"]},{"damage_healed":0,"gold_gain":0,"player_choice":"Bought 0 Potions","damage_taken":0,"max_hp_gain":0,"max_hp_loss":0,"event_name":"The Woman in Blue","floor":14,"gold_loss":0},{"damage_healed":0,"gold_gain":0,"cards_transformed":["Strike_G","Strike_G"],"player_choice":"Became Test Subject","damage_taken":0,"max_hp_gain":0,"max_hp_loss":0,"event_name":"Drug Dealer","floor":19,"gold_loss":0,"cards_obtained":["Bullet Time","Acrobatics"]},{"damage_healed":0,"gold_gain":0,"player_choice":"Read","damage_taken":0,"max_hp_gain":0,"max_hp_loss":0,"event_name":"The Library","floor":20,"gold_loss":0,"cards_obtained":["Infinite Blades"]},{"damage_healed":0,"gold_gain":275,"player_choice":"Desecrate","damage_taken":0,"max_hp_gain":0,"max_hp_loss":0,"event_name":"Golden Shrine","floor":24,"gold_loss":0,"cards_obtained":["Regret"]},{"damage_healed":0,"gold_gain":0,"player_choice":"Ignored","damage_taken":0,"max_hp_gain":0,"max_hp_loss":0,"event_name":"Tomb of Lord Red Mask","floor":36,"gold_loss":0},{"damage_healed":0,"gold_gain":0,"player_choice":"Memory 3","damage_taken":10,"max_hp_gain":0,"max_hp_loss":0,"event_name":"SensoryStone","floor":38,"gold_loss":0}],"is_beta":false,"boss_relics":[{"not_picked":["Velvet Choker","Tiny House"],"picked":"Empty Cage"},{"not_picked":["HoveringKite","Pandora\u0027s Box"],"picked":"Fusion Hammer"}],"items_purged_floors":[37],"is_endless":false,"potions_floor_spawned":[1,7,16,18,30,31,33,39],"killed_by":"Nemesis","ascension_level":0}