{"gold_per_floor":[14,25,25,45,65,97,97,113,113,143,143,154,154,184,184,184],"floor_reached":16,"playtime":659,"items_purged":[],"score":183,"play_id":"10647b1a-4956-48c6-8766-8251fc33d493","local_time":"20190127172012","is_ascension_mode":true,"campfire_choices":[{"floor":13,"key":"REST"},{"floor":15,"key":"REST"}],"neow_cost":"NO_GOLD","seed_source_timestamp":57547436267955,"circlet_count":0,"master_deck":["AscendersBane","Strike_B","Strike_B","Strike_B","Defend_B","Defend_B","Defend_B","Zap","Dualcast","Consume","Coolheaded","Chaos","Redo","Glacier","Coolheaded"],"relics":["Cracked Core","Symbiotic Virus","Omamori","Frozen Egg 2","Ornamental Fan","Calipers"],"potions_floor_usage":[10,16],"damage_taken":[{"damage":1,"enemies":"Cultist","floor":1,"turns":3},{"damage":4,"enemies":"2 Louse","floor":2,"turns":3},{"damage":7,"enemies":"Jaw Worm","floor":4,"turns":3},{"damage":2,"enemies":"Exordium Thugs","floor":5,"turns":4},{"damage":16,"enemies":"Lagavulin","floor":6,"turns":5},{"damage":6,"enemies":"Looter","floor":8,"turns":2},{"damage":27,"enemies":"3 Sentries","floor":10,"turns":7},{"damage":0,"enemies":"Large Slime","floor":12,"turns":7},{"damage":6,"enemies":"Lagavulin","floor":14,"turns":6},{"damage":44,"enemies":"The Guardian","floor":16,"turns":5}],"seed_played":"-8179642990334078184","potions_obtained":[{"floor":4,"key":"LiquidBronze"},{"floor":5,"key":"SkillPotion"},{"floor":6,"key":"Fire Potion"},{"floor":11,"key":"FearPotion"}],"is_trial":false,"path_per_floor":["M","M","T","M","M","E","?","M","T","E","?","M","R","E","R","B"],"character_chosen":"DEFECT","items_purchased":[],"campfire_rested":2,"item_purchase_floors":[],"current_hp_per_floor":[67,63,63,56,54,38,38,32,32,5,5,5,27,21,43,0],"gold":184,"neow_bonus":"REMOVE_TWO","is_prod":false,"is_daily":false,"chose_seed":false,"campfire_upgraded":0,"win_rate":0,"timestamp":1548631212,"path_taken":["M","M","?","M","M","E","?","M","T","E","?","?","R","E","R","BOSS"],"build_version":"2019-01-23","purchased_purges":0,"victory":false,"max_hp_per_floor":[75,75,75,75,75,75,75,75,75,75,75,75,75,75,75,75],"card_choices":[{"not_picked":["Leap","Reprogram"],"picked":"Consume","floor":1},{"not_picked":["Compile Driver","Consume"],"picked":"Coolheaded","floor":2},{"not_picked":["Leap","Reinforced Body"],"picked":"Chaos","floor":4},{"not_picked":["Rip and Tear","Stack"],"picked":"Redo","floor":5},{"not_picked":["Static Discharge","Coolheaded"],"picked":"Glacier","floor":6},{"not_picked":["Steam Power","Go for the Eyes"],"picked":"Coolheaded","floor":8},{"not_picked":["Rebound","Turbo","Conserve Battery"],"picked":"SKIP","floor":10},{"not_picked":["Stack","Rebound","Redo"],"picked":"SKIP","floor":12},{"not_picked":["Streamline","Reprogram","Meteor Strike"],"picked":"SKIP","floor":14}],"player_experience":223391,"relics_obtained":[{"floor":3,"key":"Symbiotic Virus"},{"floor":6,"key":"Omamori"},{"floor":9,"key":"Frozen Egg 2"},{"floor":10,"key":"Ornamental Fan"},{"floor":14,"key":"Calipers"}],"event_choices":[{"damage_healed":0,"gold_gain":0,"player_choice":"Ignored","damage_taken":0,"max_hp_gain":0,"max_hp_loss":0,"event_name":"Shining Light","floor":7,"gold_loss":0},{"damage_healed":0,"gold_gain":0,"player_choice":"Got Potions","damage_taken":0,"max_hp_gain":0,"max_hp_loss":0,"event_name":"Lab","floor":11,"gold_loss":0}],"is_beta":false,"boss_relics":[],"items_purged_floors":[],"is_endless":false,"potions_floor_spawned":[4,5,6,8,14],"killed_by":"The Guardian","ascension_level":10}