{"gold_per_floor":[119,119,140,12,37,37,77,77,104,147,171,207,101,21,21,21],"floor_reached":16,"playtime":1043,"items_purged":["Strike_R"],"score":184,"play_id":"f53f71c1-1c5a-4810-b296-cfa91f74ead5","local_time":"20181208122818","is_ascension_mode":true,"campfire_choices":[{"data":"Rampage","floor":6,"key":"SMITH"},{"data":"Rage","floor":8,"key":"SMITH"},{"floor":15,"key":"REST"}],"neow_cost":"TEN_PERCENT_HP_LOSS","seed_source_timestamp":652742692957640,"circlet_count":0,"master_deck":["AscendersBane","Strike_R","Strike_R","Defend_R","Defend_R","Defend_R","Defend_R","Bash","True Grit","Clash","Shrug It Off","Rage+1","Cleave","Rampage+1","Sentinel","Thunderclap","Feel No Pain","Anger","Sentinel","Pummel"],"relics":["Burning Blood","Golden Idol","Orichalcum","PreservedInsect","Centennial Puzzle","Odd Mushroom","Dream Catcher"],"potions_floor_usage":[10,10,12],"damage_taken":[{"damage":0,"enemies":"Small Slimes","floor":1,"turns":4},{"damage":3,"enemies":"2 Louse","floor":3,"turns":4},{"damage":0,"enemies":"Cultist","floor":5,"turns":4},{"damage":2,"enemies":"Lagavulin","floor":7,"turns":7},{"damage":50,"enemies":"Gremlin Nob","floor":10,"turns":7},{"damage":1,"enemies":"Looter","floor":11,"turns":3},{"damage":24,"enemies":"The Mushroom Lair","floor":12,"turns":5},{"damage":38,"enemies":"The Guardian","floor":16,"turns":12}],"seed_played":"7600763563549083940","potions_obtained":[{"floor":3,"key":"BloodPotion"},{"floor":7,"key":"Ancient Potion"},{"floor":11,"key":"Fruit Juice"}],"is_trial":false,"path_per_floor":["M","?","M","$","M","R","E","R","T","E","M","?","?","$","R","B"],"character_chosen":"IRONCLAD","items_purchased":["Cleave","Sentinel"],"campfire_rested":1,"item_purchase_floors":[4,14],"current_hp_per_floor":[68,63,63,63,63,63,63,63,63,25,30,17,17,17,37,0],"gold":21,"neow_bonus":"TRANSFORM_TWO_CARDS","is_prod":false,"is_daily":false,"chose_seed":false,"campfire_upgraded":2,"win_rate":0,"timestamp":1544272098,"path_taken":["M","?","M","$","M","R","E","R","T","E","M","?","?","$","R","BOSS"],"build_version":"2018-12-06","purchased_purges":1,"victory":false,"max_hp_per_floor":[68,63,63,63,63,63,63,63,63,63,63,68,68,68,68,68],"card_choices":[{"not_picked":["Perfected Strike","Hemokinesis"],"picked":"Shrug It Off","floor":1},{"not_picked":["Evolve","Carnage"],"picked":"Rage","floor":3},{"not_picked":["Flame Barrier","Headbutt"],"picked":"Rampage","floor":5},{"not_picked":["Sever Soul","Rampage"],"picked":"Sentinel","floor":7},{"not_picked":["Sword Boomerang","Armaments"],"picked":"Thunderclap","floor":10},{"not_picked":["Body Slam","Havoc"],"picked":"Feel No Pain","floor":11},{"not_picked":["Cleave","Wild Strike"],"picked":"Anger","floor":12},{"not_picked":["Power Through","Flex"],"picked":"Pummel","floor":15}],"player_experience":997680,"relics_obtained":[{"floor":7,"key":"Orichalcum"},{"floor":9,"key":"PreservedInsect"},{"floor":10,"key":"Centennial Puzzle"},{"floor":12,"key":"Odd Mushroom"}],"event_choices":[{"damage_healed":0,"gold_gain":0,"player_choice":"Lose Max HP","damage_taken":0,"relics_obtained":["Golden Idol"],"max_hp_gain":0,"max_hp_loss":5,"event_name":"Golden Idol","floor":2,"gold_loss":0},{"damage_healed":0,"gold_gain":0,"player_choice":"Fought Mushrooms","damage_taken":0,"max_hp_gain":0,"max_hp_loss":0,"event_name":"Mushrooms","floor":12,"gold_loss":0},{"damage_healed":0,"gold_gain":0,"player_choice":"Paid Gold","damage_taken":0,"relics_obtained":["Dream Catcher"],"max_hp_gain":0,"max_hp_loss":0,"event_name":"WeMeetAgain","floor":13,"gold_loss":106}],"is_beta":false,"boss_relics":[],"items_purged_floors":[4],"is_endless":false,"potions_floor_spawned":[3,7,11],"killed_by":"The Guardian","ascension_level":14}