{"gold_per_floor":[110,29,39,39,39,67,77,88,115,142,159,159,172,190,190,264,264,275,275,42,42,42],"floor_reached":22,"playtime":1258,"items_purged":["Strike_R"],"score":333,"play_id":"51a62113-f751-4776-ab52-c5a9efea10f8","local_time":"20190104202820","is_ascension_mode":true,"campfire_choices":[{"floor":12,"key":"REST"},{"floor":15,"key":"REST"}],"neow_cost":"NONE","seed_source_timestamp":1374904394449868,"circlet_count":0,"master_deck":["AscendersBane","Defend_R","Defend_R","Defend_R","Defend_R","Bash","Immolate","Body Slam","Corruption","Offering","Bash","Cleave","Armaments","Thunderclap","True Grit","Demon Form","Body Slam","Sword Boomerang","Limit Break","Feed+1","Rage+1","Feed+1","Sword Boomerang+1","Feel No Pain","Flame Barrier","Armaments"],"relics":["Burning Blood","Red Skull","Juzu Bracelet","Art of War","Astrolabe","Nilry\u0027s Codex"],"potions_floor_usage":[14,16,16],"damage_taken":[{"damage":1,"enemies":"Cultist","floor":1,"turns":3},{"damage":0,"enemies":"Small Slimes","floor":3,"turns":3},{"damage":25,"enemies":"3 Sentries","floor":6,"turns":4},{"damage":8,"enemies":"Jaw Worm","floor":7,"turns":2},{"damage":14,"enemies":"Blue Slaver","floor":8,"turns":2},{"damage":22,"enemies":"Gremlin Nob","floor":10,"turns":3},{"damage":6,"enemies":"2 Fungi Beasts","floor":11,"turns":2},{"damage":1,"enemies":"Exordium Wildlife","floor":13,"turns":3},{"damage":9,"enemies":"3 Louse","floor":14,"turns":2},{"damage":12,"enemies":"Slime Boss","floor":16,"turns":7},{"damage":49,"enemies":"Spheric Guardian","floor":18,"turns":6},{"damage":13,"enemies":"Colosseum Slavers","floor":21,"turns":3},{"damage":8,"enemies":"3 Byrds","floor":22,"turns":2}],"seed_played":"-3515388800613368061","potions_obtained":[{"floor":1,"key":"Ancient Potion"},{"floor":3,"key":"SteroidPotion"},{"floor":14,"key":"GamblersBrew"}],"is_trial":false,"path_per_floor":["M","$","M","?","$","E","M","M","T","E","M","R","M","M","R","B",null,"M","?","$","?","M"],"character_chosen":"IRONCLAD","items_purchased":["Corruption","Feel No Pain","Flame Barrier","Armaments"],"campfire_rested":2,"item_purchase_floors":[2,20,20,20],"current_hp_per_floor":[73,73,75,75,75,56,54,46,46,30,30,52,57,54,75,69,74,31,15,15,8,0],"gold":42,"neow_bonus":"TRANSFORM_CARD","is_prod":false,"is_daily":false,"chose_seed":false,"campfire_upgraded":0,"win_rate":0,"timestamp":1546633700,"path_taken":["M","?","M","?","$","E","?","M","T","E","M","R","M","M","R","BOSS","M","?","$","?","M"],"build_version":"2019-01-03v3","purchased_purges":1,"victory":false,"max_hp_per_floor":[75,75,75,75,75,75,75,75,75,75,75,75,75,75,75,75,75,75,75,75,75,75],"card_choices":[{"not_picked":["Power Through","Evolve"],"picked":"Body Slam","floor":1},{"not_picked":["Warcry","Sever Soul","Havoc"],"picked":"SKIP","floor":3},{"not_picked":["Heavy Blade","Thunderclap"],"picked":"Cleave","floor":6},{"not_picked":["Second Wind","Flex"],"picked":"Armaments","floor":7},{"not_picked":["Reckless Charge","Body Slam"],"picked":"Thunderclap","floor":8},{"not_picked":["Clothesline","Wild Strike"],"picked":"True Grit","floor":10},{"not_picked":["Heavy Blade","Thunderclap"],"picked":"Demon Form","floor":11},{"not_picked":["Perfected Strike","Clothesline"],"picked":"Body Slam","floor":13},{"not_picked":["Hemokinesis","Seeing Red"],"picked":"Sword Boomerang","floor":14},{"not_picked":["Berserk","Offering"],"picked":"Limit Break","floor":16},{"not_picked":["Thunderclap","Clash"],"picked":"Sword Boomerang+1","floor":18}],"player_experience":1127338,"relics_obtained":[{"floor":6,"key":"Red Skull"},{"floor":9,"key":"Juzu Bracelet"},{"floor":10,"key":"Art of War"},{"floor":19,"key":"Nilry\u0027s Codex"}],"event_choices":[{"damage_healed":0,"gold_gain":0,"player_choice":"2 cards matched","damage_taken":0,"max_hp_gain":0,"max_hp_loss":0,"event_name":"Match and Keep!","floor":4,"gold_loss":0,"cards_obtained":["Offering","Bash"]},{"damage_healed":0,"gold_gain":0,"player_choice":"Obtained Book","damage_taken":16,"max_hp_gain":0,"max_hp_loss":0,"event_name":"Cursed Tome","floor":19,"gold_loss":0},{"damage_healed":0,"gold_gain":0,"player_choice":"Fight","damage_taken":0,"max_hp_gain":0,"max_hp_loss":0,"event_name":"Colosseum","floor":21,"gold_loss":0},{"damage_healed":0,"gold_gain":0,"player_choice":"Fled From Nobs","damage_taken":0,"max_hp_gain":0,"max_hp_loss":0,"event_name":"Colosseum","floor":21,"gold_loss":0}],"is_beta":false,"boss_relics":[{"not_picked":["Runic Pyramid","Black Star"],"picked":"Astrolabe"}],"items_purged_floors":[20],"is_endless":false,"potions_floor_spawned":[1,3,10,14],"killed_by":"3 Byrds","ascension_level":14}