{"gold_per_floor":[110,110,124,143,143,159,175,23,23,23,36,36,36,51,51,170,170,188,212,137,152,152,190,190,231,231,245,50,66,66,91,91,216,216,237,312,56,70,70,70,70,93,120,120,133,172,102,31,31,31,31,31,31,64,64],"floor_reached":56,"playtime":3422,"items_purged":["Strike_B","Strike_B"],"score":1305,"play_id":"9f6d6ac8-995c-44eb-b481-f8604c51bb0f","local_time":"20190108043732","is_ascension_mode":true,"campfire_choices":[{"data":"Hello World","floor":10,"key":"SMITH"},{"data":"Blizzard","floor":12,"key":"SMITH"},{"data":"Dualcast","floor":15,"key":"SMITH"},{"data":"Machine Learning","floor":24,"key":"SMITH"},{"data":"Hologram","floor":30,"key":"SMITH"},{"data":"Chaos","floor":32,"key":"SMITH"},{"floor":40,"key":"RECALL"},{"data":"Defragment","floor":49,"key":"SMITH"},{"data":"Coolheaded","floor":52,"key":"SMITH"}],"neow_cost":"NONE","seed_source_timestamp":1331719297293395,"circlet_count":0,"master_deck":["Strike_B","Defend_B","Defend_B","Defend_B","Defend_B+1","Zap","Dualcast+1","Impatience","Self Repair","Coolheaded+1","Blizzard+1","Hello World+1","Force Field","Glacier","Coolheaded+1","Machine Learning+1","Chaos+1","Cold Snap","Meteor Strike","Loop","Hologram+1","Glacier","Buffer","Fusion","Coolheaded+1","Blizzard","Defragment+1"],"relics":["Cracked Core","Omamori","Blue Candle","Golden Idol","Snecko Eye","Ornamental Fan","Centennial Puzzle","Strawberry","Regal Pillow","Runic Dome","Bag of Preparation","War Paint","Anchor","Potion Belt","Dodecahedron"],"potions_floor_usage":[14,16,25,33,54,54,54,55,55,55,55,55],"damage_taken":[{"damage":6,"enemies":"Jaw Worm","floor":1,"turns":3},{"damage":1,"enemies":"Cultist","floor":3,"turns":3},{"damage":0,"enemies":"2 Louse","floor":4,"turns":2},{"damage":17,"enemies":"Exordium Thugs","floor":6,"turns":6},{"damage":32,"enemies":"Exordium Wildlife","floor":7,"turns":9},{"damage":8,"enemies":"Looter","floor":11,"turns":4},{"damage":10,"enemies":"Exordium Thugs","floor":14,"turns":4},{"damage":26,"enemies":"Hexaghost","floor":16,"turns":15},{"damage":14,"enemies":"Spheric Guardian","floor":18,"turns":8},{"damage":14,"enemies":"Chosen","floor":19,"turns":10},{"damage":10,"enemies":"Snecko","floor":21,"turns":6},{"damage":0,"enemies":"Book of Stabbing","floor":23,"turns":6},{"damage":28,"enemies":"Gremlin Leader","floor":25,"turns":8},{"damage":3,"enemies":"Snake Plant","floor":27,"turns":6},{"damage":2,"enemies":"Shelled Parasite and Fungi","floor":29,"turns":5},{"damage":25,"enemies":"Collector","floor":33,"turns":9},{"damage":0,"enemies":"3 Shapes","floor":35,"turns":4},{"damage":0,"enemies":"3 Darklings","floor":38,"turns":4},{"damage":3,"enemies":"4 Shapes","floor":42,"turns":5},{"damage":0,"enemies":"Spire Growth","floor":45,"turns":6},{"damage":0,"enemies":"Giant Head","floor":46,"turns":8},{"damage":59,"enemies":"Time Eater","floor":50,"turns":14},{"damage":4,"enemies":"Shield and Spear","floor":54,"turns":8},{"damage":70,"enemies":"The Heart","floor":55,"turns":11}],"seed_played":"7170403895674725098","potions_obtained":[{"floor":2,"key":"FearPotion"},{"floor":2,"key":"SneckoOil"},{"floor":2,"key":"EntropicBrew"},{"floor":4,"key":"Dexterity Potion"},{"floor":11,"key":"AttackPotion"},{"floor":14,"key":"Fire Potion"},{"floor":18,"key":"Ancient Potion"},{"floor":33,"key":"SteroidPotion"},{"floor":35,"key":"Block Potion"},{"floor":45,"key":"Block Potion"}],"is_trial":false,"path_per_floor":["M","?","M","M","T","M","M","$","T","R","M","R","?","M","R","B",null,"M","M","?","M","?","E","R","E","T","M","$","M","R","T","R","B",null,"M","?","$","M","T","R","$","M","T","?","M","E","$","$","R","B",null,"R","$","E","B",null],"character_chosen":"DEFECT","items_purchased":["Omamori","Loop","Hologram","Bag of Preparation","Blizzard","Defragment"],"campfire_rested":0,"item_purchase_floors":[8,28,28,37,47,48],"current_hp_per_floor":[69,69,75,75,75,65,40,40,40,40,39,39,39,36,36,17,75,68,61,61,58,51,58,58,37,44,48,48,53,53,53,53,35,82,82,74,74,81,81,81,81,82,82,82,82,82,82,82,82,30,82,82,82,82,19],"gold":64,"neow_bonus":"RANDOM_COLORLESS","is_prod":false,"is_daily":false,"chose_seed":false,"campfire_upgraded":8,"win_rate":0,"timestamp":1546940252,"path_taken":["M","?","M","?","?","M","M","?","T","R","?","R","?","M","R","BOSS","M","M","?","M","?","E","R","E","T","?","$","M","R","?","R","BOSS","M","?","?","M","?","R","$","?","T","?","M","E","?","$","R","BOSS","R","$","E","BOSS"],"build_version":"2019-01-03v4","purchased_purges":2,"victory":true,"max_hp_per_floor":[75,75,75,75,75,75,75,75,75,75,75,75,75,75,75,75,75,75,75,75,75,75,75,75,75,82,82,82,82,82,82,82,82,82,82,82,82,82,82,82,82,82,82,82,82,82,82,82,82,82,82,82,82,82,82],"card_choices":[{"not_picked":["Cold Snap","Conserve Battery"],"picked":"Self Repair","floor":1},{"not_picked":["Stack","Gash"],"picked":"Coolheaded","floor":3},{"not_picked":["Compile Driver","Heatsinks"],"picked":"Blizzard","floor":4},{"not_picked":["Electrodynamics","Compile Driver"],"picked":"Hello World","floor":6},{"not_picked":["Double Energy","Auto Shields"],"picked":"Force Field","floor":7},{"not_picked":["Beam Cell","Hello World"],"picked":"Glacier","floor":11},{"not_picked":["Beam Cell","Barrage"],"picked":"Coolheaded","floor":14},{"not_picked":["Biased Cognition","All For One"],"picked":"Machine Learning","floor":16},{"not_picked":["Gash+1","Streamline"],"picked":"Chaos","floor":18},{"not_picked":["Go for the Eyes","Sweeping Beam+1"],"picked":"Cold Snap","floor":19},{"not_picked":["Tempest","Leap"],"picked":"Meteor Strike","floor":21},{"not_picked":["Rebound+1","Gash","Darkness"],"picked":"SKIP","floor":23},{"not_picked":["Leap","Compile Driver+1","Lockon"],"picked":"SKIP","floor":25},{"not_picked":["Sweeping Beam+1","Leap","Chaos"],"picked":"SKIP","floor":27},{"not_picked":["Ball Lightning","Streamline"],"picked":"Glacier","floor":29},{"not_picked":["Amplify","Rainbow"],"picked":"Buffer","floor":33},{"not_picked":["Rip and Tear","Rebound","Stack+1"],"picked":"SKIP","floor":35},{"not_picked":["Stack","Rebound","Aggregate+1"],"picked":"SKIP","floor":38},{"not_picked":["Go for the Eyes+1","Barrage+1","Cold Snap+1"],"picked":"SKIP","floor":42},{"not_picked":["Tempest","BootSequence+1"],"picked":"Fusion","floor":45},{"not_picked":["Double Energy+1","Beam Cell+1"],"picked":"Coolheaded+1","floor":46},{"not_picked":["Scrape","Fusion","Turbo"],"picked":"SKIP","floor":54}],"player_experience":490680,"relics_obtained":[{"floor":9,"key":"Blue Candle"},{"floor":23,"key":"Ornamental Fan"},{"floor":25,"key":"Centennial Puzzle"},{"floor":26,"key":"Strawberry"},{"floor":31,"key":"Regal Pillow"},{"floor":39,"key":"War Paint"},{"floor":43,"key":"Anchor"},{"floor":46,"key":"Potion Belt"},{"floor":54,"key":"Dodecahedron"}],"event_choices":[{"damage_healed":0,"gold_gain":0,"player_choice":"Got Potions","damage_taken":0,"max_hp_gain":0,"max_hp_loss":0,"event_name":"Lab","floor":2,"gold_loss":0},{"damage_healed":0,"gold_gain":0,"player_choice":"Take Wound","damage_taken":0,"relics_obtained":["Golden Idol"],"max_hp_gain":0,"max_hp_loss":0,"event_name":"Golden Idol","floor":13,"gold_loss":0,"cards_obtained":["Injury"]},{"cards_removed":["Strike_B"],"damage_healed":0,"gold_gain":0,"player_choice":"Gave Gold","damage_taken":0,"max_hp_gain":0,"max_hp_loss":0,"event_name":"Beggar","floor":20,"gold_loss":75},{"damage_healed":0,"gold_gain":0,"player_choice":"","damage_taken":7,"max_hp_gain":0,"max_hp_loss":0,"event_name":"Knowing Skull","floor":22,"potions_obtained":[],"gold_loss":0,"cards_obtained":[]},{"damage_healed":0,"gold_gain":75,"player_choice":"Touch","damage_taken":8,"max_hp_gain":0,"max_hp_loss":0,"event_name":"FaceTrader","floor":36,"gold_loss":0},{"damage_healed":0,"gold_gain":0,"player_choice":"Ignored","damage_taken":0,"max_hp_gain":0,"max_hp_loss":0,"event_name":"Tomb of Lord Red Mask","floor":44,"gold_loss":0}],"is_beta":false,"boss_relics":[{"not_picked":["Tiny House","Busted Crown"],"picked":"Snecko Eye"},{"not_picked":["Runic Pyramid","Eternal Feather"],"picked":"Runic Dome"}],"items_purged_floors":[28,37],"is_endless":false,"potions_floor_spawned":[4,6,11,14,18,21,33,35,45],"ascension_level":1}