{"gold_per_floor":[11,30,44,55,55,55,80,99,177,195,207,207,224,244,244,347,347,367,31,31,50,50,50,63,96,168,168,168,168,184,203,203,203],"floor_reached":33,"playtime":2078,"items_purged":["Strike_G"],"score":421,"play_id":"b9539cbf-2169-41dc-b24c-0b1e354bda50","local_time":"20181124154505","is_ascension_mode":true,"campfire_choices":[{"data":"Neutralize","floor":6,"key":"SMITH"},{"floor":12,"key":"REST"},{"floor":15,"key":"REST"},{"floor":23,"key":"REST"},{"floor":32,"key":"REST"}],"neow_cost":"NO_GOLD","seed_source_timestamp":58268939600540,"circlet_count":0,"master_deck":["Defend_G+1","Defend_G+1","Defend_G+1","Defend_G+1","Defend_G+1","Survivor","Neutralize+1","Infinite Blades","Unload","All Out Attack","Dagger Spray","Underhanded Strike","Quick Slash","Dagger Throw","Flying Knee","Cloak And Dagger","Bouncing Flask","Blur","Backflip","Envenom","Blade Dance+1","Malaise","Blade Dance","Deadly Poison+1","Backflip","Dash+1","Ghostly","Ghostly","Ghostly","Ghostly","Ghostly","Blur","Underhanded Strike+1","Bouncing Flask"],"relics":["Ring of the Snake","Question Card","Torii","Bottled Tornado","Sozu","Ornamental Fan","Bag of Marbles","Shuriken"],"potions_floor_usage":[4,16,25,25],"damage_taken":[{"damage":0,"enemies":"Cultist","floor":1,"turns":4},{"damage":0,"enemies":"2 Louse","floor":2,"turns":2},{"damage":1,"enemies":"Small Slimes","floor":3,"turns":2},{"damage":0,"enemies":"Blue Slaver","floor":4,"turns":1},{"damage":20,"enemies":"Gremlin Nob","floor":7,"turns":4},{"damage":0,"enemies":"Large Slime","floor":8,"turns":4},{"damage":1,"enemies":"2 Fungi Beasts","floor":10,"turns":3},{"damage":6,"enemies":"Lots of Slimes","floor":11,"turns":2},{"damage":19,"enemies":"Large Slime","floor":13,"turns":5},{"damage":1,"enemies":"2 Fungi Beasts","floor":14,"turns":2},{"damage":14,"enemies":"Hexaghost","floor":16,"turns":11},{"damage":19,"enemies":"Shell Parasite","floor":18,"turns":4},{"damage":1,"enemies":"Chosen","floor":21,"turns":4},{"damage":22,"enemies":"Centurion and Healer","floor":24,"turns":6},{"damage":38,"enemies":"Slavers","floor":25,"turns":6},{"damage":0,"enemies":"Snake Plant","floor":30,"turns":5},{"damage":0,"enemies":"Snecko","floor":31,"turns":7},{"damage":16,"enemies":"Collector","floor":33,"turns":3}],"seed_played":"-270295406923791276","potions_obtained":[{"floor":3,"key":"Fire Potion"},{"floor":8,"key":"Dexterity Potion"},{"floor":11,"key":"SteroidPotion"},{"floor":16,"key":"Dexterity Potion"}],"is_trial":false,"path_per_floor":["M","M","M","M","?","R","E","M","T","M","M","R","M","M","R","B",null,"M","$","?","M","?","R","M","E","T","?","?","?","M","M","R","B"],"character_chosen":"THE_SILENT","items_purchased":["Ornamental Fan"],"campfire_rested":4,"item_purchase_floors":[19],"current_hp_per_floor":[63,63,62,62,59,59,39,39,39,38,32,53,34,33,54,40,63,44,44,44,43,43,64,42,4,4,4,4,4,4,4,14,0],"gold":203,"neow_bonus":"TRANSFORM_TWO_CARDS","is_prod":false,"is_daily":false,"chose_seed":false,"campfire_upgraded":1,"win_rate":0,"timestamp":1543074305,"path_taken":["M","M","?","M","?","R","E","M","T","M","M","R","M","M","R","BOSS","M","$","?","M","?","R","M","E","T","?","?","?","M","M","R","BOSS"],"build_version":"2018-11-15","purchased_purges":1,"victory":false,"max_hp_per_floor":[70,70,70,70,70,70,70,70,70,70,70,70,70,70,70,70,70,70,70,70,70,70,70,70,70,70,70,35,35,35,35,35,35],"card_choices":[{"not_picked":["Acrobatics","Dodge and Roll"],"picked":"All Out Attack","floor":1},{"not_picked":["Outmaneuver","Acrobatics"],"picked":"Dagger Spray","floor":2},{"not_picked":["Blade Dance","Distraction"],"picked":"Underhanded Strike","floor":3},{"not_picked":["PiercingWail","Bane"],"picked":"Quick Slash","floor":4},{"not_picked":["Flying Knee","Glass Knife","Backflip"],"picked":"Dagger Throw","floor":7},{"not_picked":["Bane","Setup","Prepared"],"picked":"Flying Knee","floor":8},{"not_picked":["Predator","Outmaneuver","Prepared"],"picked":"Cloak And Dagger","floor":10},{"not_picked":["Accuracy","Choke","Underhanded Strike"],"picked":"Bouncing Flask","floor":11},{"not_picked":["Poisoned Stab","Dash","Underhanded Strike"],"picked":"Blur","floor":13},{"not_picked":["Slice","After Image","Dodge and Roll"],"picked":"Backflip","floor":14},{"not_picked":["Malaise","Doppelganger","Venomology"],"picked":"Envenom","floor":16},{"not_picked":["Heel Hook","Underhanded Strike+1","Flying Knee"],"picked":"Blade Dance+1","floor":18},{"not_picked":["Skewer","Dash","Dagger Spray"],"picked":"Deadly Poison+1","floor":21},{"not_picked":["Deflect+1","All Out Attack","Dagger Spray"],"picked":"Backflip","floor":24},{"not_picked":["Caltrops+1","Sucker Punch","Calculated Gamble"],"picked":"Dash+1","floor":25},{"not_picked":["Flying Knee","Escape Plan","Doppelganger"],"picked":"Underhanded Strike+1","floor":30},{"not_picked":["Backflip","Slice","Dash"],"picked":"Bouncing Flask","floor":31}],"player_experience":880694,"relics_obtained":[{"floor":7,"key":"Torii"},{"floor":9,"key":"Bottled Tornado"},{"floor":25,"key":"Bag of Marbles"},{"floor":26,"key":"Shuriken"}],"event_choices":[{"damage_healed":0,"gold_gain":0,"player_choice":"Success","damage_taken":3,"relics_obtained":["Question Card"],"max_hp_gain":0,"max_hp_loss":0,"event_name":"Scrap Ooze","floor":5,"gold_loss":0},{"damage_healed":0,"gold_gain":0,"cards_transformed":["Strike_G","Strike_G"],"player_choice":"Became Test Subject","damage_taken":0,"max_hp_gain":0,"max_hp_loss":0,"event_name":"Drug Dealer","floor":20,"gold_loss":0,"cards_obtained":["Malaise","Blade Dance"]},{"damage_healed":0,"gold_gain":0,"player_choice":"Simplicity","damage_taken":0,"max_hp_gain":0,"max_hp_loss":0,"event_name":"Back to Basics","floor":22,"gold_loss":0,"cards_upgraded":["Defend_G","Defend_G","Defend_G","Defend_G","Defend_G"]},{"damage_healed":0,"gold_gain":0,"player_choice":"Ignored","damage_taken":0,"max_hp_gain":0,"max_hp_loss":0,"event_name":"Vampires","floor":27,"gold_loss":0},{"damage_healed":0,"gold_gain":0,"player_choice":"Became a Ghost","damage_taken":0,"max_hp_gain":0,"max_hp_loss":35,"event_name":"Ghosts","floor":28,"gold_loss":0,"cards_obtained":["Ghostly","Ghostly","Ghostly","Ghostly","Ghostly"]},{"damage_healed":0,"gold_gain":0,"player_choice":"Copied","damage_taken":0,"max_hp_gain":0,"max_hp_loss":0,"event_name":"Duplicator","floor":29,"gold_loss":0,"cards_obtained":["Blur"]}],"is_beta":false,"boss_relics":[{"not_picked":["Coffee Dripper","Runic Pyramid"],"picked":"Sozu"}],"items_purged_floors":[19],"is_endless":false,"potions_floor_spawned":[3,8,11,16,21,25],"killed_by":"Collector","ascension_level":9}