{"gold_per_floor":[111,111,130,21,32,32,43,43,43,75,88,104,104],"floor_reached":13,"playtime":556,"items_purged":["Strike_B"],"score":87,"play_id":"a65d99b2-d16b-4884-8ed5-ff2dd4cb6c39","local_time":"20180902235322","is_ascension_mode":false,"campfire_choices":[{"data":"Storm","floor":6,"key":"SMITH"},{"data":"Loop","floor":8,"key":"SMITH"}],"neow_cost":"","seed_source_timestamp":1562607650908864,"circlet_count":0,"master_deck":["Strike_B","Strike_B","Defend_B","Defend_B","Defend_B","Defend_B","Zap","Dualcast","Storm+1","Auto Shields","Recycle","Loop+1","Darkness","Lockon","Electrodynamics","Static Discharge","Stack"],"relics":["Cracked Core","Regal Pillow","Molten Egg 2"],"potions_floor_usage":[10],"damage_taken":[{"damage":11,"enemies":"Jaw Worm","floor":1,"turns":3},{"damage":6,"enemies":"Cultist","floor":3,"turns":3},{"damage":0,"enemies":"2 Louse","floor":5,"turns":2},{"damage":6,"enemies":"Looter","floor":7,"turns":4},{"damage":23,"enemies":"Gremlin Nob","floor":10,"turns":4},{"damage":1,"enemies":"Exordium Wildlife","floor":11,"turns":2},{"damage":16,"enemies":"Large Slime","floor":12,"turns":2},{"damage":14,"enemies":"Blue Slaver","floor":13,"turns":2}],"seed_played":"-417658374645550017","potions_obtained":[{"floor":1,"key":"FearPotion"},{"floor":5,"key":"Dexterity Potion"},{"floor":11,"key":"Poison Potion"},{"floor":12,"key":"Strength Potion"}],"is_trial":false,"path_per_floor":["M","?","M","$","M","R","M","R","T","E","M","M"],"character_chosen":"DEFECT","items_purchased":["Loop"],"campfire_rested":0,"item_purchase_floors":[4],"current_hp_per_floor":[64,64,58,58,58,58,52,52,52,29,28,12,0],"gold":104,"neow_bonus":"","is_prod":false,"is_daily":false,"chose_seed":false,"campfire_upgraded":2,"win_rate":0,"timestamp":1535946802,"path_taken":["M","?","M","?","?","R","M","R","T","E","M","?","M"],"build_version":"2018-08-30","purchased_purges":1,"victory":false,"max_hp_per_floor":[75,75,75,75,75,75,75,75,75,75,75,75,75],"card_choices":[{"not_picked":["Go for the Eyes","Lockon"],"picked":"Storm","floor":1},{"not_picked":["Leap","Go for the Eyes"],"picked":"Recycle","floor":3},{"not_picked":["Conserve Battery","Doom and Gloom"],"picked":"Darkness","floor":5},{"not_picked":["Hologram","Rebound"],"picked":"Lockon","floor":7},{"not_picked":["All For One","Melter"],"picked":"Electrodynamics","floor":10},{"not_picked":["Go for the Eyes+1","Hologram"],"picked":"Static Discharge","floor":11},{"not_picked":["Gash+1","Barrage+1"],"picked":"Stack","floor":12}],"player_experience":139545,"relics_obtained":[{"floor":9,"key":"Regal Pillow"},{"floor":10,"key":"Molten Egg 2"}],"event_choices":[{"event_name":"Living Wall","player_choice":"Change","floor":2,"damage_taken":0}],"is_beta":false,"boss_relics":[],"items_purged_floors":[4],"is_endless":false,"potions_floor_spawned":[1,5,11,12],"killed_by":"Blue Slaver","ascension_level":0}