{"gold_per_floor":[112,112,130,43,56,89,89,101,174,174,174,193,218,230,230,328,328,346,364,279,63,63,63,63,75,98,123,134,134,149,168,168,168],"floor_reached":33,"playtime":1425,"items_purged":[],"score":335,"play_id":"6a8e72f0-4332-41a1-9a00-e300e4e8b86e","local_time":"20181228003213","is_ascension_mode":true,"campfire_choices":[{"floor":7,"key":"RECALL"},{"data":"Blur","floor":11,"key":"SMITH"},{"floor":15,"key":"REST"},{"data":"Catalyst","floor":23,"key":"SMITH"},{"floor":32,"key":"REST"}],"neow_cost":"NONE","seed_source_timestamp":18669367485700,"circlet_count":0,"master_deck":["Defend_G","Defend_G","Defend_G","Defend_G","Defend_G","Strike_G","Strike_G","Strike_G","Strike_G","Survivor","Neutralize+1","Escape Plan","Deadly Poison","Leg Sweep+1","Heel Hook","Blur+1","Bane","Catalyst+1","After Image","Poisoned Stab+1","Crippling Poison","Decay"],"relics":["Ring of the Snake","Thread and Needle","Gremlin Horn","Pen Nib","White Beast Statue","Anchor","Snake Skull","Sundial","Bottled Tornado"],"potions_floor_usage":[12,13,27,27,27,30,33,33],"damage_taken":[{"damage":0,"enemies":"2 Louse","floor":1,"turns":5},{"damage":1,"enemies":"Small Slimes","floor":3,"turns":3},{"damage":0,"enemies":"Cultist","floor":5,"turns":4},{"damage":22,"enemies":"Lagavulin","floor":6,"turns":10},{"damage":0,"enemies":"3 Louse","floor":8,"turns":4},{"damage":0,"enemies":"Exordium Wildlife","floor":12,"turns":4},{"damage":37,"enemies":"Gremlin Nob","floor":13,"turns":5},{"damage":0,"enemies":"Looter","floor":14,"turns":3},{"damage":19,"enemies":"Hexaghost","floor":16,"turns":13},{"damage":3,"enemies":"Spheric Guardian","floor":18,"turns":8},{"damage":11,"enemies":"Chosen","floor":19,"turns":5},{"damage":6,"enemies":"Centurion and Healer","floor":25,"turns":8},{"damage":26,"enemies":"Slavers","floor":27,"turns":8},{"damage":11,"enemies":"Sentry and Sphere","floor":28,"turns":8},{"damage":1,"enemies":"Snecko","floor":30,"turns":4},{"damage":8,"enemies":"3 Cultists","floor":31,"turns":6},{"damage":52,"enemies":"Collector","floor":33,"turns":5}],"seed_played":"-2807809943230321890","potions_obtained":[{"floor":3,"key":"Regen Potion"},{"floor":8,"key":"PowerPotion"},{"floor":12,"key":"Ancient Potion"},{"floor":18,"key":"PowerPotion"},{"floor":19,"key":"AttackPotion"},{"floor":27,"key":"Ancient Potion"},{"floor":28,"key":"Fire Potion"},{"floor":30,"key":"SpeedPotion"},{"floor":31,"key":"EssenceOfSteel"}],"is_trial":false,"path_per_floor":["M","?","M","$","M","E","R","M","T","?","R","M","E","M","R","B",null,"M","M","?","$","?","R","?","M","T","E","M","T","M","M","R","B"],"character_chosen":"THE_SILENT","items_purchased":["Deadly Poison","Leg Sweep","Snake Skull","Crippling Poison"],"campfire_rested":2,"item_purchase_floors":[4,4,21,21],"current_hp_per_floor":[70,70,69,69,69,47,47,47,47,47,47,47,24,24,45,26,70,67,56,56,56,56,56,56,50,50,24,13,13,12,4,25,0],"gold":168,"neow_bonus":"REMOVE_CARD","is_prod":false,"is_daily":false,"chose_seed":false,"campfire_upgraded":2,"win_rate":0,"timestamp":1545953533,"path_taken":["M","?","M","$","M","E","R","M","T","?","R","?","E","M","R","BOSS","M","M","?","$","?","R","?","M","T","E","M","?","M","M","R","BOSS"],"build_version":"2018-12-20","purchased_purges":0,"victory":false,"max_hp_per_floor":[70,70,70,70,70,70,70,70,70,70,70,70,70,70,70,70,70,70,70,70,70,70,70,70,70,70,70,70,70,70,70,70,70],"card_choices":[{"not_picked":["Cloak And Dagger","Slice","Dagger Throw"],"picked":"SKIP","floor":1},{"not_picked":["Cloak And Dagger","Deflect"],"picked":"Escape Plan","floor":3},{"not_picked":["Sucker Punch","Dodge and Roll","Slice"],"picked":"SKIP","floor":5},{"not_picked":["Dash","Concentrate"],"picked":"Heel Hook","floor":6},{"not_picked":["Quick Slash","Backflip"],"picked":"Blur","floor":8},{"not_picked":["Dodge and Roll","Deflect"],"picked":"Bane","floor":12},{"not_picked":["Reflex","Choke","Bane"],"picked":"SKIP","floor":13},{"not_picked":["Bane","Masterful Stab"],"picked":"Catalyst","floor":14},{"not_picked":["Tools of the Trade","Venomology"],"picked":"After Image","floor":16},{"not_picked":["Bane","Backstab"],"picked":"Poisoned Stab+1","floor":18},{"not_picked":["Prepared+1","Expertise","Riddle With Holes"],"picked":"SKIP","floor":19},{"not_picked":["Outmaneuver","Expertise","Terror"],"picked":"SKIP","floor":25},{"not_picked":["Acrobatics","Setup","Sucker Punch"],"picked":"SKIP","floor":27},{"not_picked":["Flying Knee","Poisoned Stab+1","Prepared+1"],"picked":"SKIP","floor":28},{"not_picked":["Flying Knee","After Image","Dodge and Roll"],"picked":"SKIP","floor":30},{"not_picked":["Flying Knee+1","Blade Dance+1","Accuracy"],"picked":"SKIP","floor":31}],"player_experience":816328,"relics_obtained":[{"floor":6,"key":"Thread and Needle"},{"floor":9,"key":"Gremlin Horn"},{"floor":13,"key":"Pen Nib"},{"floor":27,"key":"Sundial"},{"floor":29,"key":"Bottled Tornado"}],"event_choices":[{"damage_healed":0,"gold_gain":0,"player_choice":"Grow","damage_taken":0,"max_hp_gain":0,"max_hp_loss":0,"event_name":"Living Wall","floor":2,"gold_loss":0,"cards_upgraded":["Neutralize"]},{"damage_healed":0,"gold_gain":0,"player_choice":"Upgraded","damage_taken":0,"max_hp_gain":0,"max_hp_loss":0,"event_name":"Upgrade Shrine","floor":10,"gold_loss":0,"cards_upgraded":["Leg Sweep"]},{"damage_healed":0,"gold_gain":0,"player_choice":"Obtained Relic","damage_taken":0,"relics_obtained":["Anchor"],"max_hp_gain":0,"max_hp_loss":0,"event_name":"Addict","floor":20,"gold_loss":85},{"damage_healed":0,"gold_gain":0,"player_choice":"Smashed Altar","damage_taken":0,"max_hp_gain":0,"max_hp_loss":0,"event_name":"Forgotten Altar","floor":22,"gold_loss":0,"cards_obtained":["Decay"]},{"damage_healed":0,"gold_gain":0,"player_choice":"Ignored","damage_taken":0,"max_hp_gain":0,"max_hp_loss":0,"event_name":"Beggar","floor":24,"gold_loss":0}],"is_beta":false,"boss_relics":[{"not_picked":["Pandora\u0027s Box","Sozu"],"picked":"White Beast Statue"}],"items_purged_floors":[],"is_endless":false,"potions_floor_spawned":[3,8,12,18,19,25,27,28,30,31],"killed_by":"Collector","ascension_level":4}