{"gold_per_floor":[118,133,66,85,98,131,147,77,77,108,85,101,101,129,129,129],"floor_reached":16,"playtime":1395,"items_purged":[],"score":128,"play_id":"3c7ecafa-3853-4916-a9c7-99816a5c50d1","local_time":"20190210153827","is_ascension_mode":true,"campfire_choices":[{"data":"Dualcast","floor":13,"key":"SMITH"},{"data":"Chaos","floor":15,"key":"SMITH"}],"neow_cost":"NONE","seed_source_timestamp":229375598393244,"circlet_count":0,"master_deck":["Strike_B","Strike_B","Strike_B","Strike_B","Defend_B","Defend_B","Defend_B","Defend_B","Zap","Dualcast+1","Compile Driver","Chaos+1","Turbo","Cold Snap","Amplify","Chill","White Noise","Consume","Redo","Electrodynamics"],"relics":["Cracked Core","NeowsBlessing","Darkstone Periapt","PreservedInsect","Mercury Hourglass","Pocketwatch","Torii"],"potions_floor_usage":[6,10,12,14],"damage_taken":[{"damage":0,"enemies":"Cultist","floor":1,"turns":1},{"damage":0,"enemies":"Jaw Worm","floor":2,"turns":1},{"damage":0,"enemies":"Small Slimes","floor":4,"turns":1},{"damage":21,"enemies":"Exordium Thugs","floor":5,"turns":6},{"damage":33,"enemies":"3 Sentries","floor":6,"turns":11},{"damage":3,"enemies":"3 Louse","floor":7,"turns":3},{"damage":3,"enemies":"Gremlin Nob","floor":10,"turns":4},{"damage":8,"enemies":"Lots of Slimes","floor":12,"turns":2},{"damage":2,"enemies":"Lagavulin","floor":14,"turns":5},{"damage":7,"enemies":"Hexaghost","floor":16,"turns":7}],"seed_played":"7253462993422348961","potions_obtained":[{"floor":4,"key":"EssenceOfSteel"},{"floor":7,"key":"Weak Potion"},{"floor":10,"key":"GamblersBrew"},{"floor":12,"key":"FocusPotion"}],"is_trial":false,"path_per_floor":["M","?","$"],"character_chosen":"DEFECT","items_purchased":["White Noise","Redo"],"campfire_rested":0,"item_purchase_floors":[8,11],"current_hp_per_floor":[75,75,75,75,54,21,18,18,18,15,15,7,7,5,5,0],"gold":129,"neow_bonus":"THREE_ENEMY_KILL","is_prod":false,"is_daily":false,"chose_seed":false,"campfire_upgraded":2,"win_rate":0,"timestamp":1549809507,"path_taken":["M","?","?","M","M","E","M","$","T","E","?","M","R","E","R","BOSS"],"build_version":"2019-01-23","purchased_purges":0,"victory":false,"max_hp_per_floor":[75,75,75,75,75,75,75,75,75,75,75,75,75,75,75,75],"card_choices":[{"not_picked":["Ball Lightning","Turbo"],"picked":"Compile Driver","floor":1},{"not_picked":["Lockon","Stack"],"picked":"Chaos","floor":2},{"not_picked":["Force Field","Rebound"],"picked":"Turbo","floor":4},{"not_picked":["Barrage","Beam Cell"],"picked":"Cold Snap","floor":5},{"not_picked":["Genetic Algorithm","Ball Lightning"],"picked":"Amplify","floor":6},{"not_picked":["Gash","Compile Driver"],"picked":"Chill","floor":7},{"not_picked":["Gash","Rebound"],"picked":"Consume","floor":10},{"not_picked":["Reprogram","Lockon","Sweeping Beam"],"picked":"SKIP","floor":12},{"not_picked":["Cold Snap","Double Energy"],"picked":"Electrodynamics","floor":14}],"player_experience":66304,"relics_obtained":[{"floor":6,"key":"PreservedInsect"},{"floor":9,"key":"Mercury Hourglass"},{"floor":10,"key":"Pocketwatch"},{"floor":14,"key":"Torii"}],"event_choices":[{"damage_healed":0,"gold_gain":0,"player_choice":"Paid Gold","damage_taken":0,"relics_obtained":["Darkstone Periapt"],"max_hp_gain":0,"max_hp_loss":0,"event_name":"WeMeetAgain","floor":3,"gold_loss":67}],"is_beta":false,"boss_relics":[],"items_purged_floors":[],"is_endless":false,"potions_floor_spawned":[4,7,10,12],"killed_by":"Hexaghost","ascension_level":1}