{"gold_per_floor":[119,194,194,92,92,92,111,136,136,136],"floor_reached":10,"playtime":554,"items_purged":["Regret"],"score":99,"play_id":"d2d87b61-9834-4b4e-949d-c4f61babcee2","local_time":"20190109133901","is_ascension_mode":true,"campfire_choices":[{"data":"Strike_G","floor":6,"key":"PURGE"}],"neow_cost":"NONE","seed_source_timestamp":10954274854952,"circlet_count":0,"master_deck":["AscendersBane","Defend_G","Defend_G","Defend_G","Defend_G+1","Defend_G","Strike_G","Strike_G","Strike_G+1","Strike_G","Survivor","Neutralize","Dagger Spray","Underhanded Strike","Blur"],"relics":["Velvet Choker","Peace Pipe","Bag of Marbles","Bronze Scales"],"potions_floor_usage":[],"damage_taken":[{"damage":1,"enemies":"Small Slimes","floor":1,"turns":5},{"damage":2,"enemies":"2 Louse","floor":7,"turns":3},{"damage":24,"enemies":"3 Sentries","floor":8,"turns":11},{"damage":15,"enemies":"Lagavulin","floor":10,"turns":2}],"seed_played":"2816573041825114499","potions_obtained":[],"is_trial":false,"path_per_floor":["M","?","?","$","?","R","M","E","T","E"],"character_chosen":"THE_SILENT","items_purchased":["Underhanded Strike"],"campfire_rested":0,"item_purchase_floors":[4],"current_hp_per_floor":[62,51,51,51,37,37,35,11,11,0],"gold":136,"neow_bonus":"BOSS_RELIC","is_prod":false,"is_daily":false,"chose_seed":false,"campfire_upgraded":0,"win_rate":0,"timestamp":1547041141,"path_taken":["M","?","?","$","?","R","M","E","T","E"],"build_version":"2019-01-03v4","purchased_purges":1,"victory":false,"max_hp_per_floor":[70,70,70,70,70,70,70,70,70,70],"card_choices":[{"not_picked":["Poisoned Stab","Deadly Poison"],"picked":"Dagger Spray","floor":1},{"not_picked":["PiercingWail","Flying Knee","Backflip"],"picked":"SKIP","floor":7},{"not_picked":["Infinite Blades","Endless Agony"],"picked":"Blur","floor":8}],"player_experience":1159313,"relics_obtained":[{"floor":8,"key":"Bag of Marbles"},{"floor":9,"key":"Bronze Scales"}],"event_choices":[{"damage_healed":0,"gold_gain":75,"player_choice":"Gather Gold","damage_taken":11,"max_hp_gain":0,"max_hp_loss":0,"event_name":"World of Goop","floor":2,"gold_loss":0},{"damage_healed":0,"gold_gain":0,"player_choice":"Box","damage_taken":0,"relics_obtained":["Peace Pipe"],"max_hp_gain":0,"max_hp_loss":0,"event_name":"Big Fish","floor":3,"gold_loss":0,"cards_obtained":["Regret"]},{"damage_healed":0,"gold_gain":0,"player_choice":"Entered Light","damage_taken":14,"max_hp_gain":0,"max_hp_loss":0,"event_name":"Shining Light","floor":5,"gold_loss":0,"cards_upgraded":["Defend_G","Strike_G"]}],"is_beta":false,"boss_relics":[],"items_purged_floors":[4],"is_endless":false,"potions_floor_spawned":[],"killed_by":"Lagavulin","ascension_level":11}