{"gold_per_floor":[113,128,143,156,176,210,224,224,298,317,333,352,369,369,369,489,489,507,507,547,547,213,213],"floor_reached":23,"playtime":5084,"items_purged":["Strike_R"],"score":197,"play_id":"1aa005a0-2e68-4d6b-9100-06c0fa129b52","local_time":"20190208024414","is_ascension_mode":false,"campfire_choices":[{"floor":8,"key":"REST"},{"floor":15,"key":"REST"}],"neow_cost":"NONE","seed_source_timestamp":45027492487452,"circlet_count":0,"master_deck":["Strike_R","Strike_R","Defend_R","Defend_R","Defend_R","Defend_R","Bash","Dropkick","Headbutt","Armaments","Brutality","Battle Trance","Warcry","Juggernaut","Rage","Shrug It Off","Shrug It Off","Dropkick","Infernal Blade+1"],"relics":["Burning Blood","Pen Nib","Pear","Golden Idol","Orrery","Red Mask","MutagenicStrength","Mercury Hourglass"],"potions_floor_usage":[10],"damage_taken":[{"damage":1,"enemies":"Cultist","floor":1,"turns":3},{"damage":3,"enemies":"Jaw Worm","floor":2,"turns":4},{"damage":9,"enemies":"Small Slimes","floor":3,"turns":4},{"damage":14,"enemies":"2 Fungi Beasts","floor":4,"turns":4},{"damage":0,"enemies":"Large Slime","floor":5,"turns":4},{"damage":47,"enemies":"Lagavulin","floor":6,"turns":9},{"damage":16,"enemies":"Gremlin Gang","floor":7,"turns":9},{"damage":16,"enemies":"Exordium Wildlife","floor":10,"turns":7},{"damage":5,"enemies":"Looter","floor":11,"turns":3},{"damage":5,"enemies":"Blue Slaver","floor":12,"turns":5},{"damage":1,"enemies":"3 Louse","floor":13,"turns":6},{"damage":61,"enemies":"The Guardian","floor":16,"turns":17},{"damage":21,"enemies":"Chosen","floor":18,"turns":5},{"damage":73,"enemies":"Masked Bandits","floor":20,"turns":8},{"damage":12,"enemies":"Gremlin Leader","floor":23,"turns":2}],"seed_played":"5029225457182746508","potions_obtained":[{"floor":3,"key":"SteroidPotion"},{"floor":4,"key":"BloodPotion"},{"floor":7,"key":"Ancient Potion"},{"floor":11,"key":"PowerPotion"}],"is_trial":false,"path_per_floor":["M","M","M","M","M","E","M","R","T","M","M","M","M","?","R","B",null,"M","?","?","?","$","E"],"character_chosen":"IRONCLAD","items_purchased":["Mercury Hourglass"],"campfire_rested":2,"item_purchase_floors":[22],"current_hp_per_floor":[80,80,77,69,75,34,24,48,58,57,58,59,64,42,69,14,90,75,75,8,8,8,0],"gold":213,"neow_bonus":"REMOVE_CARD","is_prod":false,"is_daily":false,"chose_seed":false,"campfire_upgraded":0,"win_rate":0.0,"timestamp":1549590254,"path_taken":["M","M","M","M","?","E","M","R","T","M","M","M","M","?","R","BOSS","M","?","?","?","$","E"],"build_version":"2019-01-23","purchased_purges":1,"victory":false,"max_hp_per_floor":[80,80,80,80,80,80,80,80,90,90,90,90,90,90,90,90,90,90,90,90,90,90,90],"card_choices":[{"not_picked":["Iron Wave","Second Wind"],"picked":"Dropkick","floor":1},{"not_picked":["Sword Boomerang","Thunderclap","Twin Strike"],"picked":"SKIP","floor":2},{"not_picked":["Carnage","Sword Boomerang"],"picked":"Headbutt","floor":3},{"not_picked":["Evolve","Cleave"],"picked":"Armaments","floor":4},{"not_picked":["Armaments","Disarm","True Grit"],"picked":"SKIP","floor":5},{"not_picked":["Burning Pact","Pommel Strike"],"picked":"Brutality","floor":6},{"not_picked":["Headbutt","Rage"],"picked":"Battle Trance","floor":7},{"not_picked":["Anger","Wild Strike","Feel No Pain"],"picked":"SKIP","floor":10},{"not_picked":["Armaments","Clash"],"picked":"Warcry","floor":11},{"not_picked":["Twin Strike","Pommel Strike","Feel No Pain"],"picked":"SKIP","floor":12},{"not_picked":["Armaments","Body Slam","Clothesline"],"picked":"SKIP","floor":13},{"not_picked":["Reaper","Impervious"],"picked":"Juggernaut","floor":16},{"not_picked":["Headbutt","Sword Boomerang"],"picked":"Rage","floor":17},{"not_picked":["Dual Wield","Evolve"],"picked":"Shrug It Off","floor":17},{"not_picked":["Pommel Strike","Clothesline"],"picked":"Shrug It Off","floor":17},{"not_picked":["Clash","Armaments"],"picked":"Dropkick","floor":17},{"not_picked":["Perfected Strike","Twin Strike","Dropkick"],"picked":"SKIP","floor":18},{"not_picked":["Thunderclap","Wild Strike"],"picked":"Infernal Blade+1","floor":20}],"player_experience":37606,"relics_obtained":[{"floor":6,"key":"Pen Nib"},{"floor":9,"key":"Pear"},{"floor":20,"key":"Red Mask"}],"event_choices":[{"damage_healed":0,"gold_gain":0,"player_choice":"Take Damage","damage_taken":22,"relics_obtained":["Golden Idol"],"max_hp_gain":0,"max_hp_loss":0,"event_name":"Golden Idol","floor":14,"gold_loss":0},{"cards_removed":["Strike_R"],"damage_healed":0,"gold_gain":0,"player_choice":"Elegance","damage_taken":0,"max_hp_gain":0,"max_hp_loss":0,"event_name":"Back to Basics","floor":19,"gold_loss":0},{"damage_healed":0,"gold_gain":0,"player_choice":"Fought Bandits","damage_taken":0,"max_hp_gain":0,"max_hp_loss":0,"event_name":"Masked Bandits","floor":20,"gold_loss":0},{"damage_healed":0,"gold_gain":0,"player_choice":"Inject Mutagens","damage_taken":0,"relics_obtained":["MutagenicStrength"],"max_hp_gain":0,"max_hp_loss":0,"event_name":"Drug Dealer","floor":21,"gold_loss":0}],"is_beta":false,"boss_relics":[{"not_picked":["Black Blood","Astrolabe"],"picked":"Orrery"}],"items_purged_floors":[22],"is_endless":false,"potions_floor_spawned":[3,4,7,11,12,18],"killed_by":"Gremlin Leader","ascension_level":0}