{"gold_per_floor":[117,117,134,134,147,181,106,124,175,175,125,140,152,169,169,274,274,285,36,36,56,75,75,75,75],"floor_reached":25,"playtime":1829,"items_purged":["Strike_R","Strike_R"],"score":215,"play_id":"fecd2d3a-f9e6-4a3a-ad1f-d8df797c00dc","local_time":"20190124144700","is_ascension_mode":true,"campfire_choices":[{"data":"Shrug It Off","floor":10,"key":"SMITH"},{"data":"Bash","floor":15,"key":"SMITH"},{"data":"Armaments","floor":23,"key":"SMITH"}],"neow_cost":"NONE","seed_source_timestamp":3996272246074,"circlet_count":0,"master_deck":["Strike_R+1","Strike_R+1","Defend_R+1","Defend_R","Defend_R","Bash+1","Offering","Shrug It Off+1","Writhe","Armaments+1"],"relics":["Burning Blood","NeowsBlessing","Bottled Lightning","War Paint","Sozu","Whetstone","Anchor","MutagenicStrength"],"potions_floor_usage":[6,6,6,13,14,16,16],"damage_taken":[{"damage":0,"enemies":"2 Louse","floor":1,"turns":1},{"damage":0,"enemies":"Cultist","floor":3,"turns":1},{"damage":0,"enemies":"Small Slimes","floor":5,"turns":1},{"damage":32,"enemies":"Lagavulin","floor":6,"turns":8},{"damage":9,"enemies":"Red Slaver","floor":8,"turns":5},{"damage":7,"enemies":"Blue Slaver","floor":12,"turns":4},{"damage":10,"enemies":"2 Fungi Beasts","floor":13,"turns":4},{"damage":10,"enemies":"Large Slime","floor":14,"turns":6},{"damage":46,"enemies":"The Guardian","floor":16,"turns":21},{"damage":13,"enemies":"3 Byrds","floor":18,"turns":7},{"damage":11,"enemies":"Shell Parasite","floor":21,"turns":6},{"damage":7,"enemies":"Snecko","floor":22,"turns":5},{"damage":26,"enemies":"Book of Stabbing","floor":25,"turns":8}],"seed_played":"1655439530122821709","potions_obtained":[{"floor":4,"key":"Explosive Potion"},{"floor":4,"key":"Strength Potion"},{"floor":4,"key":"Block Potion"},{"floor":6,"key":"EntropicBrew"},{"floor":12,"key":"Poison Potion"},{"floor":13,"key":"Fruit Juice"},{"floor":16,"key":"Energy Potion"}],"is_trial":false,"path_per_floor":["M","?","M","?","M","E","$","M","T","R","?","M","M","M","R","B",null,"M","$","?","M","M","R","?","E"],"character_chosen":"IRONCLAD","items_purchased":["Whetstone"],"campfire_rested":0,"item_purchase_floors":[19],"current_hp_per_floor":[80,80,80,80,80,54,54,51,51,51,51,50,51,47,47,7,85,78,78,78,73,72,72,72,46],"gold":75,"neow_bonus":"THREE_ENEMY_KILL","is_prod":false,"is_daily":false,"chose_seed":false,"campfire_upgraded":3,"win_rate":0,"timestamp":1548308820,"path_taken":["M","?","?","?","?","E","$","M","T","R","?","M","M","M","R","BOSS","M","$","?","M","M","R","?","E"],"build_version":"2019-01-23","purchased_purges":2,"victory":false,"max_hp_per_floor":[80,80,80,80,80,80,80,80,80,80,80,80,85,85,85,85,85,85,85,85,85,85,85,85,85],"card_choices":[{"not_picked":["Armaments","Searing Blow","Rage"],"picked":"SKIP","floor":1},{"not_picked":["Rage","Warcry"],"picked":"Shrug It Off","floor":3},{"not_picked":["True Grit","Clothesline","Headbutt"],"picked":"SKIP","floor":5},{"not_picked":["Sword Boomerang","Perfected Strike","Wild Strike"],"picked":"SKIP","floor":6},{"not_picked":["Pummel","Wild Strike","Sentinel"],"picked":"SKIP","floor":8},{"not_picked":["Warcry","Shrug It Off","Perfected Strike"],"picked":"SKIP","floor":12},{"not_picked":["Fire Breathing","Havoc","Iron Wave"],"picked":"SKIP","floor":13},{"not_picked":["Shockwave","Combust","Entrench"],"picked":"SKIP","floor":14},{"not_picked":["Metallicize","Wild Strike","Twin Strike"],"picked":"SKIP","floor":18},{"not_picked":["Iron Wave","Wild Strike+1","Anger"],"picked":"SKIP","floor":21},{"not_picked":["Perfected Strike+1","Shockwave"],"picked":"Armaments","floor":22}],"player_experience":79656,"relics_obtained":[{"floor":6,"key":"Bottled Lightning"},{"floor":9,"key":"War Paint"}],"event_choices":[{"damage_healed":0,"gold_gain":0,"cards_transformed":["Strike_R"],"player_choice":"Transformed","damage_taken":0,"max_hp_gain":0,"max_hp_loss":0,"event_name":"Transmorgrifier","floor":2,"gold_loss":0,"cards_obtained":["Offering"]},{"damage_healed":0,"gold_gain":0,"player_choice":"Got Potions","damage_taken":0,"max_hp_gain":0,"max_hp_loss":0,"event_name":"Lab","floor":4,"gold_loss":0},{"cards_removed":["Defend_R"],"damage_healed":0,"gold_gain":0,"player_choice":"Card Removal","damage_taken":0,"max_hp_gain":0,"max_hp_loss":0,"event_name":"The Cleric","floor":11,"gold_loss":50},{"damage_healed":0,"gold_gain":0,"player_choice":"Opened","damage_taken":0,"relics_obtained":["Anchor"],"max_hp_gain":0,"max_hp_loss":0,"event_name":"The Mausoleum","floor":20,"gold_loss":0,"cards_obtained":["Writhe"]},{"damage_healed":0,"gold_gain":0,"player_choice":"Inject Mutagens","damage_taken":0,"relics_obtained":["MutagenicStrength"],"max_hp_gain":0,"max_hp_loss":0,"event_name":"Drug Dealer","floor":24,"gold_loss":0}],"is_beta":false,"boss_relics":[{"not_picked":["Calling Bell","Coffee Dripper"],"picked":"Sozu"}],"items_purged_floors":[7,19],"is_endless":false,"potions_floor_spawned":[6,12,13,16],"killed_by":"Book of Stabbing","ascension_level":1}