{"gold_per_floor":[116,191,35,53,64,64,75,108,108,127,147,147,147,165,165,268,268,278,290,15,33,50,50,50,63,88,118,118,118],"floor_reached":29,"playtime":2289,"items_purged":["Strike_G"],"score":299,"play_id":"73ea674a-26fc-4f67-93a9-7ab57cca1afd","local_time":"20181228195325","is_ascension_mode":true,"campfire_choices":[{"data":"Noxious Fumes","floor":6,"key":"SMITH"},{"floor":12,"key":"REST"},{"floor":15,"key":"REST"},{"floor":23,"key":"REST"},{"floor":28,"key":"RECALL"}],"neow_cost":"NONE","seed_source_timestamp":87477119120500,"circlet_count":0,"master_deck":["Defend_G","Defend_G","Defend_G","Defend_G","Defend_G","Strike_G","Strike_G","Strike_G","Strike_G","Survivor","Neutralize+1","Distraction","Noxious Fumes+1","Dark Shackles","Poisoned Stab","Poisoned Stab","Noxious Fumes+1","Escape Plan","Envenom","Deadly Poison","Apotheosis","Prepared"],"relics":["Ring of the Snake","Bag of Preparation","PreservedInsect","Busted Crown","Sundial"],"potions_floor_usage":[8,10,16,21,21,25,27],"damage_taken":[{"damage":0,"enemies":"2 Louse","floor":1,"turns":4},{"damage":0,"enemies":"Cultist","floor":4,"turns":6},{"damage":0,"enemies":"Jaw Worm","floor":5,"turns":4},{"damage":20,"enemies":"Lots of Slimes","floor":7,"turns":4},{"damage":10,"enemies":"Lagavulin","floor":8,"turns":6},{"damage":1,"enemies":"Exordium Wildlife","floor":10,"turns":4},{"damage":3,"enemies":"Gremlin Gang","floor":11,"turns":4},{"damage":11,"enemies":"3 Louse","floor":14,"turns":3},{"damage":25,"enemies":"Hexaghost","floor":16,"turns":8},{"damage":13,"enemies":"Chosen","floor":18,"turns":5},{"damage":19,"enemies":"Shell Parasite","floor":19,"turns":6},{"damage":2,"enemies":"Centurion and Healer","floor":21,"turns":5},{"damage":16,"enemies":"Chosen and Byrds","floor":22,"turns":4},{"damage":3,"enemies":"Cultist and Chosen","floor":25,"turns":5},{"damage":2,"enemies":"Gremlin Leader","floor":27,"turns":4},{"damage":50,"enemies":"Slavers","floor":29,"turns":3}],"seed_played":"4730428835052575031","potions_obtained":[{"floor":1,"key":"PowerPotion"},{"floor":7,"key":"Energy Potion"},{"floor":11,"key":"FearPotion"},{"floor":14,"key":"Strength Potion"},{"floor":18,"key":"AttackPotion"},{"floor":19,"key":"SkillPotion"},{"floor":22,"key":"Fruit Juice"},{"floor":25,"key":"Fire Potion"}],"is_trial":false,"path_per_floor":["M","?","$","M","M","R","M","E","T","M","M","R","?","M","R","B",null,"M","M","$","M","M","R","$","M","T","E","R","E"],"character_chosen":"THE_SILENT","items_purchased":["Noxious Fumes","Dark Shackles","Apotheosis","Prepared"],"campfire_rested":3,"item_purchase_floors":[3,3,20,20],"current_hp_per_floor":[70,59,59,59,59,59,39,29,29,28,25,46,46,35,56,31,70,57,38,38,36,20,41,41,43,43,41,41,0],"gold":118,"neow_bonus":"UPGRADE_CARD","is_prod":false,"is_daily":false,"chose_seed":false,"campfire_upgraded":1,"win_rate":0,"timestamp":1546023205,"path_taken":["M","?","$","M","M","R","M","E","T","M","M","R","?","M","R","BOSS","M","M","$","M","M","R","$","M","T","E","R","E"],"build_version":"2018-12-20","purchased_purges":1,"victory":false,"max_hp_per_floor":[70,70,70,70,70,70,70,70,70,70,70,70,70,70,70,70,70,70,70,70,70,70,70,70,75,75,75,75,75],"card_choices":[{"not_picked":["Deadly Poison","Prepared"],"picked":"Distraction","floor":1},{"not_picked":["Dagger Throw","Underhanded Strike"],"picked":"Poisoned Stab","floor":4},{"not_picked":["Prepared","Wraith Form v2"],"picked":"Poisoned Stab","floor":5},{"not_picked":["Flying Knee","Dodge and Roll","Deflect"],"picked":"SKIP","floor":7},{"not_picked":["Blade Dance","Terror"],"picked":"Noxious Fumes","floor":8},{"not_picked":["Masterful Stab","Bouncing Flask","Dagger Spray"],"picked":"SKIP","floor":10},{"not_picked":["Well Laid Plans","Cloak And Dagger"],"picked":"Escape Plan","floor":11},{"not_picked":["Dagger Throw","Bane","Prepared"],"picked":"SKIP","floor":14},{"not_picked":["Night Terror","Venomology"],"picked":"Envenom","floor":16},{"not_picked":[],"picked":"Deadly Poison","floor":18},{"not_picked":["Underhanded Strike"],"picked":"SKIP","floor":19},{"not_picked":["Dagger Throw"],"picked":"SKIP","floor":21},{"not_picked":["Accuracy"],"picked":"SKIP","floor":22},{"not_picked":["Dodge and Roll"],"picked":"SKIP","floor":25},{"not_picked":["Bane+1"],"picked":"SKIP","floor":27}],"player_experience":817753,"relics_obtained":[{"floor":8,"key":"Bag of Preparation"},{"floor":9,"key":"PreservedInsect"},{"floor":27,"key":"Sundial"}],"event_choices":[{"damage_healed":0,"gold_gain":75,"player_choice":"Gather Gold","damage_taken":11,"max_hp_gain":0,"max_hp_loss":0,"event_name":"World of Goop","floor":2,"gold_loss":0},{"damage_healed":0,"gold_gain":0,"player_choice":"Forge","damage_taken":0,"max_hp_gain":0,"max_hp_loss":0,"event_name":"Accursed Blacksmith","floor":13,"gold_loss":0,"cards_upgraded":["Noxious Fumes"]}],"is_beta":false,"boss_relics":[{"not_picked":["Calling Bell","Ring of the Serpent"],"picked":"Busted Crown"}],"items_purged_floors":[20],"is_endless":false,"potions_floor_spawned":[1,7,11,14,18,19,22,25],"killed_by":"Slavers","ascension_level":4}