{"path_per_floor":["M","M","?","?","M","R","M","E","T","R","E","$","E","M","R","B",null,"M","$","?","M","?","E","R","E","T","M"],"character_chosen":"DEFECT","items_purchased":["Omamori"],"gold_per_floor":[110,126,126,76,95,95,105,135,135,135,169,2,37,50,50,148,148,163,113,28,44,44,77,77,105,130,140,140],"floor_reached":28,"campfire_rested":0,"playtime":2125,"item_purchase_floors":[12],"current_hp_per_floor":[63,63,56,56,63,63,69,63,63,63,60,60,64,70,70,31,75,75,75,75,75,75,73,73,30,30,29,0],"items_purged":["Defend_B","Strike_B"],"gold":140,"score":317,"play_id":"8a42a511-194f-4980-b0a5-90a1028f4a39","local_time":"20180619104032","is_prod":false,"is_daily":false,"chose_seed":false,"is_ascension_mode":true,"campfire_upgraded":4,"win_rate":0,"timestamp":1529426432,"campfire_choices":[{"data":"Dualcast","floor":6,"key":"SMITH"},{"data":"Zap","floor":10,"key":"SMITH"},{"data":"Glacier","floor":15,"key":"SMITH"},{"data":"Streamline","floor":24,"key":"SMITH"}],"path_taken":["M","M","?","?","?","R","M","E","T","R","E","$","E","M","R","BOSS","M","$","?","M","?","E","R","E","T","M","E"],"build_version":"2018-06-14v2","seed_source_timestamp":304693689595985,"purchased_purges":2,"victory":false,"master_deck":["Strike_B","Strike_B+1","Defend_B","Defend_B","Zap+1","Dualcast+1","Self Repair","Conserve Battery+1","Streamline+1","Glacier+1","Gash","Gash+1","Echo Form","FTL+1"],"max_hp_per_floor":[75,75,75,75,75,75,75,75,75,75,75,75,75,75,75,75,75,75,75,75,75,75,75,75,85,85,85,85],"relics":["Cracked Core","Regal Pillow","Smiling Mask","The Courier","Matryoshka","Omamori","Ancient Tea Set","Busted Crown","Potion Belt","Bag of Marbles","Pear","Whetstone","Dream Catcher"],"card_choices":[{"not_picked":["BootSequence","Lockon"],"picked":"Self Repair","floor":1},{"not_picked":["Double Energy","Undo"],"picked":"Conserve Battery","floor":2},{"not_picked":["Stack","Coolheaded","Sweeping Beam"],"picked":"SKIP","floor":5},{"not_picked":["Recycle","Conserve Battery","Consume"],"picked":"SKIP","floor":7},{"not_picked":["Skim","Coolheaded"],"picked":"Streamline","floor":8},{"not_picked":["Fusion","Conserve Battery"],"picked":"Glacier","floor":11},{"not_picked":["Steam","Stack"],"picked":"Gash","floor":13},{"not_picked":["Sweeping Beam","Rebound"],"picked":"Gash","floor":14},{"not_picked":["Reboot","Machine Learning"],"picked":"Echo Form","floor":16},{"not_picked":["Darkness"],"picked":"SKIP","floor":18},{"not_picked":["Rebound"],"picked":"SKIP","floor":21},{"not_picked":[],"picked":"FTL+1","floor":23},{"not_picked":["Steam"],"picked":"SKIP","floor":25},{"not_picked":["Barrage"],"picked":"SKIP","floor":27}],"player_experience":159847,"potions_floor_usage":[8,11,11,13,16,23,27,28],"damage_taken":[{"damage":12,"enemies":"Jaw Worm","floor":1,"turns":3},{"damage":7,"enemies":"Small Slimes","floor":2,"turns":4},{"damage":0,"enemies":"2 Louse","floor":5,"turns":2},{"damage":1,"enemies":"Looter","floor":7,"turns":4},{"damage":13,"enemies":"Lagavulin","floor":8,"turns":7},{"damage":10,"enemies":"3 Sentries","floor":11,"turns":7},{"damage":3,"enemies":"Lagavulin","floor":13,"turns":6},{"damage":1,"enemies":"Blue Slaver","floor":14,"turns":3},{"damage":46,"enemies":"Hexaghost","floor":16,"turns":11},{"damage":14,"enemies":"Shell Parasite","floor":18,"turns":5},{"damage":0,"enemies":"Spheric Guardian","floor":21,"turns":4},{"damage":9,"enemies":"Book of Stabbing","floor":23,"turns":7},{"damage":60,"enemies":"Gremlin Leader","floor":25,"turns":9},{"damage":30,"enemies":"Cultist and Chosen","floor":27,"turns":6},{"damage":30,"enemies":"Book of Stabbing","floor":28,"turns":3}],"relics_obtained":[{"floor":8,"key":"Smiling Mask"},{"floor":9,"key":"The Courier"},{"floor":11,"key":"Matryoshka"},{"floor":13,"key":"Ancient Tea Set"},{"floor":23,"key":"Bag of Marbles"},{"floor":25,"key":"Pear"},{"floor":26,"key":"Whetstone"},{"floor":26,"key":"Dream Catcher"}],"event_choices":[{"event_name":"Golden Wing","player_choice":"Card Removal","floor":3,"damage_taken":0},{"event_name":"The Cleric","player_choice":"Card Removal","floor":4,"damage_taken":0},{"event_name":"Addict","player_choice":"Obtained Relic","floor":20,"damage_taken":0},{"event_name":"Upgrade Shrine","player_choice":"Upgraded","floor":22,"damage_taken":0}],"boss_relics":[{"not_picked":["Runic Pyramid","Runic Dome"],"picked":"Busted Crown"}],"items_purged_floors":[12,19],"is_endless":false,"potions_floor_spawned":[1,2,7,8,14,16,18,25],"seed_played":"7349618909635985517","killed_by":"Book of Stabbing","ascension_level":3,"potions_obtained":[{"floor":1,"key":"Poison Potion"},{"floor":2,"key":"AttackPotion"},{"floor":7,"key":"GamblersBrew"},{"floor":8,"key":"Weak Potion"},{"floor":14,"key":"Dexterity Potion"},{"floor":16,"key":"Regen Potion"},{"floor":18,"key":"PowerPotion"},{"floor":25,"key":"Strength Potion"}],"is_trial":false}