{"gold_per_floor":[113,73,93,93,268,268,296,26,52,83,83,83,83,110,110,204,204,225,225,37,37],"floor_reached":21,"playtime":913,"items_purged":["Strike_R","Strike_R"],"score":308,"play_id":"ce608df8-0913-420a-aab2-d89d67e53fab","local_time":"20181206182124","is_ascension_mode":true,"campfire_choices":[{"data":"Uppercut","floor":6,"key":"SMITH"},{"floor":12,"key":"REST"},{"data":"Apotheosis","floor":15,"key":"SMITH"}],"neow_cost":"NONE","seed_source_timestamp":501256687600615,"circlet_count":0,"master_deck":["AscendersBane","Strike_R","Defend_R","Defend_R","Defend_R","Defend_R","Bash","Flex","Combust","Uppercut+1","Fiend Fire","Pommel Strike","Apotheosis+1","Anger","Feed","Rupture","Metallicize","Shrug It Off"],"relics":["Black Blood","Juzu Bracelet","PreservedInsect","Calipers","Golden Idol","Boot"],"potions_floor_usage":[7,16],"damage_taken":[{"damage":13,"enemies":"Small Slimes","floor":1,"turns":4},{"damage":1,"enemies":"Cultist","floor":3,"turns":3},{"damage":33,"enemies":"3 Sentries","floor":7,"turns":8},{"damage":2,"enemies":"Gremlin Nob","floor":10,"turns":3},{"damage":23,"enemies":"Hexaghost","floor":16,"turns":7},{"damage":33,"enemies":"2 Thieves","floor":18,"turns":4},{"damage":48,"enemies":"3 Byrds","floor":21,"turns":3}],"seed_played":"-1443556860529720749","potions_obtained":[{"floor":1,"key":"SkillPotion"},{"floor":10,"key":"SkillPotion"}],"is_trial":false,"path_per_floor":["M","$","M","?","?","R","E","$","T","E","?","R","?","T","R","B",null,"M","?","$","M"],"character_chosen":"IRONCLAD","items_purchased":["Uppercut","Apotheosis","Metallicize","Shrug It Off"],"campfire_rested":1,"item_purchase_floors":[2,8,20,20],"current_hp_per_floor":[61,61,66,66,66,66,39,39,39,43,43,65,65,65,65,48,64,41,41,41,0],"gold":37,"neow_bonus":"TRANSFORM_CARD","is_prod":false,"is_daily":false,"chose_seed":false,"campfire_upgraded":2,"win_rate":0,"timestamp":1544120484,"path_taken":["M","$","M","?","?","R","E","$","T","E","?","R","?","?","R","BOSS","M","?","$","M"],"build_version":"2018-11-15","purchased_purges":2,"victory":false,"max_hp_per_floor":[75,75,75,75,75,75,75,75,75,75,75,75,69,69,69,69,69,69,69,69,72],"card_choices":[{"not_picked":["Reckless Charge","Dual Wield"],"picked":"Combust","floor":1},{"not_picked":["Clash","Flex","Wild Strike"],"picked":"SKIP","floor":3},{"not_picked":["Clash","Shockwave"],"picked":"Pommel Strike","floor":7},{"not_picked":["Whirlwind","Headbutt"],"picked":"Anger","floor":10},{"not_picked":["Offering","Berserk"],"picked":"Feed","floor":16},{"not_picked":["Rage","True Grit","Heavy Blade"],"picked":"SKIP","floor":18}],"player_experience":987243,"relics_obtained":[{"floor":7,"key":"Juzu Bracelet"},{"floor":9,"key":"PreservedInsect"},{"floor":10,"key":"Calipers"},{"floor":14,"key":"Boot"}],"event_choices":[{"damage_healed":0,"gold_gain":0,"cards_transformed":["Strike_R"],"player_choice":"Change","damage_taken":0,"max_hp_gain":0,"max_hp_loss":0,"event_name":"Living Wall","floor":4,"gold_loss":0,"cards_obtained":["Fiend Fire"]},{"damage_healed":0,"gold_gain":175,"player_choice":"AGREE","damage_taken":0,"max_hp_gain":0,"max_hp_loss":0,"event_name":"Liars Game","floor":5,"gold_loss":0,"cards_obtained":["Doubt"]},{"cards_removed":["Doubt"],"damage_healed":0,"gold_gain":0,"player_choice":"Removed Curses","damage_taken":0,"max_hp_gain":0,"max_hp_loss":0,"event_name":"Fountain of Cleansing","floor":11,"gold_loss":0},{"damage_healed":0,"gold_gain":0,"player_choice":"Lose Max HP","damage_taken":0,"relics_obtained":["Golden Idol"],"max_hp_gain":0,"max_hp_loss":6,"event_name":"Golden Idol","floor":13,"gold_loss":0},{"damage_healed":0,"gold_gain":0,"player_choice":"Read","damage_taken":0,"max_hp_gain":0,"max_hp_loss":0,"event_name":"The Library","floor":19,"gold_loss":0,"cards_obtained":["Rupture"]}],"is_beta":false,"boss_relics":[{"not_picked":["Philosopher\u0027s Stone","Snecko Eye"],"picked":"Black Blood"}],"items_purged_floors":[8,20],"is_endless":false,"potions_floor_spawned":[1,10],"killed_by":"3 Byrds","ascension_level":14}