{"gold_per_floor":[116,116,35,55,55,55,72,100,124,141,17,17,51,75,87,202,214,241,253,190,202,228,269,281,312,324,362,385,397,421,461,473,587,599,623,22,34,34,34,34,47,61,61,161,82,117,131,131,131,131],"floor_reached":51,"playtime":2613,"items_purged":["Strike_G","Strike_G"],"score":975,"play_id":"b0c9857d-b2f0-4993-b9e5-4bec369fe7a8","local_time":"20190211205311","is_ascension_mode":true,"campfire_choices":[{"data":"Bandage Up","floor":6,"key":"SMITH"},{"floor":15,"key":"REST"},{"floor":24,"key":"REST"},{"floor":29,"key":"RECALL"},{"floor":32,"key":"REST"},{"data":"Corpse Explosion","floor":40,"key":"SMITH"},{"floor":49,"key":"REST"}],"neow_cost":"NONE","seed_source_timestamp":1972558840468700,"circlet_count":0,"master_deck":["Defend_G","Defend_G","Defend_G+1","Defend_G","Strike_G+1","Strike_G+1","Survivor","Neutralize","Bandage Up+1","Bane+1","Bouncing Flask+1","Deadly Poison","Adrenaline","Night Terror","PiercingWail","Well Laid Plans","Crippling Poison+1","Noxious Fumes+1","Poisoned Stab","Prepared","Bullet Time","Corpse Explosion+1","Poisoned Stab","Catalyst+1","Parasite","Deadly Poison+1","Envenom","Noxious Fumes","Adrenaline"],"relics":["Ring of the Snake","Snake Skull","Whetstone","Blood Vial","MawBank","Sozu","Paper Crane","Dead Branch","Bottled Tornado","Bottled Flame","Lizard Tail","TwistedFunnel","PreservedInsect","Happy Flower","Shovel","Oddly Smooth Stone"],"potions_floor_usage":[8,16,27],"damage_taken":[{"damage":1,"enemies":"Jaw Worm","floor":1,"turns":6},{"damage":0,"enemies":"2 Louse","floor":4,"turns":3},{"damage":0,"enemies":"Cultist","floor":7,"turns":4},{"damage":22,"enemies":"3 Sentries","floor":8,"turns":13},{"damage":17,"enemies":"Gremlin Gang","floor":10,"turns":8},{"damage":8,"enemies":"Gremlin Nob","floor":13,"turns":3},{"damage":0,"enemies":"Exordium Wildlife","floor":14,"turns":3},{"damage":31,"enemies":"Hexaghost","floor":16,"turns":5},{"damage":23,"enemies":"2 Thieves","floor":18,"turns":3},{"damage":2,"enemies":"Shell Parasite","floor":22,"turns":5},{"damage":18,"enemies":"Book of Stabbing","floor":23,"turns":5},{"damage":15,"enemies":"Centurion and Healer","floor":25,"turns":8},{"damage":12,"enemies":"Slavers","floor":27,"turns":4},{"damage":0,"enemies":"Snake Plant","floor":28,"turns":3},{"damage":0,"enemies":"Sentry and Sphere","floor":30,"turns":3},{"damage":25,"enemies":"Book of Stabbing","floor":31,"turns":5},{"damage":47,"enemies":"Champ","floor":33,"turns":10},{"damage":10,"enemies":"3 Shapes","floor":35,"turns":4},{"damage":5,"enemies":"Orb Walker","floor":37,"turns":3},{"damage":11,"enemies":"Transient","floor":41,"turns":5},{"damage":3,"enemies":"Writhing Mass","floor":42,"turns":3},{"damage":27,"enemies":"Mind Bloom Boss Battle","floor":44,"turns":4},{"damage":55,"enemies":"Reptomancer","floor":46,"turns":4},{"damage":2,"enemies":"Jaw Worm Horde","floor":47,"turns":2},{"damage":61,"enemies":"Time Eater","floor":50,"turns":6}],"seed_played":"5090857486702280706","potions_obtained":[{"floor":1,"key":"Dexterity Potion"},{"floor":8,"key":"GamblersBrew"},{"floor":13,"key":"SkillPotion"},{"floor":16,"key":"FearPotion"}],"is_trial":false,"path_per_floor":["M","?","$","M","$","R","M","E","T","M","$","?","E","M","R","B",null,"M","$","?","?","M","E","R","M","T","E","M","R","M","E","R","B",null,"M","$","M","$","?","R","M","M","T","?","$","E","M","?","R","B",null],"character_chosen":"THE_SILENT","items_purchased":["Bandage Up","Deadly Poison","TwistedFunnel","PreservedInsect","Happy Flower","Noxious Fumes"],"campfire_rested":4,"item_purchase_floors":[3,11,36,36,36,45],"current_hp_per_floor":[69,55,55,59,59,59,65,49,49,40,40,40,40,48,69,39,62,47,47,47,47,53,43,64,57,57,53,61,61,69,45,66,27,59,57,57,60,60,60,60,57,62,62,43,43,31,37,37,58,5],"gold":131,"neow_bonus":"RANDOM_COMMON_RELIC","is_prod":false,"is_daily":false,"chose_seed":false,"campfire_upgraded":2,"win_rate":0,"timestamp":1549914791,"path_taken":["M","?","$","M","$","R","M","E","T","M","$","?","E","M","R","BOSS","M","$","?","?","?","E","R","?","T","E","M","R","M","E","R","BOSS","M","$","M","$","?","R","M","M","T","?","$","E","M","?","R","BOSS"],"build_version":"2019-01-23","purchased_purges":2,"victory":true,"max_hp_per_floor":[70,70,70,70,70,70,70,70,70,70,70,70,70,70,70,70,70,70,70,70,70,70,70,70,70,70,70,70,70,70,70,70,70,70,70,70,70,70,70,70,70,70,70,70,70,70,70,70,70,70],"card_choices":[{"not_picked":["Riddle With Holes","Slice","Terror"],"picked":"SKIP","floor":1},{"not_picked":["Concentrate","Dagger Throw"],"picked":"Bane","floor":4},{"not_picked":["Dodge and Roll","Flechettes","Flying Knee"],"picked":"SKIP","floor":7},{"not_picked":["Acrobatics","Slice","Blade Dance"],"picked":"SKIP","floor":8},{"not_picked":["Dagger Spray","Well Laid Plans"],"picked":"Bouncing Flask","floor":10},{"not_picked":["Reflex","PiercingWail"],"picked":"Adrenaline","floor":13},{"not_picked":["Cloak And Dagger","Blade Dance","Tactician"],"picked":"SKIP","floor":14},{"not_picked":["Grand Finale","Venomology"],"picked":"Night Terror","floor":16},{"not_picked":["Dash","Blur"],"picked":"PiercingWail","floor":18},{"not_picked":["Infinite Blades","Dagger Throw+1","Sucker Punch"],"picked":"SKIP","floor":22},{"not_picked":["Tactician","Cloak And Dagger+1"],"picked":"Well Laid Plans","floor":23},{"not_picked":["Reflex","Infinite Blades"],"picked":"Crippling Poison+1","floor":25},{"not_picked":["Dagger Throw","Well Laid Plans"],"picked":"Noxious Fumes+1","floor":27},{"not_picked":["Outmaneuver","Slice+1"],"picked":"Poisoned Stab","floor":28},{"not_picked":["Reflex+1","PiercingWail"],"picked":"Prepared","floor":30},{"not_picked":["Poisoned Stab","Blur+1"],"picked":"Bullet Time","floor":31},{"not_picked":["Bullet Time","Grand Finale"],"picked":"Corpse Explosion","floor":33},{"not_picked":["Escape Plan+1","Dagger Spray"],"picked":"Poisoned Stab","floor":35},{"not_picked":["Prepared","Outmaneuver+1"],"picked":"Catalyst+1","floor":37},{"not_picked":["Dagger Spray","Dodge and Roll+1","Quick Slash"],"picked":"SKIP","floor":41},{"not_picked":["Blur","Expertise"],"picked":"Deadly Poison+1","floor":42},{"not_picked":["All Out Attack+1","Quick Slash"],"picked":"Envenom","floor":44},{"not_picked":["Dagger Spray","Outmaneuver+1"],"picked":"Adrenaline","floor":46},{"not_picked":["Cloak And Dagger","Quick Slash","Dash"],"picked":"SKIP","floor":47}],"player_experience":863944,"relics_obtained":[{"floor":8,"key":"Whetstone"},{"floor":9,"key":"Blood Vial"},{"floor":13,"key":"MawBank"},{"floor":23,"key":"Paper Crane"},{"floor":26,"key":"Dead Branch"},{"floor":27,"key":"Bottled Tornado"},{"floor":31,"key":"Bottled Flame"},{"floor":44,"key":"Shovel"},{"floor":46,"key":"Oddly Smooth Stone"}],"event_choices":[{"damage_healed":0,"gold_gain":0,"player_choice":"Entered Light","damage_taken":14,"max_hp_gain":0,"max_hp_loss":0,"event_name":"Shining Light","floor":2,"gold_loss":0,"cards_upgraded":["Strike_G","Defend_G"]},{"damage_healed":0,"gold_gain":0,"player_choice":"Grow","damage_taken":0,"max_hp_gain":0,"max_hp_loss":0,"event_name":"Living Wall","floor":12,"gold_loss":0,"cards_upgraded":["Bouncing Flask"]},{"cards_removed":["Strike_G"],"damage_healed":0,"gold_gain":0,"player_choice":"Gave Gold","damage_taken":0,"max_hp_gain":0,"max_hp_loss":0,"event_name":"Beggar","floor":20,"gold_loss":75},{"damage_healed":0,"gold_gain":0,"player_choice":"Got Potions","damage_taken":0,"max_hp_gain":0,"max_hp_loss":0,"event_name":"Lab","floor":21,"gold_loss":0},{"cards_removed":["Defend_G"],"damage_healed":0,"gold_gain":0,"player_choice":"Removed Skill","damage_taken":0,"max_hp_gain":0,"max_hp_loss":0,"event_name":"Falling","floor":39,"gold_loss":0},{"damage_healed":0,"gold_gain":0,"player_choice":"Fight","damage_taken":0,"max_hp_gain":0,"max_hp_loss":0,"event_name":"MindBloom","floor":44,"gold_loss":0},{"damage_healed":0,"gold_gain":0,"player_choice":"Ignored","damage_taken":0,"max_hp_gain":0,"max_hp_loss":0,"event_name":"Mysterious Sphere","floor":48,"gold_loss":0}],"is_beta":false,"boss_relics":[{"not_picked":["Ectoplasm","HoveringKite"],"picked":"Sozu"},{"not_picked":["Runic Pyramid","Orrery"],"picked":"Lizard Tail"}],"items_purged_floors":[11,36],"is_endless":false,"potions_floor_spawned":[1,8,13,16,18,22,23,37,41,44,46],"ascension_level":5}