{"gold_per_floor":[114,126,126,76,87,87,97,97,177,177,210,210,285,301,301,396,396,406,24,24,24,44,44,62,15,15,15,15,30,47,67,67,67],"floor_reached":33,"playtime":1080,"items_purged":[],"score":371,"play_id":"c58b9c63-cd1e-4f53-ab07-33f2a3f00b96","local_time":"20181223031844","is_ascension_mode":true,"campfire_choices":[{"data":"Zap","floor":6,"key":"SMITH"},{"data":"Machine Learning","floor":8,"key":"SMITH"},{"floor":10,"key":"REST"},{"floor":15,"key":"REST"},{"floor":23,"key":"DIG"},{"floor":28,"key":"DIG"},{"floor":32,"key":"REST"}],"neow_cost":"NONE","seed_source_timestamp":811030541873289,"circlet_count":0,"master_deck":["AscendersBane","Strike_B","Defend_B","Defend_B","Defend_B","Defend_B","Zap+1","Dualcast","Beam Cell","Go for the Eyes","Gash","Machine Learning+1","Sweeping Beam","Defragment","Reboot","Coolheaded","Sweeping Beam","Gash","Coolheaded","Sweeping Beam+1","Go for the Eyes","Auto Shields","Chill+1","Echo Form"],"relics":["Cracked Core","Pen Nib","Darkstone Periapt","Oddly Smooth Stone","Runic Dome","Shovel","Art of War","Pear","Dodecahedron"],"potions_floor_usage":[11,11,29,31,33,33],"damage_taken":[{"damage":6,"enemies":"Cultist","floor":1,"turns":4},{"damage":0,"enemies":"2 Louse","floor":2,"turns":2},{"damage":0,"enemies":"Small Slimes","floor":5,"turns":3},{"damage":11,"enemies":"3 Louse","floor":7,"turns":3},{"damage":19,"enemies":"Gremlin Nob","floor":11,"turns":4},{"damage":5,"enemies":"Large Slime","floor":14,"turns":4},{"damage":19,"enemies":"Slime Boss","floor":16,"turns":10},{"damage":0,"enemies":"Spheric Guardian","floor":18,"turns":3},{"damage":22,"enemies":"2 Thieves","floor":22,"turns":4},{"damage":15,"enemies":"Cultist and Chosen","floor":24,"turns":6},{"damage":26,"enemies":"Shelled Parasite and Fungi","floor":29,"turns":5},{"damage":1,"enemies":"Centurion and Healer","floor":30,"turns":7},{"damage":5,"enemies":"Snecko","floor":31,"turns":8},{"damage":32,"enemies":"Automaton","floor":33,"turns":4}],"seed_played":"1029256108777080389","potions_obtained":[{"floor":2,"key":"Poison Potion"},{"floor":7,"key":"FearPotion"},{"floor":22,"key":"Poison Potion"},{"floor":24,"key":"Swift Potion"},{"floor":31,"key":"AttackPotion"}],"is_trial":false,"path_per_floor":["M","M","?","?","M","R","M","R","T","R","E","?","?","M","R","B",null,"M","$","?","?","M","R","M","$","T","$","R","M","M","M","R","B"],"character_chosen":"DEFECT","items_purchased":["Shovel","Sweeping Beam","PowerPotion","Go for the Eyes"],"campfire_rested":3,"item_purchase_floors":[19,19,19,25],"current_hp_per_floor":[62,62,55,55,55,55,44,44,44,66,47,47,36,31,53,34,65,65,65,65,65,43,43,28,28,38,38,38,12,11,6,31,0],"gold":67,"neow_bonus":"RANDOM_COMMON_RELIC","is_prod":false,"is_daily":false,"chose_seed":false,"campfire_upgraded":2,"win_rate":0,"timestamp":1545553124,"path_taken":["M","?","?","?","M","R","M","R","T","R","E","?","?","M","R","BOSS","M","$","?","?","M","R","M","?","T","$","R","M","M","?","R","BOSS"],"build_version":"2018-12-20","purchased_purges":0,"victory":false,"max_hp_per_floor":[75,75,75,75,75,75,75,75,75,75,75,75,75,75,75,75,75,75,75,75,75,75,75,75,75,85,85,85,85,85,85,85,85],"card_choices":[{"not_picked":["Stack","Recycle"],"picked":"Beam Cell","floor":1},{"not_picked":["Gash","Turbo"],"picked":"Go for the Eyes","floor":2},{"not_picked":["Cold Snap","Reinforced Body"],"picked":"Gash","floor":5},{"not_picked":["Beam Cell","Streamline"],"picked":"Machine Learning","floor":7},{"not_picked":["Hologram","Leap"],"picked":"Sweeping Beam","floor":11},{"not_picked":["Rebound","Streamline"],"picked":"Defragment","floor":14},{"not_picked":["Biased Cognition","Amplify"],"picked":"Reboot","floor":16},{"not_picked":["Turbo","Barrage"],"picked":"Coolheaded","floor":18},{"not_picked":["Barrage","Rebound"],"picked":"Coolheaded","floor":22},{"not_picked":["Redo","Turbo"],"picked":"Sweeping Beam+1","floor":24},{"not_picked":["Streamline","Doom and Gloom"],"picked":"Auto Shields","floor":29},{"not_picked":["Cold Snap","Rebound"],"picked":"Chill+1","floor":30},{"not_picked":["Go for the Eyes","Compile Driver+1"],"picked":"Echo Form","floor":31}],"player_experience":427292,"relics_obtained":[{"floor":9,"key":"Darkstone Periapt"},{"floor":11,"key":"Oddly Smooth Stone"},{"floor":23,"key":"Art of War"},{"floor":26,"key":"Pear"},{"floor":28,"key":"Dodecahedron"}],"event_choices":[{"cards_removed":["Strike_B"],"damage_healed":0,"gold_gain":0,"player_choice":"Card Removal","damage_taken":7,"max_hp_gain":0,"max_hp_loss":0,"event_name":"Golden Wing","floor":3,"gold_loss":0},{"cards_removed":["Strike_B"],"damage_healed":0,"gold_gain":0,"player_choice":"Card Removal","damage_taken":0,"max_hp_gain":0,"max_hp_loss":0,"event_name":"The Cleric","floor":4,"gold_loss":50},{"cards_removed":["Strike_B"],"damage_healed":0,"gold_gain":0,"player_choice":"Forget","damage_taken":0,"max_hp_gain":0,"max_hp_loss":0,"event_name":"Living Wall","floor":12,"gold_loss":0},{"damage_healed":0,"gold_gain":75,"player_choice":"Gather Gold","damage_taken":11,"max_hp_gain":0,"max_hp_loss":0,"event_name":"World of Goop","floor":13,"gold_loss":0},{"damage_healed":0,"gold_gain":0,"player_choice":"Read","damage_taken":0,"max_hp_gain":0,"max_hp_loss":0,"event_name":"The Library","floor":20,"gold_loss":0,"cards_obtained":["Gash"]},{"damage_healed":0,"gold_gain":0,"player_choice":"Ignored","damage_taken":0,"max_hp_gain":0,"max_hp_loss":0,"event_name":"Beggar","floor":21,"gold_loss":0}],"is_beta":false,"boss_relics":[{"not_picked":["Tiny House","Snecko Eye"],"picked":"Runic Dome"}],"items_purged_floors":[],"is_endless":false,"potions_floor_spawned":[2,7,22,24,31],"killed_by":"Automaton","ascension_level":10}