{"gold_per_floor":[112,112,124,124,142,171,171,23,23,40,40,70,146,146,146,146],"floor_reached":16,"playtime":504,"items_purged":["Strike_G"],"score":118,"play_id":"1fd67cd1-d14f-427d-b0f0-46526938801b","local_time":"20181222233346","is_ascension_mode":true,"campfire_choices":[{"data":"Finisher","floor":7,"key":"SMITH"},{"floor":11,"key":"REST"},{"floor":15,"key":"REST"}],"neow_cost":"NONE","seed_source_timestamp":446785601209600,"circlet_count":0,"master_deck":["Defend_G","Defend_G","Defend_G","Defend_G","Defend_G","Strike_G","Strike_G","Strike_G","Strike_G","Survivor","Neutralize+1","Finisher+1","Accuracy","Cloak And Dagger","Accuracy+1"],"relics":["Ring of the Snake","NeowsBlessing","CultistMask","Juzu Bracelet","Odd Mushroom","Pantograph"],"potions_floor_usage":[6,12,16],"damage_taken":[{"damage":0,"enemies":"Cultist","floor":1,"turns":1},{"damage":0,"enemies":"Small Slimes","floor":3,"turns":1},{"damage":0,"enemies":"Jaw Worm","floor":5,"turns":1},{"damage":24,"enemies":"Gremlin Nob","floor":6,"turns":4},{"damage":32,"enemies":"Gremlin Gang","floor":10,"turns":7},{"damage":31,"enemies":"The Mushroom Lair","floor":12,"turns":6},{"damage":60,"enemies":"The Guardian","floor":16,"turns":17}],"seed_played":"-722496211968353425","potions_obtained":[{"floor":5,"key":"Poison Potion"},{"floor":6,"key":"Block Potion"},{"floor":10,"key":"AttackPotion"}],"is_trial":false,"path_per_floor":["M","?","M","?","M","E","R","$","T","M","R","?","T","?","R","B"],"character_chosen":"THE_SILENT","items_purchased":["Accuracy"],"campfire_rested":2,"item_purchase_floors":[8],"current_hp_per_floor":[70,70,70,70,70,46,46,46,46,14,35,4,4,4,25,0],"gold":146,"neow_bonus":"THREE_ENEMY_KILL","is_prod":false,"is_daily":false,"chose_seed":false,"campfire_upgraded":1,"win_rate":0,"timestamp":1545518026,"path_taken":["M","?","M","?","?","E","R","$","T","M","R","?","?","?","R","BOSS"],"build_version":"2018-12-20","purchased_purges":1,"victory":false,"max_hp_per_floor":[70,70,70,70,70,70,70,70,70,70,70,70,70,70,70,70],"card_choices":[{"not_picked":["Flying Knee","Underhanded Strike","Dodge and Roll"],"picked":"SKIP","floor":1},{"not_picked":["Outmaneuver","Acrobatics"],"picked":"Finisher","floor":3},{"not_picked":["Reflex","Acrobatics","Flying Knee"],"picked":"SKIP","floor":5},{"not_picked":["Doppelganger","Deadly Poison","Dagger Throw"],"picked":"SKIP","floor":6},{"not_picked":["Poisoned Stab","Deadly Poison"],"picked":"Cloak And Dagger","floor":10},{"not_picked":["Skewer","Catalyst"],"picked":"Accuracy","floor":12}],"player_experience":813106,"relics_obtained":[{"floor":6,"key":"Juzu Bracelet"},{"floor":12,"key":"Odd Mushroom"},{"floor":13,"key":"Pantograph"}],"event_choices":[{"damage_healed":0,"gold_gain":0,"player_choice":"Grow","damage_taken":0,"max_hp_gain":0,"max_hp_loss":0,"event_name":"Living Wall","floor":2,"gold_loss":0,"cards_upgraded":["Neutralize"]},{"damage_healed":0,"gold_gain":0,"player_choice":"Trade","damage_taken":0,"relics_obtained":["CultistMask"],"max_hp_gain":0,"max_hp_loss":0,"event_name":"FaceTrader","floor":4,"gold_loss":0},{"damage_healed":0,"gold_gain":0,"player_choice":"Fought Mushrooms","damage_taken":0,"max_hp_gain":0,"max_hp_loss":0,"event_name":"Mushrooms","floor":12,"gold_loss":0},{"damage_healed":0,"gold_gain":0,"player_choice":"Forge","damage_taken":0,"max_hp_gain":0,"max_hp_loss":0,"event_name":"Accursed Blacksmith","floor":14,"gold_loss":0,"cards_upgraded":["Accuracy"]}],"is_beta":false,"boss_relics":[],"items_purged_floors":[8],"is_endless":false,"potions_floor_spawned":[5,6,10],"killed_by":"The Guardian","ascension_level":4}