{"gold_per_floor":[111,125,125,125,140,140,154,168,214,249,31,206,206,224,224,224],"floor_reached":16,"playtime":351,"items_purged":[],"score":107,"play_id":"29ad0ecd-dbdf-4d24-ad46-0524b1fd4e56","local_time":"20181021084135","is_ascension_mode":true,"campfire_choices":[{"data":"Darkness","floor":6,"key":"SMITH"},{"data":"Capacitor","floor":15,"key":"SMITH"}],"neow_cost":"NONE","seed_source_timestamp":90595244177541,"circlet_count":0,"master_deck":["Strike_B","Strike_B","Strike_B+1","Strike_B","Defend_B","Defend_B","Defend_B","Defend_B","Zap","Dualcast","Darkness+1","Capacitor+1","Doom and Gloom+1","Reinforced Body","Fusion+1","Doubt"],"special_seed":0,"relics":["Cracked Core","NeowsBlessing","Juzu Bracelet","Bottled Tornado","Whetstone"],"potions_floor_usage":[7,14,16],"damage_taken":[{"damage":0,"enemies":"Cultist","floor":1,"turns":1},{"damage":0,"enemies":"Small Slimes","floor":2,"turns":1},{"damage":0,"enemies":"Jaw Worm","floor":5,"turns":1},{"damage":17,"enemies":"Lots of Slimes","floor":7,"turns":4},{"damage":0,"enemies":"Exordium Wildlife","floor":8,"turns":3},{"damage":30,"enemies":"3 Sentries","floor":10,"turns":6},{"damage":7,"enemies":"Blue Slaver","floor":14,"turns":3},{"damage":22,"enemies":"Hexaghost","floor":16,"turns":7}],"seed_played":"-8846157339491034828","potions_obtained":[{"floor":2,"key":"SkillPotion"},{"floor":8,"key":"Dexterity Potion"},{"floor":10,"key":"AttackPotion"}],"is_trial":false,"path_per_floor":["M","M","?","$","M","R","M","M","T","E","$","?","?","M","R"],"character_chosen":"DEFECT","items_purchased":["Fusion","Whetstone"],"campfire_rested":0,"item_purchase_floors":[11,11],"current_hp_per_floor":[75,75,75,75,75,75,58,58,58,28,28,28,28,21,21,0],"gold":224,"neow_bonus":"THREE_ENEMY_KILL","is_prod":false,"is_daily":false,"chose_seed":false,"campfire_upgraded":2,"win_rate":0,"timestamp":1540125695,"path_taken":["M","?","?","$","M","R","M","M","T","E","$","?","?","M","R","BOSS"],"build_version":"2018-10-19","purchased_purges":0,"victory":false,"max_hp_per_floor":[75,75,75,75,75,75,75,75,75,75,75,75,75,75,75,75],"card_choices":[{"not_picked":["Rebound","Tempest"],"picked":"Darkness","floor":1},{"not_picked":["Force Field","Redo","Barrage"],"picked":"SKIP","floor":2},{"not_picked":["Cold Snap","Tempest"],"picked":"Capacitor","floor":5},{"not_picked":["Hologram","Beam Cell"],"picked":"Doom and Gloom","floor":7},{"not_picked":["Glacier","Turbo","Genetic Algorithm"],"picked":"SKIP","floor":8},{"not_picked":["Cold Snap","Static Discharge"],"picked":"Reinforced Body","floor":10},{"not_picked":["Turbo","Go for the Eyes","Steam"],"picked":"SKIP","floor":14}],"player_experience":501710,"relics_obtained":[{"floor":9,"key":"Juzu Bracelet"},{"floor":10,"key":"Bottled Tornado"}],"event_choices":[{"damage_healed":0,"gold_gain":0,"player_choice":"Bought 0 Potions","damage_taken":0,"max_hp_gain":0,"max_hp_loss":0,"event_name":"The Woman in Blue","floor":3,"gold_loss":0},{"damage_healed":0,"gold_gain":175,"player_choice":"AGREE","damage_taken":0,"max_hp_gain":0,"max_hp_loss":0,"event_name":"Liars Game","floor":12,"gold_loss":0,"cards_obtained":["Doubt"]},{"damage_healed":0,"gold_gain":0,"player_choice":"Forge","damage_taken":0,"max_hp_gain":0,"max_hp_loss":0,"event_name":"Accursed Blacksmith","floor":13,"gold_loss":0,"cards_upgraded":["Fusion"]}],"is_beta":true,"boss_relics":[],"items_purged_floors":[],"is_endless":false,"potions_floor_spawned":[2,8,10],"killed_by":"Hexaghost","ascension_level":1}