{"gold_per_floor":[368,382,48,66,66,91,13,28,52,71,71,21,54,66,78,187,199,223,88,88,107,122,122,152,4,30,30,42,60,60,60,60,162,162,180,180,194,294,308,308],"floor_reached":40,"playtime":2398,"items_purged":[],"score":416,"play_id":"c64a4f61-7289-436c-8e1b-5b585c6421a5","local_time":"20190210122932","is_ascension_mode":false,"campfire_choices":[{"floor":15,"key":"REST"},{"data":"Electrodynamics","floor":23,"key":"SMITH"},{"floor":30,"key":"REST"},{"floor":32,"key":"REST"}],"neow_cost":"PERCENT_DAMAGE","seed_source_timestamp":582499516641432,"circlet_count":0,"master_deck":["Zap","Dualcast","Barrage","Streamline","Tempest+1","Ball Lightning","Seek+1","Capacitor","Consume+1","BootSequence+1","Electrodynamics+1","Storm","Melter","Darkness+1","FTL","Beam Cell","Compile Driver","Leap+1","Hologram+1","Conserve Battery+1","Conserve Battery+1","Creative AI","Recycle+1","Seek+1","Lockon+1","Sunder+1","Self Repair+1","Steam+1","Loop+1"],"relics":["Cracked Core","Toxic Egg 2","Regal Pillow","War Paint","MawBank","Pandora\u0027s Box","PreservedInsect","Bronze Scales","Centennial Puzzle","Anchor","Ancient Tea Set","Astrolabe","Peace Pipe"],"potions_floor_usage":[6,13,13,18,28,28,29,39,40],"damage_taken":[{"damage":0,"enemies":"Small Slimes","floor":1,"turns":3},{"damage":0,"enemies":"Cultist","floor":2,"turns":3},{"damage":0,"enemies":"2 Louse","floor":4,"turns":2},{"damage":36,"enemies":"Lagavulin","floor":6,"turns":4},{"damage":3,"enemies":"2 Fungi Beasts","floor":8,"turns":3},{"damage":7,"enemies":"Blue Slaver","floor":10,"turns":4},{"damage":6,"enemies":"3 Sentries","floor":13,"turns":6},{"damage":1,"enemies":"Slime Boss","floor":16,"turns":6},{"damage":0,"enemies":"Shell Parasite","floor":18,"turns":3},{"damage":0,"enemies":"Chosen","floor":21,"turns":4},{"damage":26,"enemies":"Snake Plant","floor":22,"turns":4},{"damage":27,"enemies":"Gremlin Leader","floor":24,"turns":3},{"damage":5,"enemies":"Centurion and Healer","floor":28,"turns":4},{"damage":22,"enemies":"Snecko","floor":29,"turns":4},{"damage":47,"enemies":"Collector","floor":33,"turns":8},{"damage":0,"enemies":"3 Shapes","floor":35,"turns":3},{"damage":16,"enemies":"Orb Walker","floor":37,"turns":4},{"damage":10,"enemies":"Mind Bloom Boss Battle","floor":38,"turns":7},{"damage":54,"enemies":"Writhing Mass","floor":39,"turns":7},{"damage":8,"enemies":"Transient","floor":40,"turns":4}],"seed_played":"8734751508308759721","potions_obtained":[{"floor":1,"key":"FocusPotion"},{"floor":4,"key":"FearPotion"},{"floor":10,"key":"PowerPotion"},{"floor":13,"key":"GamblersBrew"},{"floor":16,"key":"Block Potion"},{"floor":18,"key":"Regen Potion"},{"floor":24,"key":"Strength Potion"},{"floor":29,"key":"SpeedPotion"},{"floor":35,"key":"GamblersBrew"},{"floor":37,"key":"Energy Potion"}],"is_trial":false,"path_per_floor":["M","M","$","M","?","E","$","M","T","M","$","?","E","?","R","B",null,"M","$","?","M","M","R","E","$","T","?","M","M","R","T","R","B",null,"M","?","M","?","M","M"],"character_chosen":"DEFECT","items_purchased":["Toxic Egg 2","Tempest+1","Capacitor","PreservedInsect","Centennial Puzzle"],"campfire_rested":3,"item_purchase_floors":[3,3,7,19,25],"current_hp_per_floor":[54,54,54,54,54,18,18,15,15,8,8,8,2,2,39,38,75,75,75,75,75,49,49,22,22,22,22,26,4,41,41,75,28,75,75,75,59,59,5,0],"gold":308,"neow_bonus":"TWO_FIFTY_GOLD","is_prod":false,"is_daily":false,"chose_seed":false,"campfire_upgraded":1,"win_rate":0,"timestamp":1549798172,"path_taken":["M","M","$","M","?","E","?","M","T","M","$","?","E","?","R","BOSS","M","$","?","M","M","R","E","$","T","?","M","M","R","?","R","BOSS","M","?","?","?","M","M"],"build_version":"2019-01-23","purchased_purges":0,"victory":false,"max_hp_per_floor":[75,75,75,75,75,75,75,75,75,75,75,75,75,75,75,75,75,75,75,75,75,75,75,75,75,75,75,75,75,75,75,75,75,75,75,75,75,75,75,75],"card_choices":[{"not_picked":["Fusion","Undo"],"picked":"Barrage","floor":1},{"not_picked":["Conserve Battery","Turbo"],"picked":"Streamline","floor":2},{"not_picked":["Coolheaded+1","Rebound"],"picked":"Ball Lightning","floor":4},{"not_picked":["Reprogram+1","Tempest+1"],"picked":"Seek+1","floor":6},{"not_picked":["Darkness+1","Doom and Gloom"],"picked":"Consume+1","floor":8},{"not_picked":["Compile Driver","Fusion+1"],"picked":"BootSequence+1","floor":10},{"not_picked":["Compile Driver","Sunder"],"picked":"Sweeping Beam","floor":13},{"not_picked":["Thunder Strike","Rainbow+1"],"picked":"Electrodynamics","floor":16},{"not_picked":["Redo+1","Cold Snap"],"picked":"Leap+1","floor":18},{"not_picked":["Steam+1","Chill+1"],"picked":"Hologram+1","floor":21},{"not_picked":["Blizzard","Gash"],"picked":"Conserve Battery+1","floor":22},{"not_picked":["Storm","Streamline+1"],"picked":"Conserve Battery+1","floor":24},{"not_picked":["Leap+1","Hologram+1"],"picked":"Creative AI","floor":28},{"not_picked":["Redo+1","FTL"],"picked":"Recycle+1","floor":29},{"not_picked":["Multi-Cast+1","Core Surge"],"picked":"Seek+1","floor":33},{"not_picked":["Streamline","Leap+1"],"picked":"Self Repair+1","floor":35},{"not_picked":["Ball Lightning","Sweeping Beam+1"],"picked":"Steam+1","floor":37},{"not_picked":["Redo+1","Machine Learning"],"picked":"Loop+1","floor":39}],"player_experience":101586,"relics_obtained":[{"floor":6,"key":"Regal Pillow"},{"floor":9,"key":"War Paint"},{"floor":13,"key":"MawBank"},{"floor":24,"key":"Bronze Scales"},{"floor":26,"key":"Anchor"},{"floor":31,"key":"Ancient Tea Set"},{"floor":38,"key":"Peace Pipe"}],"event_choices":[{"damage_healed":0,"gold_gain":0,"player_choice":"Ignored","damage_taken":0,"max_hp_gain":0,"max_hp_loss":0,"event_name":"NoteForYourself","floor":5,"gold_loss":0},{"damage_healed":0,"gold_gain":0,"player_choice":"Left Gold","damage_taken":0,"max_hp_gain":0,"max_hp_loss":0,"event_name":"World of Goop","floor":12,"gold_loss":50},{"damage_healed":0,"gold_gain":0,"player_choice":"Ignored","damage_taken":0,"max_hp_gain":0,"max_hp_loss":0,"event_name":"Liars Game","floor":14,"gold_loss":0},{"damage_healed":0,"gold_gain":0,"player_choice":"Ignored","damage_taken":0,"max_hp_gain":0,"max_hp_loss":0,"event_name":"Beggar","floor":20,"gold_loss":0},{"cards_removed":["Hyperbeam"],"damage_healed":0,"gold_gain":0,"player_choice":"Purged","damage_taken":0,"max_hp_gain":0,"max_hp_loss":0,"event_name":"Purifier","floor":36,"gold_loss":0},{"damage_healed":0,"gold_gain":0,"player_choice":"Fight","damage_taken":0,"max_hp_gain":0,"max_hp_loss":0,"event_name":"MindBloom","floor":38,"gold_loss":0}],"is_beta":false,"boss_relics":[{"not_picked":["Lizard Tail","Fusion Hammer"],"picked":"Pandora\u0027s Box"},{"not_picked":["Eternal Feather","Orrery"],"picked":"Astrolabe"}],"items_purged_floors":[],"is_endless":false,"potions_floor_spawned":[1,4,10,13,16,18,24,29,35,37,38],"killed_by":"Transient","ascension_level":0}