{"path_per_floor":["M","?","M","T","$","E","R","M","T","R","M","R","$","M","R","B",null,"M","$","?","?","?","R","?","?","T","M","E","M","E","M","R","B",null,"M","$","?","M","?","E","R","E","T","E","M","$","M","M","R","B"],"character_chosen":"IRONCLAD","items_purchased":["Warcry","Panache","Secret Weapon","Inflame","Sundial"],"gold_per_floor":[117,117,136,136,35,64,64,79,79,79,90,90,90,103,103,206,206,220,32,32,32,32,32,32,32,32,43,76,92,119,138,138,234,234,253,58,0,14,69,97,97,130,157,484,499,62,76,93,93,93],"floor_reached":51,"campfire_rested":0,"playtime":4608,"current_hp_per_floor":[80,64,69,69,69,37,37,43,43,43,48,48,48,51,51,42,80,77,77,61,56,56,56,41,41,41,54,60,61,68,58,58,25,68,68,68,68,68,45,68,68,60,60,68,68,68,68,56,56,66],"items_purged":["Strike_R","Defend_R"],"gold":93,"play_id":"8bbecfc4-e789-402b-bfe0-bcc2fa713212","is_prod":false,"is_daily":false,"campfire_rituals":0,"campfire_upgraded":8,"is_hardmode":false,"path_taken":["M","?","M","?","$","E","R","M","T","R","?","R","?","M","R","BOSS","M","$","?","?","?","R","?","?","T","M","E","M","E","M","R","BOSS","M","$","?","M","?","E","R","E","T","E","M","?","M","M","R","BOSS"],"build_version":"2018-01-18-PROD4","purchased_purges":2,"victory":true,"master_deck":["Bash","Shrug It Off","Inflame","Warcry","Armaments","Battle Trance","Panache","Necronomicurse","Bite_R","Bite_R","Bite_R","Bite_R","Bite_R","Inflame","Rampage","Clothesline","Offering","Secret Weapon","Fire Breathing","Inflame","Fire Breathing"],"max_hp_per_floor":[80,80,80,80,80,80,80,80,80,80,80,80,80,80,80,80,80,80,80,80,56,56,56,61,61,61,61,61,61,68,68,68,68,68,68,68,68,68,68,68,68,68,68,68,68,68,68,68,68,68],"relics":["Black Blood","Gremlin Horn","Ornamental Fan","Pantograph","Necronomicon","Mummified Hand","Molten Egg","Strawberry","Sozu","Red Mask","Magic Flower","Dream Catcher","Bag of Preparation","War Paint","Old Coin","Sundial"],"campfire_meditates":0,"card_choices":[{"not_picked":["Twin Strike","Anger"],"picked":"Shrug It Off"},{"not_picked":["Rampage","Sword Boomerang"],"picked":"Inflame"},{"not_picked":["Iron Wave","Warcry"],"picked":"Armaments"},{"not_picked":["Cleave","Pommel Strike"],"picked":"Battle Trance"},{"not_picked":["Flex","Armaments"],"picked":"Inflame"},{"not_picked":["Clash","Anger"],"picked":"Rampage"},{"not_picked":["Twin Strike","Power Through"],"picked":"Clothesline"},{"not_picked":["Bludgeon","Brutality"],"picked":"Offering"},{"not_picked":["Infernal Blade","Perfected Strike"],"picked":"Fire Breathing"},{"not_picked":["Warcry","Sword Boomerang"],"picked":"Fire Breathing"}],"player_experience":24144,"potions_floor_usage":[28,33],"damage_taken":[{"damage":2,"enemies":"Small Slimes","floor":1,"turns":4},{"damage":1,"enemies":"Jaw Worm","floor":3,"turns":6},{"damage":38,"enemies":"3 Sentries","floor":6,"turns":9},{"damage":0,"enemies":"Cultist","floor":8,"turns":3},{"damage":1,"enemies":"Exordium Thugs","floor":11,"turns":5},{"damage":3,"enemies":"3 Louse","floor":14,"turns":5},{"damage":40,"enemies":"Slime Boss","floor":16,"turns":11},{"damage":13,"enemies":"Shell Parasite","floor":18,"turns":5},{"damage":10,"enemies":"2 Thieves","floor":27,"turns":3},{"damage":20,"enemies":"Slavers","floor":28,"turns":4},{"damage":4,"enemies":"Snecko","floor":29,"turns":3},{"damage":17,"enemies":"Gremlin Leader","floor":30,"turns":4},{"damage":23,"enemies":"Centurion and Healer","floor":31,"turns":4},{"damage":67,"enemies":"Automaton","floor":33,"turns":8},{"damage":6,"enemies":"Orb Walker","floor":35,"turns":2},{"damage":4,"enemies":"3 Shapes","floor":38,"turns":1},{"damage":51,"enemies":"Mysterious Sphere","floor":39,"turns":4},{"damage":9,"enemies":"Giant Head","floor":40,"turns":5},{"damage":23,"enemies":"Nemesis","floor":42,"turns":4},{"damage":4,"enemies":"2 Orb Walkers","floor":44,"turns":2},{"damage":18,"enemies":"Maw","floor":45,"turns":4},{"damage":4,"enemies":"3 Darklings","floor":47,"turns":2},{"damage":27,"enemies":"Sphere and 2 Shapes","floor":48,"turns":3},{"damage":31,"enemies":"Donu and Deca","floor":50,"turns":5}],"event_choices":[{"event_name":"Shining Light","player_choice":"Entered Light","floor":2,"damage_taken":0},{"event_name":"Cursed Tome","player_choice":"Obtained Book","floor":20,"damage_taken":0},{"event_name":"Vampires","player_choice":"Became a vampire","floor":21,"damage_taken":0},{"event_name":"Bonfire Elementals","player_choice":"BASIC","floor":22,"damage_taken":0},{"event_name":"Forgotten Altar","player_choice":"Shed Blood","floor":24,"damage_taken":0},{"event_name":"Back to Basics","player_choice":"Elegance","floor":25,"damage_taken":0},{"event_name":"Tomb of Lord Red Mask","player_choice":"Paid","floor":37,"damage_taken":0},{"event_name":"Mysterious Sphere","player_choice":"Fight","floor":39,"damage_taken":0}],"boss_relics":[{"not_picked":["Eternal Feather","Philosopher\u0027s Stone"],"picked":"Black Blood"},{"not_picked":["Astrolabe","Velvet Choker"],"picked":"Sozu"}],"potions_floor_spawned":[8,11,16,27,33,40,42,44,47],"seed_played":"5950470942903832603","is_trial":false}