{"gold_per_floor":[110,110,125,125,1,0,0,0,0,0,30,30,30,47,47,142,142,158,14,17,28,28,28,38,58,58,58,58,68,68,79,79,176,176,190,12,24,24],"floor_reached":38,"playtime":3317,"items_purged":["Strike_G","Decay"],"score":561,"play_id":"fba67f1f-d04f-4f52-bd48-100b86b0bdcd","local_time":"20181215213223","is_ascension_mode":true,"campfire_choices":[{"floor":7,"key":"REST"},{"floor":10,"key":"REST"},{"floor":13,"key":"REST"},{"data":"Neutralize","floor":15,"key":"SMITH"},{"floor":23,"key":"REST"},{"floor":32,"key":"REST"}],"neow_cost":"NONE","seed_source_timestamp":292973816468211,"circlet_count":0,"master_deck":["AscendersBane","Defend_G+1","Defend_G+1","Defend_G+1","Defend_G+1","Defend_G+1","Strike_G+1","Survivor","Neutralize+1","Cloak And Dagger+1","Dagger Throw+1","Envenom+1","Dodge and Roll","Cloak And Dagger","Predator","Infinite Blades","Adrenaline","Caltrops","Blade Dance+1","Blade Dance","Sucker Punch+1","Burst","Poisoned Stab+1","Dash+1","Footwork","PiercingWail+1"],"relics":["Astrolabe","Kunai","FossilizedHelix","Lizard Tail","Bronze Scales","Nilry\u0027s Codex","The Specimen"],"potions_floor_usage":[11,16,20,33,33],"damage_taken":[{"damage":8,"enemies":"2 Louse","floor":1,"turns":3},{"damage":0,"enemies":"Small Slimes","floor":3,"turns":4},{"damage":1,"enemies":"Lagavulin","floor":11,"turns":8},{"damage":0,"enemies":"Jaw Worm","floor":14,"turns":4},{"damage":10,"enemies":"Hexaghost","floor":16,"turns":11},{"damage":4,"enemies":"Shell Parasite","floor":18,"turns":6},{"damage":8,"enemies":"2 Thieves","floor":20,"turns":4},{"damage":16,"enemies":"3 Cultists","floor":21,"turns":6},{"damage":7,"enemies":"Cultist and Chosen","floor":24,"turns":8},{"damage":15,"enemies":"Snake Plant","floor":25,"turns":5},{"damage":0,"enemies":"Snecko","floor":29,"turns":5},{"damage":13,"enemies":"3 Cultists","floor":31,"turns":5},{"damage":31,"enemies":"Collector","floor":33,"turns":10},{"damage":45,"enemies":"3 Darklings","floor":35,"turns":8},{"damage":1,"enemies":"Orb Walker","floor":37,"turns":4},{"damage":19,"enemies":"Maw","floor":38,"turns":8}],"seed_played":"8341902581708374678","potions_obtained":[{"floor":1,"key":"Weak Potion"},{"floor":14,"key":"Swift Potion"},{"floor":16,"key":"SkillPotion"},{"floor":18,"key":"Dexterity Potion"},{"floor":20,"key":"LiquidBronze"},{"floor":33,"key":"LiquidBronze"},{"floor":37,"key":"Poison Potion"}],"is_trial":false,"path_per_floor":["M","?","M","?","$","?","R","$","T","R","E","$","R","M","R","B",null,"M","$","M","M","?","R","M","M","T","?","?","M","$","M","R","B",null,"M","$","M","M"],"character_chosen":"THE_SILENT","items_purchased":["Cloak And Dagger","Bronze Scales","Footwork"],"campfire_rested":5,"item_purchase_floors":[5,19,36],"current_hp_per_floor":[55,22,22,8,8,8,29,29,29,50,49,49,70,70,70,60,68,64,64,56,40,24,45,38,23,23,23,23,23,23,10,31,35,61,16,16,15,0],"gold":24,"neow_bonus":"BOSS_RELIC","is_prod":false,"is_daily":false,"chose_seed":false,"campfire_upgraded":1,"win_rate":0,"timestamp":1544909543,"path_taken":["M","?","M","?","$","?","R","?","T","R","E","$","R","M","R","BOSS","M","$","M","M","?","R","M","M","T","?","?","M","?","M","R","BOSS","M","$","M","?"],"build_version":"2018-12-13","purchased_purges":2,"victory":false,"max_hp_per_floor":[70,70,70,70,70,70,70,70,70,70,70,70,70,70,70,70,70,70,70,70,70,70,70,70,70,70,70,70,70,70,70,70,70,70,70,70,70,70],"card_choices":[{"not_picked":["Slice","PiercingWail"],"picked":"Dodge and Roll","floor":1},{"not_picked":["Prepared","Bane","Expertise"],"picked":"SKIP","floor":3},{"not_picked":["Riddle With Holes","Deflect"],"picked":"Predator","floor":11},{"not_picked":["Flying Knee","Accuracy"],"picked":"Infinite Blades","floor":14},{"not_picked":["Glass Knife","Wraith Form v2"],"picked":"Adrenaline","floor":16},{"not_picked":["Tactician","Cloak And Dagger"],"picked":"Caltrops","floor":18},{"not_picked":["Dodge and Roll","Quick Slash"],"picked":"Blade Dance+1","floor":20},{"not_picked":["Flying Knee","Underhanded Strike+1"],"picked":"Blade Dance","floor":21},{"not_picked":["PiercingWail","Riddle With Holes"],"picked":"Sucker Punch+1","floor":24},{"not_picked":["Slice+1","Blur"],"picked":"Burst","floor":25},{"not_picked":["Underhanded Strike","Prepared+1","Choke"],"picked":"SKIP","floor":29},{"not_picked":["Acrobatics","Dodge and Roll"],"picked":"Poisoned Stab+1","floor":31},{"not_picked":["Dagger Throw+1","Escape Plan"],"picked":"Dash+1","floor":35},{"not_picked":["Reflex","Outmaneuver"],"picked":"PiercingWail+1","floor":37}],"player_experience":1057941,"relics_obtained":[{"floor":11,"key":"FossilizedHelix"},{"floor":22,"key":"Nilry\u0027s Codex"},{"floor":26,"key":"The Specimen"}],"event_choices":[{"damage_healed":0,"gold_gain":0,"player_choice":"Success","damage_taken":33,"relics_obtained":["Kunai"],"max_hp_gain":0,"max_hp_loss":0,"event_name":"Scrap Ooze","floor":2,"gold_loss":0},{"damage_healed":0,"gold_gain":0,"player_choice":"Entered Light","damage_taken":14,"max_hp_gain":0,"max_hp_loss":0,"event_name":"Shining Light","floor":4,"gold_loss":0,"cards_upgraded":["Defend_G","Defend_G"]},{"damage_healed":0,"gold_gain":0,"player_choice":"Left Gold","damage_taken":0,"max_hp_gain":0,"max_hp_loss":0,"event_name":"World of Goop","floor":6,"gold_loss":1},{"damage_healed":0,"gold_gain":0,"player_choice":"Obtained Book","damage_taken":16,"max_hp_gain":0,"max_hp_loss":0,"event_name":"Cursed Tome","floor":22,"gold_loss":0},{"damage_healed":0,"gold_gain":0,"player_choice":"Smashed Altar","damage_taken":0,"max_hp_gain":0,"max_hp_loss":0,"event_name":"Forgotten Altar","floor":27,"gold_loss":0,"cards_obtained":["Decay"]},{"damage_healed":0,"gold_gain":0,"player_choice":"Simplicity","damage_taken":0,"max_hp_gain":0,"max_hp_loss":0,"event_name":"Back to Basics","floor":28,"gold_loss":0,"cards_upgraded":["Defend_G","Defend_G","Defend_G","Strike_G"]}],"is_beta":false,"boss_relics":[{"not_picked":["Fusion Hammer","HoveringKite"],"picked":"Lizard Tail"},{"not_picked":["Runic Dome","Runic Pyramid","Calling Bell"]}],"items_purged_floors":[5,36],"is_endless":false,"potions_floor_spawned":[1,14,16,18,20,33,37],"killed_by":"Maw","ascension_level":10}