{"gold_per_floor":[110,110,129,129,140,140,157,182,234,286,303,4,34,45,45,45],"floor_reached":16,"playtime":562,"items_purged":["Strike_R"],"score":196,"play_id":"753b378e-dbef-4518-8bd5-42ac9fde3202","local_time":"20190206014646","is_ascension_mode":true,"campfire_choices":[{"data":"Bash","floor":6,"key":"SMITH"},{"data":"Evolve","floor":15,"key":"SMITH"}],"neow_cost":"TEN_PERCENT_HP_LOSS","seed_source_timestamp":2188425776294316,"circlet_count":0,"master_deck":["AscendersBane","Strike_R","Strike_R","Defend_R","Defend_R","Defend_R","Defend_R","Bash+1","Corruption+1","Evolve+1","Burning Pact","Reckless Charge","Wild Strike","Shrug It Off","Rampage","Bludgeon","Dropkick","Dropkick","Demon Form","Warcry"],"relics":["Burning Blood","Ornamental Fan","Orichalcum","Dream Catcher","Blood Vial","PreservedInsect"],"potions_floor_usage":[13,16],"damage_taken":[{"damage":11,"enemies":"Cultist","floor":1,"turns":4},{"damage":3,"enemies":"Jaw Worm","floor":3,"turns":5},{"damage":3,"enemies":"Small Slimes","floor":5,"turns":3},{"damage":6,"enemies":"Looter","floor":7,"turns":3},{"damage":12,"enemies":"Lagavulin","floor":8,"turns":7},{"damage":8,"enemies":"Large Slime","floor":11,"turns":4},{"damage":16,"enemies":"Gremlin Nob","floor":13,"turns":4},{"damage":24,"enemies":"Red Slaver","floor":14,"turns":5},{"damage":40,"enemies":"Slime Boss","floor":16,"turns":8}],"seed_played":"833607629688819084","potions_obtained":[{"floor":5,"key":"FearPotion"},{"floor":8,"key":"Ancient Potion"},{"floor":13,"key":"Strength Potion"}],"is_trial":false,"path_per_floor":["M","?","M","?","M","R","M","E","T","T","M","$","E","M","R","B"],"character_chosen":"IRONCLAD","items_purchased":["Dropkick","Blood Vial"],"campfire_rested":0,"item_purchase_floors":[12,12],"current_hp_per_floor":[63,63,66,66,68,68,68,62,62,62,60,60,52,36,36,0],"gold":45,"neow_bonus":"TRANSFORM_TWO_CARDS","is_prod":false,"is_daily":false,"chose_seed":false,"campfire_upgraded":2,"win_rate":0,"timestamp":1549435606,"path_taken":["M","?","?","?","M","R","M","E","T","?","M","$","E","M","R","BOSS"],"build_version":"2019-01-23","purchased_purges":1,"victory":false,"max_hp_per_floor":[68,68,68,68,68,68,68,68,68,68,68,68,68,68,68,68],"card_choices":[{"not_picked":["Havoc","Uppercut"],"picked":"Burning Pact","floor":1},{"not_picked":["Feel No Pain","Perfected Strike"],"picked":"Wild Strike","floor":3},{"not_picked":["Headbutt","Combust"],"picked":"Shrug It Off","floor":5},{"not_picked":["Twin Strike","Armaments"],"picked":"Rampage","floor":7},{"not_picked":["Uppercut","Warcry"],"picked":"Bludgeon","floor":8},{"not_picked":["Shockwave","Wild Strike"],"picked":"Dropkick","floor":11},{"not_picked":["Shockwave","Cleave"],"picked":"Demon Form","floor":13},{"not_picked":["Corruption","Sword Boomerang"],"picked":"Warcry","floor":14}],"player_experience":528875,"relics_obtained":[{"floor":8,"key":"Ornamental Fan"},{"floor":9,"key":"Orichalcum"},{"floor":10,"key":"Dream Catcher"},{"floor":13,"key":"PreservedInsect"}],"event_choices":[{"damage_healed":0,"gold_gain":0,"player_choice":"1 cards matched","damage_taken":0,"max_hp_gain":0,"max_hp_loss":0,"event_name":"Match and Keep!","floor":2,"gold_loss":0,"cards_obtained":["Reckless Charge"]},{"damage_healed":0,"gold_gain":0,"player_choice":"Grow","damage_taken":0,"max_hp_gain":0,"max_hp_loss":0,"event_name":"Living Wall","floor":4,"gold_loss":0,"cards_upgraded":["Corruption"]}],"is_beta":false,"boss_relics":[],"items_purged_floors":[12],"is_endless":false,"potions_floor_spawned":[5,8,13],"killed_by":"Slime Boss","ascension_level":15}