{"gold_per_floor":[110,35,35,53,65,96,108,134,146,175,187,118,118,145,145,145],"floor_reached":16,"playtime":426,"items_purged":[],"score":204,"play_id":"91a95922-66a9-4f1e-a046-65ffafcfb2f2","local_time":"20190209181657","is_ascension_mode":true,"campfire_choices":[{"data":"True Grit","floor":7,"key":"SMITH"},{"floor":11,"key":"REST"},{"data":"Perfected Strike","floor":13,"key":"SMITH"},{"data":"Bash","floor":15,"key":"SMITH"}],"neow_cost":"NONE","seed_source_timestamp":1769629758812709,"circlet_count":0,"master_deck":["AscendersBane","Strike_R","Strike_R","Strike_R","Defend_R","Defend_R","Defend_R","Defend_R","Bash+1","Thunderclap","Evolve","Perfected Strike+1","Cleave","True Grit+1","Shrug It Off","Twin Strike","Flex","Ghostly Armor"],"relics":["Burning Blood","Potion Belt","MawBank","Centennial Puzzle","Bottled Lightning"],"potions_floor_usage":[14,14,16,16],"damage_taken":[{"damage":14,"enemies":"Small Slimes","floor":1,"turns":6},{"damage":0,"enemies":"2 Louse","floor":4,"turns":5},{"damage":14,"enemies":"Jaw Worm","floor":5,"turns":4},{"damage":30,"enemies":"3 Sentries","floor":6,"turns":7},{"damage":16,"enemies":"Blue Slaver","floor":8,"turns":4},{"damage":11,"enemies":"Looter","floor":10,"turns":3},{"damage":14,"enemies":"Lagavulin","floor":14,"turns":6},{"damage":41,"enemies":"The Guardian","floor":16,"turns":11}],"seed_played":"-8251959825813499246","potions_obtained":[{"floor":4,"key":"PowerPotion"},{"floor":6,"key":"Dexterity Potion"},{"floor":10,"key":"GamblersBrew"},{"floor":14,"key":"PowerPotion"}],"is_trial":false,"path_per_floor":["M","?","?","M","M","E","R","M","T","M","R","$","R","E","R","B"],"character_chosen":"IRONCLAD","items_purchased":["Twin Strike","Flex"],"campfire_rested":1,"item_purchase_floors":[12,12],"current_hp_per_floor":[60,60,60,66,58,34,34,24,24,19,41,41,41,33,33,0],"gold":145,"neow_bonus":"RANDOM_COMMON_RELIC","is_prod":false,"is_daily":false,"chose_seed":false,"campfire_upgraded":3,"win_rate":0,"timestamp":1549754217,"path_taken":["M","?","?","M","M","E","R","M","T","M","R","$","R","E","R","BOSS"],"build_version":"2019-02-06","purchased_purges":0,"victory":false,"max_hp_per_floor":[75,75,75,75,75,75,75,75,75,75,75,75,75,75,75,75],"card_choices":[{"not_picked":["True Grit","Bloodletting"],"picked":"Thunderclap","floor":1},{"not_picked":["Twin Strike","Headbutt"],"picked":"Perfected Strike","floor":4},{"not_picked":["Corruption","Shrug It Off"],"picked":"Cleave","floor":5},{"not_picked":["Headbutt","Evolve"],"picked":"True Grit","floor":6},{"not_picked":["Entrench","Warcry"],"picked":"Shrug It Off","floor":8},{"not_picked":["Heavy Blade","Headbutt","Anger"],"picked":"SKIP","floor":10},{"not_picked":["Impervious","Headbutt"],"picked":"Ghostly Armor","floor":14}],"player_experience":658544,"relics_obtained":[{"floor":6,"key":"MawBank"},{"floor":9,"key":"Centennial Puzzle"},{"floor":14,"key":"Bottled Lightning"}],"event_choices":[{"cards_removed":["Strike_R"],"damage_healed":0,"gold_gain":0,"player_choice":"Card Removal","damage_taken":0,"max_hp_gain":0,"max_hp_loss":0,"event_name":"The Cleric","floor":2,"gold_loss":75},{"damage_healed":0,"gold_gain":0,"cards_transformed":["Strike_R"],"player_choice":"Change","damage_taken":0,"max_hp_gain":0,"max_hp_loss":0,"event_name":"Living Wall","floor":3,"gold_loss":0,"cards_obtained":["Evolve"]}],"is_beta":true,"boss_relics":[],"items_purged_floors":[],"is_endless":false,"potions_floor_spawned":[4,6,10,14],"killed_by":"The Guardian","ascension_level":17}