{"gold_per_floor":[118,137,57,21,21,21,48,65,137,137,167,184,184,201,201,301,301,312,312,328,328,16,71,88,88,88,114,129,129,79,109,109,205,205,218,218,234,60,77,77,87,87,87,87,98,124,124,157,157,157],"floor_reached":51,"playtime":2917,"items_purged":["Defend_G","Defend_G","Strike_G"],"score":1062,"play_id":"2e7603a5-a3a7-4057-a706-106441243467","local_time":"20190109225717","is_ascension_mode":true,"campfire_choices":[{"data":"Skewer","floor":6,"key":"SMITH"},{"data":"Caltrops","floor":10,"key":"SMITH"},{"data":"Footwork","floor":13,"key":"SMITH"},{"data":"Neutralize","floor":15,"key":"SMITH"},{"floor":25,"key":"REST"},{"data":"Envenom","floor":29,"key":"SMITH"},{"floor":32,"key":"REST"},{"data":"Leg Sweep","floor":40,"key":"SMITH"},{"data":"PiercingWail","floor":42,"key":"SMITH"},{"data":"Backflip","floor":44,"key":"SMITH"},{"data":"Adrenaline","floor":47,"key":"SMITH"},{"data":"Corpse Explosion","floor":49,"key":"SMITH"}],"neow_cost":"NONE","seed_source_timestamp":29421139625908,"circlet_count":0,"master_deck":["Defend_G","Defend_G","Defend_G","Strike_G","Survivor","Neutralize+1","Flying Knee","Skewer+1","Caltrops+1","Leg Sweep+1","PiercingWail+1","Footwork+1","Backflip+1","Envenom+1","Dodge and Roll+1","Backflip+1","Noxious Fumes+1","Adrenaline+1","Glass Knife+1","Dash+1","Backstab+1","Noxious Fumes+1","Well Laid Plans+1","Backflip+1","Corpse Explosion+1"],"relics":["Ring of the Snake","NeowsBlessing","Centennial Puzzle","Omamori","Paper Crane","Smiling Mask","Velvet Choker","MutagenicStrength","Frozen Egg 2","Letter Opener","Tiny Chest","Bag of Marbles","FossilizedHelix","Potion Belt","Astrolabe","Mango","Mummified Hand","Sundial"],"potions_floor_usage":[11,23,31,39,50,50,50,50,50],"damage_taken":[{"damage":0,"enemies":"Cultist","floor":1,"turns":1},{"damage":0,"enemies":"2 Louse","floor":2,"turns":1},{"damage":0,"enemies":"Lagavulin","floor":7,"turns":1},{"damage":0,"enemies":"Small Slimes","floor":8,"turns":4},{"damage":22,"enemies":"3 Sentries","floor":11,"turns":8},{"damage":1,"enemies":"2 Fungi Beasts","floor":12,"turns":4},{"damage":6,"enemies":"Exordium Wildlife","floor":14,"turns":3},{"damage":9,"enemies":"Hexaghost","floor":16,"turns":14},{"damage":13,"enemies":"2 Thieves","floor":18,"turns":5},{"damage":0,"enemies":"3 Byrds","floor":20,"turns":6},{"damage":7,"enemies":"Slavers","floor":23,"turns":10},{"damage":6,"enemies":"Cultist and Chosen","floor":24,"turns":8},{"damage":5,"enemies":"Book of Stabbing","floor":27,"turns":5},{"damage":10,"enemies":"Shelled Parasite and Fungi","floor":28,"turns":4},{"damage":9,"enemies":"Gremlin Leader","floor":31,"turns":7},{"damage":5,"enemies":"Automaton","floor":33,"turns":10},{"damage":0,"enemies":"3 Shapes","floor":35,"turns":4},{"damage":0,"enemies":"3 Darklings","floor":37,"turns":5},{"damage":0,"enemies":"Spire Growth","floor":39,"turns":5},{"damage":16,"enemies":"Writhing Mass","floor":41,"turns":5},{"damage":1,"enemies":"Sphere and 2 Shapes","floor":45,"turns":5},{"damage":0,"enemies":"Giant Head","floor":46,"turns":8},{"damage":0,"enemies":"Nemesis","floor":48,"turns":5},{"damage":38,"enemies":"Awakened One","floor":50,"turns":13}],"seed_played":"-4434940483742673151","potions_obtained":[{"floor":2,"key":"Regen Potion"},{"floor":7,"key":"Ancient Potion"},{"floor":12,"key":"EssenceOfSteel"},{"floor":20,"key":"Weak Potion"},{"floor":28,"key":"Swift Potion"},{"floor":33,"key":"EssenceOfSteel"},{"floor":39,"key":"Ancient Potion"}],"is_trial":false,"path_per_floor":["M","M","$","?","?","R","E","M","T","R","E","M","R","M","R","B",null,"M","?","M","?","$","E","M","R","T","E","M","R","$","E","R","B",null,"M","?","M","$","M","R","M","R","T","R","M","E","R","E","R","B",null],"character_chosen":"THE_SILENT","items_purchased":["Caltrops","Letter Opener","LiquidBronze","PowerPotion"],"campfire_rested":2,"item_purchase_floors":[3,22,38,38],"current_hp_per_floor":[63,63,63,63,51,51,51,51,51,51,44,43,43,37,37,28,60,47,47,47,47,47,40,34,55,55,50,40,40,40,31,52,47,64,64,64,64,64,64,64,48,48,62,62,61,61,61,61,61,23],"gold":157,"neow_bonus":"THREE_ENEMY_KILL","is_prod":false,"is_daily":false,"chose_seed":false,"campfire_upgraded":10,"win_rate":0,"timestamp":1547096237,"path_taken":["M","?","$","?","?","R","E","M","T","R","E","M","R","M","R","BOSS","M","?","M","?","$","E","M","R","T","E","M","R","?","E","R","BOSS","M","?","M","$","M","R","M","R","T","R","M","E","R","E","R","BOSS"],"build_version":"2019-01-03v4","purchased_purges":3,"victory":true,"max_hp_per_floor":[70,70,70,70,70,70,70,70,70,70,70,70,70,70,70,70,70,70,70,70,70,70,70,70,70,70,70,70,70,70,70,70,70,70,70,70,70,70,70,70,70,70,84,84,84,84,84,84,84,84],"card_choices":[{"not_picked":["Underhanded Strike","Bane"],"picked":"Flying Knee","floor":1},{"not_picked":["Calculated Gamble","Dodge and Roll"],"picked":"Skewer","floor":2},{"not_picked":["Deflect","Bullet Time"],"picked":"Leg Sweep","floor":7},{"not_picked":["Sucker Punch","Concentrate"],"picked":"PiercingWail","floor":8},{"not_picked":["Prepared","Predator"],"picked":"Footwork","floor":11},{"not_picked":["Finisher","Expertise"],"picked":"Backflip","floor":12},{"not_picked":["Dagger Spray","Blade Dance","Acrobatics"],"picked":"SKIP","floor":14},{"not_picked":["Night Terror","Corpse Explosion"],"picked":"Envenom","floor":16},{"not_picked":["Slice+1","Acrobatics"],"picked":"Dodge and Roll+1","floor":18},{"not_picked":["Dagger Throw","Prepared+1"],"picked":"Backflip+1","floor":20},{"not_picked":["Flying Knee","Slice","Escape Plan"],"picked":"SKIP","floor":23},{"not_picked":["Deflect+1","Tactician","Dagger Throw"],"picked":"SKIP","floor":24},{"not_picked":["Eviscerate","Cloak And Dagger","Choke"],"picked":"SKIP","floor":27},{"not_picked":["Prepared","Cloak And Dagger+1"],"picked":"Noxious Fumes+1","floor":28},{"not_picked":["Slice+1","Leg Sweep","Flying Knee"],"picked":"SKIP","floor":31},{"not_picked":["Envenom+1","Burst"],"picked":"Adrenaline","floor":33},{"not_picked":["Deadly Poison+1","Flechettes+1"],"picked":"Noxious Fumes+1","floor":35},{"not_picked":["Prepared","Backflip+1","Underhanded Strike"],"picked":"SKIP","floor":37},{"not_picked":["Backstab+1","Adrenaline"],"picked":"Well Laid Plans+1","floor":39},{"not_picked":["Dodge and Roll","Outmaneuver","PiercingWail"],"picked":"SKIP","floor":41},{"not_picked":["Blade Dance","Well Laid Plans+1"],"picked":"Backflip+1","floor":45},{"not_picked":["Backstab+1","Cloak And Dagger+1","Dodge and Roll+1"],"picked":"SKIP","floor":46},{"not_picked":["Prepared+1","Backflip"],"picked":"Corpse Explosion","floor":48}],"player_experience":137578,"relics_obtained":[{"floor":7,"key":"Omamori"},{"floor":9,"key":"Paper Crane"},{"floor":11,"key":"Smiling Mask"},{"floor":23,"key":"Tiny Chest"},{"floor":26,"key":"Bag of Marbles"},{"floor":27,"key":"FossilizedHelix"},{"floor":31,"key":"Potion Belt"},{"floor":43,"key":"Mango"},{"floor":46,"key":"Mummified Hand"},{"floor":48,"key":"Sundial"}],"event_choices":[{"damage_healed":0,"gold_gain":0,"player_choice":"Left Gold","damage_taken":0,"max_hp_gain":0,"max_hp_loss":0,"event_name":"World of Goop","floor":4,"gold_loss":36},{"damage_healed":0,"gold_gain":0,"player_choice":"Success","damage_taken":12,"relics_obtained":["Centennial Puzzle"],"max_hp_gain":0,"max_hp_loss":0,"event_name":"Scrap Ooze","floor":5,"gold_loss":0},{"damage_healed":0,"gold_gain":0,"player_choice":"Inject Mutagens","damage_taken":0,"relics_obtained":["MutagenicStrength"],"max_hp_gain":0,"max_hp_loss":0,"event_name":"Drug Dealer","floor":19,"gold_loss":0},{"damage_healed":0,"gold_gain":0,"player_choice":"Opened","damage_taken":0,"relics_obtained":["Frozen Egg 2"],"max_hp_gain":0,"max_hp_loss":0,"event_name":"The Mausoleum","floor":21,"gold_loss":0},{"damage_healed":0,"gold_gain":0,"player_choice":"Ignored","damage_taken":0,"max_hp_gain":0,"max_hp_loss":0,"event_name":"Mysterious Sphere","floor":36,"gold_loss":0}],"is_beta":false,"boss_relics":[{"not_picked":["Tiny House","Ectoplasm"],"picked":"Velvet Choker"},{"not_picked":["Pandora\u0027s Box","Black Star"],"picked":"Astrolabe"}],"items_purged_floors":[22,30,38],"is_endless":false,"potions_floor_spawned":[2,7,12,20,28,33,39,41,46,48],"ascension_level":6}