{"gold_per_floor":[113,113,113,113,125,160,160,160,183,201,217,247,247,8,8,8],"floor_reached":16,"playtime":879,"items_purged":["Defend_R"],"score":133,"play_id":"4b9e3c02-9ecb-4aa8-b784-7d0c68d4dd9e","local_time":"20180705163101","is_ascension_mode":false,"campfire_choices":[{"data":"Carnage","floor":8,"key":"SMITH"},{"data":"Shrug It Off","floor":13,"key":"SMITH"},{"data":"Immolate","floor":15,"key":"SMITH"}],"neow_cost":"NONE","seed_source_timestamp":4613303878828,"circlet_count":0,"master_deck":["Strike_R","Strike_R","Strike_R","Strike_R","Defend_R","Defend_R","Defend_R","Bash","Carnage+1","Infernal Blade","Shrug It Off+1","Immolate+1"],"relics":["Burning Blood","Self Forming Clay","Bottled Flame","Oddly Smooth Stone","Du-Vu Doll"],"potions_floor_usage":[12,12],"damage_taken":[{"damage":5,"enemies":"Small Slimes","floor":1,"turns":4},{"damage":9,"enemies":"2 Louse","floor":5,"turns":3},{"damage":33,"enemies":"3 Sentries","floor":6,"turns":14},{"damage":0,"enemies":"Cultist","floor":10,"turns":3},{"damage":3,"enemies":"2 Fungi Beasts","floor":11,"turns":3},{"damage":0,"enemies":"Gremlin Nob","floor":12,"turns":2},{"damage":66,"enemies":"Hexaghost","floor":16,"turns":11}],"seed_played":"7983516558712484047","potions_obtained":[{"floor":1,"key":"AttackPotion"},{"floor":10,"key":"Poison Potion"},{"floor":12,"key":"Weak Potion"}],"is_trial":false,"path_per_floor":["M","?","?","?","M","E","?","R","T","M","M","E","R","$","R"],"character_chosen":"IRONCLAD","items_purchased":["Immolate"],"campfire_rested":0,"item_purchase_floors":[14],"current_hp_per_floor":[88,76,81,81,78,51,51,51,51,57,60,66,66,66,66,0],"gold":8,"neow_bonus":"TEN_PERCENT_HP_BONUS","is_prod":false,"is_daily":false,"chose_seed":false,"campfire_upgraded":3,"win_rate":0,"timestamp":1530775861,"path_taken":["M","?","?","?","M","E","?","R","T","?","M","E","R","$","R","BOSS"],"build_version":"2018-06-28","purchased_purges":1,"victory":false,"max_hp_per_floor":[88,88,93,93,93,93,93,93,93,93,93,93,93,93,93,93],"card_choices":[{"not_picked":["Perfected Strike","Body Slam","Clothesline"],"picked":"SKIP","floor":1},{"not_picked":["Body Slam","Dropkick","Entrench"],"picked":"SKIP","floor":5},{"not_picked":["Cleave","Perfected Strike"],"picked":"Carnage","floor":6},{"not_picked":["Ghostly Armor","Flame Barrier"],"picked":"Infernal Blade","floor":10},{"not_picked":["Anger","Rupture","Disarm"],"picked":"SKIP","floor":11},{"not_picked":["Armaments","Thunderclap"],"picked":"Shrug It Off","floor":12}],"player_experience":55750,"relics_obtained":[{"floor":6,"key":"Bottled Flame"},{"floor":9,"key":"Oddly Smooth Stone"},{"floor":12,"key":"Du-Vu Doll"}],"event_choices":[{"event_name":"Scrap Ooze","player_choice":"success","floor":2,"damage_taken":12},{"event_name":"Big Fish","player_choice":"Donut","floor":3,"damage_taken":0},{"event_name":"Liars Game","player_choice":"disagreed","floor":4,"damage_taken":0},{"event_name":"Living Wall","player_choice":"Forget","floor":7,"damage_taken":0}],"boss_relics":[],"items_purged_floors":[14],"is_endless":false,"potions_floor_spawned":[1,10,12],"killed_by":"Hexaghost","ascension_level":0}