{"gold_per_floor":[110,65,140,140,155,188,32,47,47,60,71,82,137,163,163,163],"floor_reached":16,"playtime":1026,"items_purged":["Strike_G"],"score":151,"play_id":"6ae3b36b-34a8-48ad-87a3-5712b888d82b","local_time":"20190211162304","is_ascension_mode":true,"campfire_choices":[{"data":"Backflip","floor":15,"key":"SMITH"}],"neow_cost":"NONE","seed_source_timestamp":1342159421639060,"circlet_count":0,"master_deck":["Defend_G","Defend_G","Defend_G","Defend_G","Defend_G","Strike_G","Strike_G","Strike_G","Strike_G","Survivor","Neutralize","Dagger Spray","Deflect","Backflip","Well Laid Plans","Dagger Spray","Dagger Spray","Cloak And Dagger","Backflip+1"],"relics":["Ring of the Snake","NeowsBlessing","Meat on the Bone","Omamori","Pen Nib","Ancient Tea Set"],"potions_floor_usage":[10,12,13,16],"damage_taken":[{"damage":0,"enemies":"2 Louse","floor":1,"turns":1},{"damage":0,"enemies":"Cultist","floor":5,"turns":1},{"damage":0,"enemies":"Gremlin Nob","floor":6,"turns":1},{"damage":0,"enemies":"Jaw Worm","floor":8,"turns":5},{"damage":0,"enemies":"2 Fungi Beasts","floor":10,"turns":3},{"damage":0,"enemies":"Large Slime","floor":11,"turns":5},{"damage":0,"enemies":"3 Louse","floor":12,"turns":1},{"damage":23,"enemies":"Gremlin Nob","floor":13,"turns":5},{"damage":12,"enemies":"3 Sentries","floor":14,"turns":6},{"damage":51,"enemies":"Hexaghost","floor":16,"turns":15}],"seed_played":"-4168941952968284414","potions_obtained":[{"floor":8,"key":"Block Potion"},{"floor":11,"key":"AttackPotion"},{"floor":12,"key":"Dexterity Potion"},{"floor":14,"key":"Swift Potion"}],"is_trial":false,"path_per_floor":["M","$","?","?","M","E","$","M","T","M","M","M","?","E","R","B"],"character_chosen":"THE_SILENT","items_purchased":["Deflect","Well Laid Plans"],"campfire_rested":0,"item_purchase_floors":[2,7],"current_hp_per_floor":[70,70,59,70,70,70,70,70,70,70,70,70,47,47,47,0],"gold":163,"neow_bonus":"THREE_ENEMY_KILL","is_prod":false,"is_daily":false,"chose_seed":false,"campfire_upgraded":1,"win_rate":0,"timestamp":1549920184,"path_taken":["M","$","?","?","M","E","$","M","T","?","M","M","?","E","R","BOSS"],"build_version":"2019-01-23","purchased_purges":1,"victory":false,"max_hp_per_floor":[70,70,70,70,70,70,70,70,70,70,70,70,70,70,70,70],"card_choices":[{"not_picked":["Choke","Outmaneuver"],"picked":"Dagger Spray","floor":1},{"not_picked":["Expertise","Flying Knee","Endless Agony"],"picked":"SKIP","floor":5},{"not_picked":["Dagger Spray","Endless Agony"],"picked":"Backflip","floor":6},{"not_picked":["Setup","Accuracy"],"picked":"Dagger Spray","floor":8},{"not_picked":["Wraith Form v2","Expertise","Prepared"],"picked":"SKIP","floor":10},{"not_picked":["PiercingWail","Sucker Punch"],"picked":"Dagger Spray","floor":11},{"not_picked":["Skewer","Masterful Stab","Flying Knee"],"picked":"SKIP","floor":12},{"not_picked":["Sucker Punch","Flechettes"],"picked":"Cloak And Dagger","floor":13},{"not_picked":["Dagger Spray","Flying Knee"],"picked":"Backflip","floor":14}],"player_experience":110145,"relics_obtained":[{"floor":6,"key":"Meat on the Bone"},{"floor":9,"key":"Omamori"},{"floor":14,"key":"Ancient Tea Set"}],"event_choices":[{"damage_healed":0,"gold_gain":75,"player_choice":"Gather Gold","damage_taken":11,"max_hp_gain":0,"max_hp_loss":0,"event_name":"World of Goop","floor":3,"gold_loss":0},{"damage_healed":11,"gold_gain":0,"player_choice":"Full Heal","damage_taken":0,"max_hp_gain":0,"max_hp_loss":0,"event_name":"Wheel of Change","floor":4,"gold_loss":0},{"damage_healed":0,"gold_gain":30,"player_choice":"Searched \u00273\u0027 times","damage_taken":0,"relics_obtained":["Pen Nib"],"max_hp_gain":0,"max_hp_loss":0,"event_name":"Dead Adventurer","floor":13,"gold_loss":0}],"is_beta":false,"boss_relics":[],"items_purged_floors":[7],"is_endless":false,"potions_floor_spawned":[8,11,12,14],"killed_by":"Hexaghost","ascension_level":2}