{"gold_per_floor":[212,212,231,246,260,260,285,285,285,297,308,308,328,6,6,102,102,117,117,130,130,147,147,173,185,221,233],"floor_reached":27,"playtime":1058,"items_purged":["Pain"],"score":306,"play_id":"b5bdb5c9-ef70-46eb-9bf0-40ee5ce176aa","local_time":"20181203135453","is_ascension_mode":true,"campfire_choices":[{"data":"Shrug It Off","floor":6,"key":"SMITH"},{"data":"Bash","floor":8,"key":"SMITH"},{"floor":12,"key":"REST"},{"data":"Inflame","floor":15,"key":"SMITH"},{"floor":23,"key":"REST"}],"neow_cost":"NONE","seed_source_timestamp":866836033944685,"circlet_count":0,"master_deck":["Strike_R","Strike_R","Strike_R","Strike_R","Strike_R","Defend_R","Defend_R","Defend_R","Defend_R","Bash+1","Headbutt","Perfected Strike","Shrug It Off+1","Sentinel","Reaper","Iron Wave","Spot Weakness+1","Iron Wave","Apotheosis+1","Inflame+1","Feed","True Grit+1","Shrug It Off+1","Clothesline","Headbutt+1","Heavy Blade"],"relics":["Burning Blood","WarpedTongs","Toxic Egg 2","Darkstone Periapt","Lizard Tail","MawBank","Centennial Puzzle"],"potions_floor_usage":[16,18,22,24,24,24,24,27],"damage_taken":[{"damage":18,"enemies":"Jaw Worm","floor":1,"turns":4},{"damage":3,"enemies":"Cultist","floor":3,"turns":3},{"damage":12,"enemies":"Small Slimes","floor":4,"turns":3},{"damage":16,"enemies":"3 Louse","floor":5,"turns":2},{"damage":34,"enemies":"Gremlin Nob","floor":7,"turns":4},{"damage":25,"enemies":"Exordium Thugs","floor":10,"turns":5},{"damage":1,"enemies":"Large Slime","floor":11,"turns":7},{"damage":4,"enemies":"3 Louse","floor":13,"turns":5},{"damage":11,"enemies":"Hexaghost","floor":16,"turns":9},{"damage":61,"enemies":"3 Byrds","floor":18,"turns":8},{"damage":31,"enemies":"2 Thieves","floor":20,"turns":5},{"damage":16,"enemies":"Snake Plant","floor":22,"turns":5},{"damage":67,"enemies":"Book of Stabbing","floor":24,"turns":6},{"damage":34,"enemies":"Slavers","floor":27,"turns":2}],"seed_played":"-3254602731298717298","potions_obtained":[{"floor":7,"key":"SkillPotion"},{"floor":10,"key":"EssenceOfSteel"},{"floor":11,"key":"Weak Potion"},{"floor":18,"key":"Poison Potion"},{"floor":21,"key":"EntropicBrew"},{"floor":21,"key":"AttackPotion"},{"floor":21,"key":"Energy Potion"}],"is_trial":false,"path_per_floor":["M","?","M","M","M","R","E","R","T","M","M","R","M","$","R","B",null,"M","?","M","?","M","R","E","$","T","E"],"character_chosen":"IRONCLAD","items_purchased":["Apotheosis+1","Inflame"],"campfire_rested":2,"item_purchase_floors":[14,14],"current_hp_per_floor":[60,60,63,57,47,47,19,19,19,8,23,47,49,49,49,60,75,42,42,20,20,10,36,34,34,34,0],"gold":233,"neow_bonus":"HUNDRED_GOLD","is_prod":false,"is_daily":false,"chose_seed":false,"campfire_upgraded":3,"win_rate":0,"timestamp":1543863293,"path_taken":["M","?","M","M","M","R","E","R","T","?","M","R","M","$","R","BOSS","M","?","M","?","?","R","E","$","T","E"],"build_version":"2018-11-15","purchased_purges":1,"victory":false,"max_hp_per_floor":[80,80,80,80,80,80,80,80,80,80,80,80,80,80,80,80,80,84,84,87,87,87,87,87,87,87,87],"card_choices":[{"not_picked":["Sword Boomerang","Havoc"],"picked":"Headbutt","floor":1},{"not_picked":["Wild Strike","Fire Breathing"],"picked":"Perfected Strike","floor":3},{"not_picked":["Havoc","Searing Blow"],"picked":"Shrug It Off","floor":4},{"not_picked":["Fire Breathing","Thunderclap"],"picked":"Sentinel","floor":5},{"not_picked":["Heavy Blade","Bludgeon"],"picked":"Reaper","floor":7},{"not_picked":["Uppercut","Intimidate+1"],"picked":"Iron Wave","floor":10},{"not_picked":["Pommel Strike","Pummel"],"picked":"Spot Weakness+1","floor":11},{"not_picked":["Bloodletting+1","Thunderclap"],"picked":"Iron Wave","floor":13},{"not_picked":["Impervious+1","Juggernaut"],"picked":"Feed","floor":16},{"not_picked":["Iron Wave","Disarm+1"],"picked":"True Grit+1","floor":18},{"not_picked":["Armaments+1","Shrug It Off+1"],"picked":"Clothesline","floor":20},{"not_picked":["Rupture","Flex+1"],"picked":"Headbutt+1","floor":22},{"not_picked":["Metallicize","Body Slam"],"picked":"Heavy Blade","floor":24}],"player_experience":345036,"relics_obtained":[{"floor":7,"key":"Toxic Egg 2"},{"floor":9,"key":"Darkstone Periapt"},{"floor":24,"key":"MawBank"},{"floor":26,"key":"Centennial Puzzle"}],"event_choices":[{"damage_healed":0,"gold_gain":0,"player_choice":"Rummage","damage_taken":0,"relics_obtained":["WarpedTongs"],"max_hp_gain":0,"max_hp_loss":0,"event_name":"Accursed Blacksmith","floor":2,"gold_loss":0,"cards_obtained":["Pain"]},{"damage_healed":0,"gold_gain":0,"player_choice":"Read","damage_taken":0,"max_hp_gain":0,"max_hp_loss":0,"event_name":"The Library","floor":19,"gold_loss":0,"cards_obtained":["Shrug It Off"]},{"damage_healed":0,"gold_gain":0,"player_choice":"Got Potions","damage_taken":0,"max_hp_gain":0,"max_hp_loss":0,"event_name":"Lab","floor":21,"gold_loss":0}],"is_beta":false,"boss_relics":[{"not_picked":["White Beast Statue","Eternal Feather"],"picked":"Lizard Tail"}],"items_purged_floors":[14],"is_endless":false,"potions_floor_spawned":[7,10,11,18],"killed_by":"Slavers","ascension_level":6}