{"gold_per_floor":[215,11,28,38,50,81,98,98,98,109,109],"floor_reached":11,"playtime":753,"items_purged":[],"score":77,"play_id":"c8275aa2-a812-4e5d-a6f0-ad6b9c9a86c1","local_time":"20190210012458","is_ascension_mode":false,"campfire_choices":[],"neow_cost":"NONE","seed_source_timestamp":156670167627679,"circlet_count":0,"master_deck":["Strike_R","Strike_R","Strike_R","Strike_R","Strike_R","Defend_R","Defend_R","Defend_R","Defend_R","Bash","Combust","Carnage","Entrench","Warcry","Pummel","Armaments","Demon Form","Disarm"],"relics":["Burning Blood","Chemical X","The Courier","Prayer Wheel"],"potions_floor_usage":[],"damage_taken":[{"damage":6,"enemies":"Cultist","floor":1,"turns":3},{"damage":5,"enemies":"Small Slimes","floor":3,"turns":3},{"damage":0,"enemies":"2 Louse","floor":4,"turns":2},{"damage":11,"enemies":"Large Slime","floor":5,"turns":4},{"damage":18,"enemies":"Gremlin Nob","floor":6,"turns":4},{"damage":12,"enemies":"Looter","floor":7,"turns":2},{"damage":17,"enemies":"2 Fungi Beasts","floor":10,"turns":4},{"damage":58,"enemies":"Lagavulin","floor":11,"turns":6}],"seed_played":"-9013745365823614781","potions_obtained":[{"floor":3,"key":"SteroidPotion"},{"floor":6,"key":"Energy Potion"},{"floor":7,"key":"Strength Potion"}],"is_trial":false,"path_per_floor":["M","$","M","M","M","E","M","$","T","M","E"],"character_chosen":"IRONCLAD","items_purchased":["Chemical X"],"campfire_rested":0,"item_purchase_floors":[2],"current_hp_per_floor":[80,80,80,80,75,63,57,57,57,46,0],"gold":109,"neow_bonus":"HUNDRED_GOLD","is_prod":false,"is_daily":false,"chose_seed":false,"campfire_upgraded":0,"win_rate":0.0,"timestamp":1549758298,"path_taken":["M","$","M","?","M","E","M","?","T","M","E"],"build_version":"2019-01-23","purchased_purges":0,"victory":false,"max_hp_per_floor":[80,80,80,80,80,80,80,80,80,80,80],"card_choices":[{"not_picked":["Sword Boomerang","Feel No Pain"],"picked":"Combust","floor":1},{"not_picked":["Pummel","Havoc"],"picked":"Carnage","floor":3},{"not_picked":["Sever Soul","True Grit"],"picked":"Entrench","floor":4},{"not_picked":["Feel No Pain","Flex"],"picked":"Warcry","floor":5},{"not_picked":["Entrench","Second Wind"],"picked":"Pummel","floor":6},{"not_picked":["Sword Boomerang","Anger"],"picked":"Armaments","floor":7},{"not_picked":["Body Slam","Dual Wield"],"picked":"Demon Form","floor":10},{"not_picked":["Sword Boomerang","Iron Wave"],"picked":"Disarm","floor":10}],"player_experience":113636,"relics_obtained":[{"floor":6,"key":"The Courier"},{"floor":9,"key":"Prayer Wheel"}],"event_choices":[],"is_beta":false,"boss_relics":[],"items_purged_floors":[],"is_endless":false,"potions_floor_spawned":[3,6,7],"killed_by":"Lagavulin","ascension_level":0}