{"gold_per_floor":[117,292,312,312,69,103,103,130,155,180,222,234,256,279,291,405,417,445,118,129,129,147,182,192,192],"floor_reached":25,"playtime":1390,"items_purged":["Doubt","Strike_B"],"score":445,"play_id":"12709d1c-1110-4745-9bf3-e4114c2fa27f","local_time":"20190111192543","is_ascension_mode":true,"campfire_choices":[{"data":"Go for the Eyes","floor":7.0,"key":"SMITH"},{"data":"Zap","floor":12.0,"key":"SMITH"},{"data":"Dualcast","floor":15.0,"key":"SMITH"}],"neow_cost":"NONE","seed_source_timestamp":191036676994712,"circlet_count":0,"master_deck":["Strike_B","Strike_B","Defend_B","Defend_B","Defend_B","Defend_B","Zap+1","Dualcast+1","Ball Lightning","Go for the Eyes+1","Melter","Conserve Battery","Flash of Steel","Self Repair","Gash","Leap","Scrape","Hologram","Go for the Eyes+1"],"special_seed":0,"relics":["Cracked Core","NeowsBlessing","DataDisk","FossilizedHelix","MawBank","Ancient Tea Set","Busted Crown","Gremlin Horn","The Courier"],"potions_floor_usage":[18,18],"damage_taken":[{"damage":0.0,"enemies":"2 Louse","floor":1.0,"turns":1.0},{"damage":0.0,"enemies":"Small Slimes","floor":3.0,"turns":1.0},{"damage":0.0,"enemies":"3 Sentries","floor":6.0,"turns":1.0},{"damage":27.0,"enemies":"Gremlin Nob","floor":8.0,"turns":5.0},{"damage":0.0,"enemies":"Cultist","floor":10.0,"turns":3.0},{"damage":18.0,"enemies":"3 Sentries","floor":11.0,"turns":6.0},{"damage":0.0,"enemies":"Exordium Thugs","floor":13.0,"turns":3.0},{"damage":0.0,"enemies":"Exordium Wildlife","floor":14.0,"turns":3.0},{"damage":0.0,"enemies":"Slime Boss","floor":16.0,"turns":6.0},{"damage":0,"enemies":"3 Byrds","floor":18,"turns":3},{"damage":6,"enemies":"Shell Parasite","floor":20,"turns":4},{"damage":36,"enemies":"Snake Plant","floor":22,"turns":5},{"damage":30,"enemies":"Book of Stabbing","floor":23,"turns":6},{"damage":19,"enemies":"Centurion and Healer","floor":24,"turns":9},{"damage":16,"enemies":"Slavers","floor":25,"turns":2}],"seed_played":"-1205687493933416210","potions_obtained":[{"floor":1.0,"key":"FocusPotion"},{"floor":6.0,"key":"SpeedPotion"},{"floor":14.0,"key":"Fire Potion"},{"floor":16.0,"key":"LiquidBronze"},{"floor":20,"key":"Poison Potion"},{"floor":23,"key":"Strength Potion"}],"is_trial":false,"path_per_floor":["M","?","M","?","$","E","R","E","T","M","E","R","M","M","R","B",null,"M","$","M","?","M","E","M","E"],"character_chosen":"DEFECT","items_purchased":["Conserve Battery","Flash of Steel","Self Repair","Gremlin Horn"],"campfire_rested":0,"item_purchase_floors":[5,5,5,19],"current_hp_per_floor":[68,68,68,68,68,75,75,55,55,62,51,51,58,65,65,72,74,75,75,75,75,46,23,11,0],"gold":192,"neow_bonus":"THREE_ENEMY_KILL","is_prod":false,"is_daily":false,"chose_seed":false,"campfire_upgraded":3,"win_rate":0,"timestamp":1547256343,"path_taken":["M","?","M","?","$","E","R","E","T","M","E","R","M","M","R","BOSS","M","$","M","?","M","E","M","E"],"build_version":"2019-01-10","purchased_purges":2,"victory":false,"max_hp_per_floor":[75,75,75,75,75,75,75,75,75,75,75,75,75,75,75,75,75,75,75,75,75,75,75,75,75],"card_choices":[{"not_picked":["Aggregate","Coolheaded"],"picked":"Ball Lightning","floor":1.0},{"not_picked":["Steam","Rebound"],"picked":"Go for the Eyes","floor":3.0},{"not_picked":["Skim","Cold Snap"],"picked":"Gash","floor":6.0},{"not_picked":["Beam Cell","Steam","Amplify"],"picked":"SKIP","floor":8.0},{"not_picked":["Cold Snap","Redo"],"picked":"Leap","floor":10.0},{"not_picked":["Leap","Aggregate"],"picked":"Scrape","floor":11.0},{"not_picked":["Rebound","Steam"],"picked":"Hologram","floor":13.0},{"not_picked":["Beam Cell","Redo","Conserve Battery"],"picked":"SKIP","floor":14.0},{"not_picked":["Capacitor"],"picked":"SKIP","floor":18},{"not_picked":["Conserve Battery+1"],"picked":"SKIP","floor":20},{"not_picked":["Scrape"],"picked":"SKIP","floor":22},{"not_picked":[],"picked":"Go for the Eyes+1","floor":23},{"not_picked":["Genetic Algorithm"],"picked":"SKIP","floor":24}],"player_experience":150106,"relics_obtained":[{"floor":6.0,"key":"DataDisk"},{"floor":8.0,"key":"FossilizedHelix"},{"floor":9.0,"key":"MawBank"},{"floor":11.0,"key":"Ancient Tea Set"},{"floor":23,"key":"The Courier"}],"event_choices":[{"damage_healed":0.0,"max_hp_gain":0.0,"max_hp_loss":0.0,"gold_gain":175.0,"event_name":"Liars Game","player_choice":"AGREE","floor":2.0,"gold_loss":0.0,"damage_taken":0.0,"cards_obtained":["Doubt"]},{"damage_healed":0.0,"max_hp_gain":0.0,"max_hp_loss":0.0,"gold_gain":0.0,"cards_transformed":["Strike_B"],"event_name":"Transmorgrifier","player_choice":"Transformed","floor":4.0,"gold_loss":0.0,"damage_taken":0.0,"cards_obtained":["Melter"]},{"damage_healed":0,"gold_gain":0,"player_choice":"Ignored","damage_taken":0,"max_hp_gain":0,"max_hp_loss":0,"event_name":"The Mausoleum","floor":21,"gold_loss":0}],"is_beta":false,"boss_relics":[{"not_picked":["Inserter","Lizard Tail"],"picked":"Busted Crown"}],"items_purged_floors":[5,19],"is_endless":false,"potions_floor_spawned":[1,6,14,16,20,23],"killed_by":"Slavers","ascension_level":8}