{"gold_per_floor":[116,116,116,116,126,159,159,10,10,10,10,10,21,41,41,136,136,146,146,146,159,159],"floor_reached":22,"playtime":1941,"items_purged":[],"score":182,"play_id":"89fd230b-dd1c-4436-809d-91b2ea17a9bf","local_time":"20190518162053","is_ascension_mode":false,"campfire_choices":[{"floor":12,"key":"REST"},{"data":"Finisher","floor":15,"key":"SMITH"}],"neow_cost":"NONE","seed_source_timestamp":120757305498527,"circlet_count":0,"master_deck":["Defend_G","Defend_G","Defend_G","Defend_G","Defend_G","Strike_G","Strike_G+1","Strike_G+1","Strike_G","Strike_G","Survivor","Neutralize","Venomology+1","Quick Slash","Dodge and Roll","Finisher+1","Parasite","Sucker Punch","Choke","Dodge and Roll","Wraith Form","Deflect+1","Backstab"],"relics":["Ring of the Snake","Boot","Pocketwatch","Dream Catcher","Pear","Eternal Feather","Enchiridion"],"potions_floor_usage":[6,6,6,6,16,16,16,18,21,22],"damage_taken":[{"damage":3,"enemies":"Jaw Worm","floor":1,"turns":7},{"damage":0,"enemies":"2 Louse","floor":5,"turns":4},{"damage":4,"enemies":"Lagavulin","floor":6,"turns":9},{"damage":0,"enemies":"Small Slimes","floor":13,"turns":2},{"damage":1,"enemies":"Looter","floor":14,"turns":4},{"damage":76,"enemies":"Hexaghost","floor":16,"turns":13},{"damage":35,"enemies":"3 Byrds","floor":18,"turns":7},{"damage":6,"enemies":"Spheric Guardian","floor":21,"turns":7},{"damage":34,"enemies":"Shelled Parasite and Fungi","floor":22,"turns":8}],"seed_played":"-6206374780453583845","potions_obtained":[{"floor":5,"key":"Poison Potion"},{"floor":14,"key":"SteroidPotion"}],"is_trial":false,"path_per_floor":["M","?","?","?","M","E","?","$","T","?","?","R","M","M","R","B",null,"M","$","?","M","M"],"character_chosen":"THE_SILENT","items_purchased":["Dream Catcher"],"campfire_rested":1,"item_purchase_floors":[8],"current_hp_per_floor":[67,67,67,53,53,49,37,37,47,47,67,80,80,79,79,3,80,45,45,29,23,0],"gold":159,"neow_bonus":"ONE_RANDOM_RARE_CARD","is_prod":false,"is_daily":false,"chose_seed":false,"campfire_upgraded":1,"win_rate":0.0,"timestamp":1558218053,"path_taken":["M","?","?","?","M","E","?","?","T","?","?","R","M","M","R","BOSS","M","$","?","M","M"],"build_version":"2019-01-23","purchased_purges":0,"victory":false,"max_hp_per_floor":[70,70,70,70,70,70,70,70,80,80,80,80,80,80,80,80,80,80,80,80,80,80],"card_choices":[{"not_picked":["Flying Knee","Outmaneuver"],"picked":"Quick Slash","floor":1},{"not_picked":["Quick Slash","Finisher"],"picked":"Dodge and Roll","floor":5},{"not_picked":["Bullet Time","Dagger Throw"],"picked":"Finisher","floor":6},{"not_picked":["Dagger Throw","Dagger Spray"],"picked":"Sucker Punch","floor":12},{"not_picked":["Underhanded Strike","Dagger Throw"],"picked":"Choke","floor":13},{"not_picked":["Doppelganger","Flechettes"],"picked":"Dodge and Roll","floor":14},{"not_picked":["Glass Knife","Venomology"],"picked":"Wraith Form","floor":16},{"not_picked":["Slice+1","Prepared+1"],"picked":"Deflect+1","floor":18},{"not_picked":["Slice","Adrenaline"],"picked":"Backstab","floor":21}],"player_experience":30160,"relics_obtained":[{"floor":6,"key":"Boot"},{"floor":9,"key":"Pear"},{"floor":20,"key":"Enchiridion"}],"event_choices":[{"damage_healed":0,"gold_gain":0,"player_choice":"Ignored","damage_taken":0,"max_hp_gain":0,"max_hp_loss":0,"event_name":"Golden Wing","floor":2,"gold_loss":0},{"damage_healed":0,"gold_gain":0,"player_choice":"Leave","damage_taken":0,"max_hp_gain":0,"max_hp_loss":0,"event_name":"The Cleric","floor":3,"gold_loss":0},{"damage_healed":0,"gold_gain":0,"player_choice":"Entered Light","damage_taken":14,"max_hp_gain":0,"max_hp_loss":0,"event_name":"Shining Light","floor":4,"gold_loss":0,"cards_upgraded":["Strike_G","Strike_G"]},{"damage_healed":0,"gold_gain":0,"player_choice":"Success","damage_taken":12,"relics_obtained":["Pocketwatch"],"max_hp_gain":0,"max_hp_loss":0,"event_name":"Scrap Ooze","floor":7,"gold_loss":0},{"damage_healed":0,"gold_gain":0,"player_choice":"Grow","damage_taken":0,"max_hp_gain":0,"max_hp_loss":0,"event_name":"Living Wall","floor":10,"gold_loss":0,"cards_upgraded":["Venomology"]},{"damage_healed":20,"gold_gain":0,"player_choice":"Healed and dodged fight","damage_taken":0,"max_hp_gain":0,"max_hp_loss":0,"event_name":"Mushrooms","floor":11,"gold_loss":0,"cards_obtained":["Parasite"]},{"damage_healed":0,"gold_gain":0,"player_choice":"Obtained Book","damage_taken":16,"max_hp_gain":0,"max_hp_loss":0,"event_name":"Cursed Tome","floor":20,"gold_loss":0}],"is_beta":false,"boss_relics":[{"not_picked":["Runic Pyramid","Velvet Choker"],"picked":"Eternal Feather"}],"items_purged_floors":[],"is_endless":false,"potions_floor_spawned":[5,14],"killed_by":"Shelled Parasite and Fungi","ascension_level":0}