{"gold_per_floor":[112,123,134,99,44,71,83,102,129,129,163,24,38,68,68,144,144,158,158,158,175,25,54,54,54,54,54,78,89,89,102,102,179,179,193,208,38,38,38,38,65,65,65,82,96,146,146,162,162,162],"floor_reached":51,"playtime":3345,"items_purged":["Strike_G"],"score":1419,"play_id":"cb1b0b7b-c651-447a-9a78-bfce4c9fbbf5","local_time":"20190531112432","is_ascension_mode":true,"campfire_choices":[{"data":"Cloak And Dagger","floor":10.0,"key":"SMITH"},{"data":"Footwork","floor":15.0,"key":"SMITH"},{"floor":30.0,"key":"REST"},{"data":"After Image","floor":32.0,"key":"SMITH"},{"data":"Corpse Explosion","floor":40.0,"key":"SMITH"},{"data":"Noxious Fumes","floor":42.0,"key":"SMITH"},{"floor":47,"key":"REST"},{"data":"Footwork","floor":49,"key":"SMITH"}],"neow_cost":"NONE","seed_source_timestamp":1108443156873569,"circlet_count":0,"master_deck":["AscendersBane","Defend_G","Defend_G","Defend_G","Defend_G","Defend_G","Strike_G","Strike_G","Strike_G","Survivor","Neutralize+1","Dagger Throw","Well Laid Plans","Quick Slash","Cloak And Dagger+1","Slice","Poisoned Stab","Noxious Fumes+1","Footwork+1","PiercingWail","Leg Sweep","Die Die Die","After Image+1","Backflip","RitualDagger","Deflect+1","Bouncing Flask","Terror+1","PiercingWail","Cloak And Dagger","Corpse Explosion+1","Die Die Die+1","Riddle With Holes+1","Deflect+1","Injury","Footwork+1","Die Die Die+1"],"special_seed":0,"relics":["Ring of the Snake","Paper Crane","Bag of Preparation","Snake Skull","Potion Belt","Velvet Choker","CultistMask","Juzu Bracelet","Pantograph","Molten Egg 2","MutagenicStrength","Art of War","Cursed Key","Bag of Marbles","Du-Vu Doll"],"potions_floor_usage":[50,50,50],"damage_taken":[{"damage":3.0,"enemies":"Small Slimes","floor":1.0,"turns":5.0},{"damage":4.0,"enemies":"Jaw Worm","floor":2.0,"turns":5.0},{"damage":0.0,"enemies":"Cultist","floor":3.0,"turns":3.0},{"damage":4.0,"enemies":"3 Sentries","floor":6.0,"turns":10.0},{"damage":0.0,"enemies":"Looter","floor":7.0,"turns":4.0},{"damage":5.0,"enemies":"Exordium Wildlife","floor":8.0,"turns":4.0},{"damage":8.0,"enemies":"Gremlin Nob","floor":11.0,"turns":4.0},{"damage":0.0,"enemies":"Red Slaver","floor":13.0,"turns":3.0},{"damage":5.0,"enemies":"Lagavulin","floor":14.0,"turns":6.0},{"damage":17.0,"enemies":"Slime Boss","floor":16.0,"turns":10.0},{"damage":3.0,"enemies":"Spheric Guardian","floor":18.0,"turns":6.0},{"damage":9.0,"enemies":"Shell Parasite","floor":21.0,"turns":7.0},{"damage":25.0,"enemies":"Gremlin Leader","floor":23.0,"turns":8.0},{"damage":5.0,"enemies":"Colosseum Slavers","floor":24.0,"turns":5.0},{"damage":0.0,"enemies":"Snecko","floor":29.0,"turns":6.0},{"damage":5.0,"enemies":"Sentry and Sphere","floor":31.0,"turns":4.0},{"damage":0.0,"enemies":"Champ","floor":33.0,"turns":11.0},{"damage":0.0,"enemies":"3 Shapes","floor":35.0,"turns":7.0},{"damage":0.0,"enemies":"3 Darklings","floor":36.0,"turns":3.0},{"damage":14.0,"enemies":"Reptomancer","floor":41.0,"turns":8.0},{"damage":17,"enemies":"Spire Growth","floor":44,"turns":5},{"damage":12,"enemies":"Transient","floor":45,"turns":6},{"damage":10,"enemies":"Jaw Worm Horde","floor":48,"turns":3},{"damage":28,"enemies":"Donu and Deca","floor":50,"turns":7}],"seed_played":"-7063435650024551494","potions_obtained":[{"floor":3.0,"key":"Poison Potion"},{"floor":6.0,"key":"GhostInAJar"},{"floor":8.0,"key":"Energy Potion"},{"floor":11.0,"key":"GhostInAJar"},{"floor":14.0,"key":"FearPotion"},{"floor":23.0,"key":"GamblersBrew"},{"floor":31.0,"key":"Strength Potion"},{"floor":33.0,"key":"EssenceOfSteel"},{"floor":41.0,"key":"EssenceOfSteel"}],"is_trial":false,"path_per_floor":["M","M","M","?","$","E","M","M","T","R","E","$","M","E","R","B",null,"M","?","?","M","$","E","?","T","T","?","T","M","R","M","R","B",null,"M","M","$","?","$","R","E","R","T","M","M","?","R","M","R","B",null],"character_chosen":"THE_SILENT","items_purchased":["Block Potion","Footwork","PiercingWail","Bouncing Flask","Die Die Die+1","EssenceOfSteel"],"campfire_rested":2,"item_purchase_floors":[5,12,12,22,37,37],"current_hp_per_floor":[56,52,52,66,66,62,62,57,57,57,49,49,49,44,44,27,56,53,47,47,38,38,13,8,8,8,8,8,8,27,22,22,47,61,61,61,61,61,61,61,47,47,47,30,18,18,37,27,27,24],"gold":162,"neow_bonus":"UPGRADE_CARD","is_prod":false,"is_daily":false,"chose_seed":false,"campfire_upgraded":6,"win_rate":0,"timestamp":1559319872,"path_taken":["M","M","M","?","?","E","M","?","T","R","E","$","M","E","R","BOSS","M","?","?","?","$","E","?","?","T","?","?","M","R","M","R","BOSS","M","M","$","?","?","R","E","R","T","M","M","?","R","M","R","BOSS"],"build_version":"2019-01-23","purchased_purges":1,"victory":true,"max_hp_per_floor":[66,66,66,66,66,66,66,66,66,66,66,66,66,66,66,66,66,66,66,66,66,66,66,66,66,66,66,66,66,66,66,66,66,66,66,66,66,66,66,66,66,66,66,66,66,66,66,66,66,66],"card_choices":[{"not_picked":["Blade Dance","Reflex"],"picked":"Dagger Throw","floor":1.0},{"not_picked":["Poisoned Stab","Deadly Poison"],"picked":"Well Laid Plans","floor":2.0},{"not_picked":["Dodge and Roll","Concentrate"],"picked":"Quick Slash","floor":3.0},{"not_picked":["Sucker Punch","Dodge and Roll"],"picked":"Cloak And Dagger","floor":6.0},{"not_picked":["Underhanded Strike","Eviscerate"],"picked":"Slice","floor":7.0},{"not_picked":["Blade Dance","Distraction"],"picked":"Poisoned Stab","floor":8.0},{"not_picked":["Quick Slash","Acrobatics"],"picked":"Noxious Fumes","floor":11.0},{"not_picked":["Bane","Outmaneuver"],"picked":"Leg Sweep","floor":13.0},{"not_picked":["Acrobatics","Setup"],"picked":"Die Die Die","floor":14.0},{"not_picked":["Night Terror","A Thousand Cuts"],"picked":"After Image","floor":16.0},{"not_picked":["Outmaneuver","Flying Knee"],"picked":"Backflip","floor":18.0},{"not_picked":["Outmaneuver","Quick Slash"],"picked":"Deflect+1","floor":21.0},{"not_picked":["Calculated Gamble","Quick Slash"],"picked":"Terror+1","floor":23.0},{"not_picked":["Flying Knee+1","Infinite Blades"],"picked":"PiercingWail","floor":29.0},{"not_picked":["Accuracy","Flechettes+1"],"picked":"Cloak And Dagger","floor":31.0},{"not_picked":["Wraith Form v2","Grand Finale+1"],"picked":"Corpse Explosion","floor":33.0},{"not_picked":["Distraction","Prepared","Slice+1"],"picked":"SKIP","floor":35.0},{"not_picked":["Concentrate","Deadly Poison","Finisher+1"],"picked":"SKIP","floor":36.0},{"not_picked":["Sucker Punch+1","Concentrate"],"picked":"Deflect+1","floor":41.0},{"not_picked":["Underhanded Strike+1","Deadly Poison"],"picked":"Footwork","floor":44},{"not_picked":["Underhanded Strike+1","Acrobatics","Infinite Blades"],"picked":"SKIP","floor":45},{"not_picked":["Prepared","Underhanded Strike+1"],"picked":"Die Die Die+1","floor":48}],"player_experience":501471,"relics_obtained":[{"floor":6.0,"key":"Paper Crane"},{"floor":9.0,"key":"Bag of Preparation"},{"floor":11.0,"key":"Snake Skull"},{"floor":14.0,"key":"Potion Belt"},{"floor":23.0,"key":"Juzu Bracelet"},{"floor":25.0,"key":"Pantograph"},{"floor":26.0,"key":"Molten Egg 2"},{"floor":28.0,"key":"Art of War"},{"floor":41.0,"key":"Bag of Marbles"},{"floor":43.0,"key":"Du-Vu Doll"}],"event_choices":[{"damage_healed":16.0,"max_hp_gain":0.0,"max_hp_loss":0.0,"gold_gain":0.0,"event_name":"The Cleric","player_choice":"Healed","floor":4.0,"gold_loss":35.0,"damage_taken":0.0},{"damage_healed":0.0,"max_hp_gain":0.0,"max_hp_loss":0.0,"gold_gain":0.0,"event_name":"Nest","player_choice":"Joined the Cult","floor":19.0,"gold_loss":0.0,"damage_taken":6.0,"cards_obtained":["RitualDagger"]},{"damage_healed":0.0,"max_hp_gain":0.0,"max_hp_loss":0.0,"gold_gain":0.0,"event_name":"FaceTrader","player_choice":"Trade","floor":20.0,"gold_loss":0.0,"damage_taken":0.0,"relics_obtained":["CultistMask"]},{"damage_healed":0.0,"max_hp_gain":0.0,"max_hp_loss":0.0,"gold_gain":0.0,"event_name":"Colosseum","player_choice":"Fight","floor":24.0,"gold_loss":0.0,"damage_taken":0.0},{"damage_healed":0.0,"max_hp_gain":0.0,"max_hp_loss":0.0,"gold_gain":0.0,"event_name":"Colosseum","player_choice":"Fled From Nobs","floor":24.0,"gold_loss":0.0,"damage_taken":0.0},{"damage_healed":0.0,"max_hp_gain":0.0,"max_hp_loss":0.0,"gold_gain":0.0,"event_name":"Drug Dealer","player_choice":"Inject Mutagens","floor":27.0,"gold_loss":0.0,"damage_taken":0.0,"relics_obtained":["MutagenicStrength"]},{"damage_healed":0.0,"max_hp_gain":0.0,"max_hp_loss":0.0,"gold_gain":0.0,"cards_transformed":["Strike_G"],"event_name":"Transmorgrifier","player_choice":"Transformed","floor":38.0,"gold_loss":0.0,"damage_taken":0.0,"cards_obtained":["Riddle With Holes"]},{"damage_healed":0,"gold_gain":50,"player_choice":"Pray","damage_taken":0,"max_hp_gain":0,"max_hp_loss":0,"event_name":"Golden Shrine","floor":46,"gold_loss":0}],"is_beta":false,"boss_relics":[{"not_picked":["Empty Cage","Ectoplasm"],"picked":"Velvet Choker"},{"not_picked":["Pandora\u0027s Box","Fusion Hammer"],"picked":"Cursed Key"}],"items_purged_floors":[22],"is_endless":false,"potions_floor_spawned":[3,6,8,11,14,23,24,31,33,41],"ascension_level":17}