{"gold_per_floor":[109,109,109,171,231,231,258,270,270,270,172,172,186,202,202,202],"floor_reached":16,"playtime":608,"items_purged":["Strike_R"],"score":104,"play_id":"dd9c9765-f234-4cc7-95a9-97098cf5cea3","local_time":"20190528232113","is_ascension_mode":false,"campfire_choices":[{"data":"Bash","floor":6,"key":"SMITH"},{"floor":12,"key":"REST"},{"data":"Armaments","floor":15,"key":"SMITH"}],"neow_cost":"NONE","seed_source_timestamp":782615189974075,"circlet_count":0,"master_deck":["Strike_R","Strike_R+1","Strike_R+1","Strike_R","Defend_R","Defend_R","Defend_R","Defend_R","Bash+1","Dark Embrace","Body Slam","Armaments+1"],"relics":["Burning Blood","SsserpentHead","Whetstone","Bronze Scales"],"potions_floor_usage":[10],"damage_taken":[{"damage":11,"enemies":"Jaw Worm","floor":1,"turns":3},{"damage":0,"enemies":"2 Louse","floor":4,"turns":3},{"damage":6,"enemies":"Cultist","floor":5,"turns":3},{"damage":47,"enemies":"3 Sentries","floor":7,"turns":10},{"damage":23,"enemies":"Lots of Slimes","floor":8,"turns":5},{"damage":0,"enemies":"Exordium Wildlife","floor":10,"turns":1},{"damage":8,"enemies":"Red Slaver","floor":13,"turns":3},{"damage":0,"enemies":"Large Slime","floor":14,"turns":4},{"damage":62,"enemies":"Hexaghost","floor":16,"turns":11}],"seed_played":"-1534943563169502887","potions_obtained":[{"floor":4,"key":"SmokeBomb"},{"floor":13,"key":"SpeedPotion"}],"is_trial":false,"path_per_floor":["M","?","?","M","M","R","E","M","T","M","$","R","M","M","R","B"],"character_chosen":"IRONCLAD","items_purchased":["Armaments"],"campfire_rested":1,"item_purchase_floors":[11],"current_hp_per_floor":[75,75,75,80,80,80,39,22,22,28,28,52,50,56,56,0],"gold":202,"neow_bonus":"ONE_RANDOM_RARE_CARD","is_prod":false,"is_daily":false,"chose_seed":false,"campfire_upgraded":2,"win_rate":0,"timestamp":1559074873,"path_taken":["M","?","?","?","?","R","E","M","T","M","$","R","M","M","R","BOSS"],"build_version":"2019-01-23","purchased_purges":1,"victory":false,"max_hp_per_floor":[80,80,80,80,80,80,80,80,80,80,80,80,80,80,80,80],"card_choices":[{"not_picked":["Cleave","True Grit","Fire Breathing"],"picked":"SKIP","floor":1},{"not_picked":["Anger","Rage","Pommel Strike"],"picked":"SKIP","floor":4},{"not_picked":["Perfected Strike","True Grit","Impervious"],"picked":"SKIP","floor":5},{"not_picked":["Perfected Strike","Thunderclap","Intimidate"],"picked":"SKIP","floor":7},{"not_picked":["Pommel Strike","Anger"],"picked":"Body Slam","floor":8},{"not_picked":["Combust","Power Through","Disarm"],"picked":"SKIP","floor":13},{"not_picked":["Anger","Clothesline","Flex"],"picked":"SKIP","floor":14}],"player_experience":324364,"relics_obtained":[{"floor":7,"key":"Whetstone"},{"floor":9,"key":"Bronze Scales"}],"event_choices":[{"damage_healed":0,"gold_gain":0,"player_choice":"Ignored","damage_taken":0,"max_hp_gain":0,"max_hp_loss":0,"event_name":"Liars Game","floor":2,"gold_loss":0},{"damage_healed":0,"gold_gain":0,"player_choice":"Trade","damage_taken":0,"relics_obtained":["SsserpentHead"],"max_hp_gain":0,"max_hp_loss":0,"event_name":"FaceTrader","floor":3,"gold_loss":0}],"is_beta":false,"boss_relics":[],"items_purged_floors":[11],"is_endless":false,"potions_floor_spawned":[4,13],"killed_by":"Hexaghost","ascension_level":0}