{"gold_per_floor":[117,134,152,29,41,71,71,96,119,148,148,98,113,137,137,258,258,282,296,312,335,351,351],"floor_reached":23,"playtime":1389,"items_purged":["Strike_R"],"score":279,"play_id":"6662a98a-b4a7-4700-a1de-cb0c0cbd3fe0","local_time":"20190608171915","is_ascension_mode":true,"campfire_choices":[{"data":"Armaments","floor":7.0,"key":"SMITH"},{"data":"Whirlwind","floor":15.0,"key":"SMITH"}],"neow_cost":"NONE","seed_source_timestamp":0,"circlet_count":0,"master_deck":["Strike_R","Strike_R","Strike_R","Defend_R","Defend_R","Defend_R","Defend_R","Bash","Anger","True Grit","Twin Strike","Armaments+1","Impervious","Twin Strike","Pommel Strike","Injury","Whirlwind+1","Offering","True Grit+1","Battle Trance","Pommel Strike","Impervious"],"special_seed":0,"relics":["Burning Blood","Anchor","Juzu Bracelet","Strawberry","Orichalcum","Odd Mushroom","Golden Idol","Mark of Pain"],"potions_floor_usage":[],"damage_taken":[{"damage":8.0,"enemies":"Jaw Worm","floor":1.0,"turns":4.0},{"damage":7.0,"enemies":"Small Slimes","floor":2.0,"turns":4.0},{"damage":0.0,"enemies":"2 Louse","floor":3.0,"turns":2.0},{"damage":0.0,"enemies":"Exordium Wildlife","floor":5.0,"turns":3.0},{"damage":30.0,"enemies":"Lagavulin","floor":6.0,"turns":4.0},{"damage":14.0,"enemies":"3 Sentries","floor":8.0,"turns":10.0},{"damage":16.0,"enemies":"The Mushroom Lair","floor":10.0,"turns":5.0},{"damage":0.0,"enemies":"3 Louse","floor":13.0,"turns":3.0},{"damage":3.0,"enemies":"Blue Slaver","floor":14.0,"turns":3.0},{"damage":33.0,"enemies":"Slime Boss","floor":16.0,"turns":10.0},{"damage":21.0,"enemies":"Shell Parasite","floor":18.0,"turns":5.0},{"damage":13.0,"enemies":"Chosen","floor":19.0,"turns":5.0},{"damage":16.0,"enemies":"Centurion and Healer","floor":20.0,"turns":6.0},{"damage":17.0,"enemies":"Shelled Parasite and Fungi","floor":21.0,"turns":6.0},{"damage":18.0,"enemies":"Sentry and Sphere","floor":22.0,"turns":5.0},{"damage":27,"enemies":"Gremlin Leader","floor":23,"turns":5}],"seed_played":"-2555141449977908879","potions_obtained":[{"floor":1.0,"key":"Energy Potion"},{"floor":3.0,"key":"AttackPotion"},{"floor":8.0,"key":"Ancient Potion"},{"floor":13.0,"key":"Poison Potion"},{"floor":16.0,"key":"GamblersBrew"},{"floor":19.0,"key":"BloodPotion"},{"floor":20.0,"key":"PowerPotion"}],"is_trial":false,"path_per_floor":["M","M","M","$","M","E","R","E","T","?","?","?","M","M","R","B",null,"M","M","M","M","M","E"],"character_chosen":"IRONCLAD","items_purchased":["Twin Strike"],"campfire_rested":0,"item_purchase_floors":[4],"current_hp_per_floor":[70,69,75,75,80,56,56,55,55,45,45,45,51,54,54,27,72,57,50,48,37,25,0],"gold":351,"neow_bonus":"RANDOM_COMMON_RELIC","is_prod":false,"is_daily":false,"chose_seed":false,"campfire_upgraded":2,"win_rate":0,"timestamp":1560032355,"path_taken":["M","M","M","$","M","E","R","E","T","?","?","?","M","M","R","BOSS","M","M","M","M","M","E"],"build_version":"2019-01-23","purchased_purges":1,"victory":false,"max_hp_per_floor":[80,80,80,80,80,80,80,87,87,87,87,87,87,87,87,87,87,87,87,87,87,87,87],"card_choices":[{"not_picked":["Carnage","Sever Soul"],"picked":"Anger","floor":1.0},{"not_picked":["Burning Pact","Carnage"],"picked":"True Grit","floor":2.0},{"not_picked":["Warcry","Heavy Blade","Body Slam"],"picked":"SKIP","floor":3.0},{"not_picked":["Rage","Second Wind"],"picked":"Armaments","floor":5.0},{"not_picked":["Warcry","Body Slam"],"picked":"Impervious","floor":6.0},{"not_picked":["Entrench","Thunderclap"],"picked":"Twin Strike","floor":8.0},{"not_picked":["Bloodletting","Thunderclap"],"picked":"Pommel Strike","floor":10.0},{"not_picked":["Entrench","Dual Wield","Body Slam"],"picked":"SKIP","floor":13.0},{"not_picked":["Headbutt","Pummel"],"picked":"Whirlwind","floor":14.0},{"not_picked":["Feed","Brutality"],"picked":"Offering","floor":16.0},{"not_picked":["Anger","Pommel Strike"],"picked":"True Grit+1","floor":18.0},{"not_picked":["Searing Blow","Body Slam"],"picked":"Battle Trance","floor":19.0},{"not_picked":["Armaments","Dropkick"],"picked":"Pommel Strike","floor":20.0},{"not_picked":["Dropkick","Warcry","Cleave"],"picked":"SKIP","floor":21.0},{"not_picked":["Evolve+1","Heavy Blade"],"picked":"Impervious","floor":22.0}],"player_experience":46645,"relics_obtained":[{"floor":6.0,"key":"Juzu Bracelet"},{"floor":8.0,"key":"Strawberry"},{"floor":9.0,"key":"Orichalcum"},{"floor":10.0,"key":"Odd Mushroom"}],"event_choices":[{"damage_healed":0.0,"max_hp_gain":0.0,"max_hp_loss":0.0,"gold_gain":0.0,"event_name":"Mushrooms","player_choice":"Fought Mushrooms","floor":10.0,"gold_loss":0.0,"damage_taken":0.0},{"damage_healed":0.0,"max_hp_gain":0.0,"max_hp_loss":0.0,"gold_gain":0.0,"event_name":"Golden Idol","player_choice":"Take Wound","floor":11.0,"gold_loss":0.0,"damage_taken":0.0,"relics_obtained":["Golden Idol"],"cards_obtained":["Injury"]},{"cards_removed":["Strike_R"],"damage_healed":0.0,"max_hp_gain":0.0,"max_hp_loss":0.0,"gold_gain":0.0,"event_name":"The Cleric","player_choice":"Card Removal","floor":12.0,"gold_loss":50.0,"damage_taken":0.0}],"is_beta":false,"boss_relics":[{"not_picked":["White Beast Statue","Coffee Dripper"],"picked":"Mark of Pain"}],"items_purged_floors":[4],"is_endless":false,"potions_floor_spawned":[1,3,8,13,16,19,20],"killed_by":"Gremlin Leader","ascension_level":7}