{"gold_per_floor":[109,121,135,16,16,47,47,63,113,140,140,201,236,236,236,311,311,311,45,58,58,58,87,105,105],"floor_reached":25,"playtime":1194,"items_purged":["Strike_R"],"score":410,"play_id":"9eebb6e3-4ccb-49fb-8a6b-7135dc15cf35","local_time":"20190522203246","is_ascension_mode":true,"campfire_choices":[{"data":"Inflame","floor":7.0,"key":"SMITH"},{"floor":15.0,"key":"REST"}],"neow_cost":"NONE","seed_source_timestamp":370427068175913,"circlet_count":0,"master_deck":["AscendersBane","Strike_R","Strike_R","Strike_R","Defend_R","Defend_R","Defend_R","Defend_R","Bash+1","Sword Boomerang","Inflame+1","Shrug It Off","Inflame+1","Iron Wave","Havoc","Feed","Iron Wave","Inflame","Reaper","Corruption","Armaments","Battle Trance","Entrench","Entrench","Shrug It Off","Sentinel"],"special_seed":0,"relics":["Burning Blood","Kunai","Bag of Marbles","Pen Nib","Smiling Mask","The Courier","Ancient Tea Set","Mark of Pain","Blood Vial"],"potions_floor_usage":[],"damage_taken":[{"damage":3.0,"enemies":"Jaw Worm","floor":1.0,"turns":4.0},{"damage":1.0,"enemies":"Cultist","floor":2.0,"turns":3.0},{"damage":8.0,"enemies":"Small Slimes","floor":3.0,"turns":4.0},{"damage":32.0,"enemies":"3 Sentries","floor":6.0,"turns":6.0},{"damage":8.0,"enemies":"Blue Slaver","floor":8.0,"turns":4.0},{"damage":11.0,"enemies":"Lagavulin","floor":10.0,"turns":6.0},{"damage":22.0,"enemies":"3 Sentries","floor":12.0,"turns":6.0},{"damage":13.0,"enemies":"Gremlin Nob","floor":13.0,"turns":3.0},{"damage":22.0,"enemies":"Hexaghost","floor":16.0,"turns":8.0},{"damage":0.0,"enemies":"Spheric Guardian","floor":18.0,"turns":2.0},{"damage":7.0,"enemies":"Chosen","floor":20.0,"turns":3.0},{"damage":1.0,"enemies":"Snecko","floor":21.0,"turns":5.0},{"damage":40.0,"enemies":"Gremlin Leader","floor":23.0,"turns":7.0},{"damage":32.0,"enemies":"Snake Plant","floor":24.0,"turns":4.0},{"damage":60,"enemies":"Slavers","floor":25,"turns":4}],"seed_played":"-7391170969918730866","potions_obtained":[{"floor":3.0,"key":"SmokeBomb"},{"floor":8.0,"key":"SkillPotion"},{"floor":12.0,"key":"SmokeBomb"}],"is_trial":false,"path_per_floor":["M","M","M","$","?","E","R","M","T","E","?","?","E","T","R","B",null,"M","$","M","M","?","E","M","E"],"character_chosen":"IRONCLAD","items_purchased":["Inflame","Iron Wave","Corruption","Armaments","Battle Trance","Entrench"],"campfire_rested":1,"item_purchase_floors":[4,4,19,19,19,19],"current_hp_per_floor":[71,75,73,73,73,47,47,45,45,40,40,24,17,17,39,23,62,68,68,77,78,78,78,52,0],"gold":105,"neow_bonus":"UPGRADE_CARD","is_prod":false,"is_daily":false,"chose_seed":false,"campfire_upgraded":1,"win_rate":0,"timestamp":1558575166,"path_taken":["M","M","M","$","?","E","R","?","T","E","?","?","E","?","R","BOSS","M","$","M","M","?","E","M","E"],"build_version":"2019-01-23","purchased_purges":1,"victory":false,"max_hp_per_floor":[75,75,75,75,75,75,75,75,75,75,75,75,75,75,75,75,75,75,75,78,78,78,78,78,78],"card_choices":[{"not_picked":["Clash","Feel No Pain"],"picked":"Sword Boomerang","floor":1.0},{"not_picked":["Pommel Strike","Heavy Blade"],"picked":"Inflame","floor":2.0},{"not_picked":["Thunderclap","Headbutt"],"picked":"Shrug It Off","floor":3.0},{"not_picked":["Cleave","Fire Breathing"],"picked":"Havoc","floor":6.0},{"not_picked":["Blood for Blood","Havoc","Wild Strike"],"picked":"SKIP","floor":8.0},{"not_picked":["Clash","Seeing Red"],"picked":"Feed","floor":10.0},{"not_picked":["Blood for Blood","Body Slam"],"picked":"Iron Wave","floor":12.0},{"not_picked":["Twin Strike","Havoc"],"picked":"Inflame","floor":13.0},{"not_picked":["Juggernaut","Bludgeon"],"picked":"Reaper","floor":16.0},{"not_picked":["Sword Boomerang","Warcry"],"picked":"Entrench","floor":20.0},{"not_picked":["Dropkick","Wild Strike"],"picked":"Shrug It Off","floor":23.0},{"not_picked":["Carnage","Entrench"],"picked":"Sentinel","floor":24.0}],"player_experience":472003,"relics_obtained":[{"floor":6.0,"key":"Kunai"},{"floor":9.0,"key":"Bag of Marbles"},{"floor":10.0,"key":"Pen Nib"},{"floor":12.0,"key":"Smiling Mask"},{"floor":13.0,"key":"The Courier"},{"floor":14.0,"key":"Ancient Tea Set"},{"floor":23.0,"key":"Blood Vial"}],"event_choices":[{"damage_healed":0.0,"max_hp_gain":0.0,"max_hp_loss":0.0,"gold_gain":0.0,"event_name":"Upgrade Shrine","player_choice":"Upgraded","floor":5.0,"gold_loss":0.0,"damage_taken":0.0,"cards_upgraded":["Inflame"]},{"damage_healed":0.0,"max_hp_gain":0.0,"max_hp_loss":0.0,"gold_gain":0.0,"event_name":"Liars Game","player_choice":"Ignored","floor":11.0,"gold_loss":0.0,"damage_taken":0.0},{"damage_healed":0.0,"max_hp_gain":0.0,"max_hp_loss":0.0,"gold_gain":0.0,"event_name":"Dead Adventurer","player_choice":"Searched \u00271\u0027 times","floor":12.0,"gold_loss":0.0,"damage_taken":0.0},{"cards_removed":["Strike_R"],"damage_healed":0.0,"max_hp_gain":0.0,"max_hp_loss":0.0,"gold_gain":0.0,"event_name":"Purifier","player_choice":"Purged","floor":22.0,"gold_loss":0.0,"damage_taken":0.0}],"is_beta":false,"boss_relics":[{"not_picked":["Velvet Choker","Eternal Feather"],"picked":"Mark of Pain"}],"items_purged_floors":[19],"is_endless":false,"potions_floor_spawned":[3,8,12,21],"killed_by":"Slavers","ascension_level":14}