{"gold_per_floor":[210,228,228,7,17,49,49,79,106,106,120,149,149,165,165,260,260,274,122,122,122,122,148,159,192,192,192,205,219,219,238,238,343,343,358,371,19,19,19,53,53,53,53,53,73,73,73,91,91,91],"floor_reached":51,"playtime":2404,"items_purged":["Strike_G"],"score":871,"play_id":"b5ca1a59-be94-4d2d-afd8-ae9f6620be14","local_time":"20190606193405","is_ascension_mode":true,"campfire_choices":[{"data":"Apotheosis","floor":7.0,"key":"SMITH"},{"data":"Dagger Spray","floor":13.0,"key":"SMITH"},{"data":"Dodge and Roll","floor":15.0,"key":"SMITH"},{"data":"Footwork","floor":27.0,"key":"SMITH"},{"data":"Footwork","floor":30.0,"key":"SMITH"},{"floor":32.0,"key":"REST"},{"data":"1","floor":41,"key":"LIFT"},{"data":"2","floor":44,"key":"LIFT"},{"data":"3","floor":47,"key":"LIFT"},{"floor":49,"key":"REST"}],"neow_cost":"NONE","seed_source_timestamp":26648359699696,"circlet_count":0,"master_deck":["Defend_G","Defend_G","Defend_G","Defend_G","Strike_G","Strike_G+1","Strike_G","Strike_G","Survivor","Neutralize","Dagger Spray+1","Apotheosis+1","Flying Knee+1","Well Laid Plans","PiercingWail","Neutralize","Blind","Terror","Backstab","Dodge and Roll","Dodge and Roll+1","Die Die Die","Footwork+1","Well Laid Plans","Acrobatics","PiercingWail","Footwork+1","Leg Sweep","Burst","Dodge and Roll","Die Die Die","Adrenaline","Skewer+1","Flying Knee+1","Backflip","Dagger Spray+1","Prepared+1"],"special_seed":0,"relics":["Ring of the Snake","Dream Catcher","Pen Nib","Lantern","Ornamental Fan","White Beast Statue","MutagenicStrength","Happy Flower","Centennial Puzzle","Letter Opener","Black Star","Girya","Whetstone","Bottled Flame","Dead Branch"],"potions_floor_usage":[33,40,50,50,50],"damage_taken":[{"damage":0.0,"enemies":"2 Louse","floor":1.0,"turns":3.0},{"damage":5.0,"enemies":"Cultist","floor":2.0,"turns":5.0},{"damage":0.0,"enemies":"Small Slimes","floor":5.0,"turns":4.0},{"damage":7.0,"enemies":"Lagavulin","floor":6.0,"turns":8.0},{"damage":6.0,"enemies":"Gremlin Nob","floor":8.0,"turns":3.0},{"damage":1.0,"enemies":"Blue Slaver","floor":11.0,"turns":4.0},{"damage":3.0,"enemies":"3 Sentries","floor":12.0,"turns":7.0},{"damage":0.0,"enemies":"Large Slime","floor":14.0,"turns":5.0},{"damage":0.0,"enemies":"Slime Boss","floor":16.0,"turns":6.0},{"damage":3.0,"enemies":"3 Byrds","floor":18.0,"turns":4.0},{"damage":14.0,"enemies":"Book of Stabbing","floor":23.0,"turns":7.0},{"damage":0.0,"enemies":"Spheric Guardian","floor":24.0,"turns":3.0},{"damage":0.0,"enemies":"Gremlin Leader","floor":25.0,"turns":7.0},{"damage":4.0,"enemies":"Snecko","floor":28.0,"turns":5.0},{"damage":2.0,"enemies":"3 Cultists","floor":29.0,"turns":5.0},{"damage":0.0,"enemies":"Shelled Parasite and Fungi","floor":31.0,"turns":2.0},{"damage":14,"enemies":"Automaton","floor":33,"turns":14},{"damage":5,"enemies":"Orb Walker","floor":35,"turns":6},{"damage":0,"enemies":"3 Shapes","floor":36,"turns":1},{"damage":25,"enemies":"Reptomancer","floor":40,"turns":9},{"damage":0,"enemies":"3 Darklings","floor":45,"turns":2},{"damage":1,"enemies":"Jaw Worm Horde","floor":48,"turns":3},{"damage":30,"enemies":"Donu and Deca","floor":50,"turns":8}],"seed_played":"9215020185273561827","potions_obtained":[{"floor":2.0,"key":"Poison Potion"},{"floor":8.0,"key":"PowerPotion"},{"floor":11.0,"key":"Fire Potion"},{"floor":18.0,"key":"GhostInAJar"},{"floor":24.0,"key":"Ancient Potion"},{"floor":33,"key":"Swift Potion"},{"floor":36,"key":"EssenceOfSteel"},{"floor":40,"key":"AttackPotion"}],"is_trial":false,"path_per_floor":["M","M","?","$","M","E","R","E","T","?","M","E","R","M","R","B",null,"M","$","?","?","?","E","M","E","T","R","M","M","R","M","R","B",null,"M","M","$","?","?","E","R","?","T","R","M","$","R","M","R","B",null],"character_chosen":"THE_SILENT","items_purchased":["Apotheosis","Strength Potion","Well Laid Plans","Girya","Backflip"],"campfire_rested":2,"item_purchase_floors":[4,4,19,37,37],"current_hp_per_floor":[70,65,70,70,70,63,63,57,57,57,56,53,53,53,53,53,75,72,72,58,58,58,44,44,44,44,44,40,38,38,38,62,48,80,75,75,75,75,75,50,50,50,50,50,50,50,50,49,71,41],"gold":91,"neow_bonus":"HUNDRED_GOLD","is_prod":false,"is_daily":false,"chose_seed":false,"campfire_upgraded":5,"win_rate":1,"timestamp":1559867645,"path_taken":["M","M","?","$","M","E","R","E","T","?","?","E","R","M","R","BOSS","M","$","?","?","?","E","M","E","T","R","M","M","R","M","R","BOSS","M","M","$","?","?","E","R","?","T","R","?","?","R","M","R","BOSS"],"build_version":"2019-01-23","purchased_purges":1,"victory":true,"max_hp_per_floor":[70,70,75,75,75,75,75,75,75,75,75,75,75,75,75,75,75,75,75,80,80,80,80,80,80,80,80,80,80,80,80,80,80,80,80,80,80,80,76,76,76,76,76,76,76,76,76,76,76,76],"card_choices":[{"not_picked":["Deflect","Underhanded Strike","Escape Plan"],"picked":"SKIP","floor":1.0},{"not_picked":["Masterful Stab","Noxious Fumes"],"picked":"Dagger Spray","floor":2.0},{"not_picked":["Skewer","Poisoned Stab"],"picked":"Flying Knee","floor":5.0},{"not_picked":["Eviscerate","Acrobatics"],"picked":"Well Laid Plans","floor":6.0},{"not_picked":["Underhanded Strike","Wraith Form v2","Quick Slash"],"picked":"SKIP","floor":8.0},{"not_picked":["Crippling Poison","Dodge and Roll"],"picked":"Backstab","floor":11.0},{"not_picked":["Skewer","Escape Plan"],"picked":"Dodge and Roll","floor":12.0},{"not_picked":["Dagger Spray","Poisoned Stab"],"picked":"Dodge and Roll","floor":14.0},{"not_picked":["A Thousand Cuts","Unload"],"picked":"Die Die Die","floor":16.0},{"not_picked":["Prepared","PiercingWail"],"picked":"Footwork","floor":18.0},{"not_picked":["Deflect","Eviscerate"],"picked":"Acrobatics","floor":23.0},{"not_picked":["Dodge and Roll","Slice+1"],"picked":"PiercingWail","floor":24.0},{"not_picked":["Dodge and Roll","Bouncing Flask"],"picked":"Footwork","floor":25.0},{"not_picked":["Outmaneuver","Riddle With Holes"],"picked":"Leg Sweep","floor":28.0},{"not_picked":["Prepared","Underhanded Strike+1"],"picked":"Burst","floor":29.0},{"not_picked":["Blade Dance","Outmaneuver"],"picked":"Dodge and Roll","floor":31.0},{"not_picked":["Eviscerate","Bouncing Flask"],"picked":"Die Die Die","floor":32.0},{"not_picked":["After Image","Doppelganger"],"picked":"Adrenaline","floor":33},{"not_picked":["Slice","PiercingWail+1"],"picked":"Skewer+1","floor":35},{"not_picked":["Deflect","Blade Dance+1"],"picked":"Flying Knee+1","floor":36},{"not_picked":["Underhanded Strike+1","Bane+1","Dagger Throw+1"],"picked":"SKIP","floor":40},{"not_picked":["Underhanded Strike+1","Outmaneuver+1","Deadly Poison+1"],"picked":"SKIP","floor":45},{"not_picked":["Dash","Finisher+1"],"picked":"Dagger Spray+1","floor":48},{"not_picked":["Reflex+1","Slice+1"],"picked":"Prepared+1","floor":49}],"player_experience":20393,"relics_obtained":[{"floor":6.0,"key":"Dream Catcher"},{"floor":8.0,"key":"Pen Nib"},{"floor":9.0,"key":"Lantern"},{"floor":12.0,"key":"Ornamental Fan"},{"floor":23.0,"key":"Happy Flower"},{"floor":25.0,"key":"Centennial Puzzle"},{"floor":26.0,"key":"Letter Opener"},{"floor":40,"key":"Whetstone"},{"floor":40,"key":"Bottled Flame"},{"floor":43,"key":"Dead Branch"}],"event_choices":[{"damage_healed":0.0,"max_hp_gain":5.0,"max_hp_loss":0.0,"gold_gain":0.0,"event_name":"Big Fish","player_choice":"Donut","floor":3.0,"gold_loss":0.0,"damage_taken":0.0},{"damage_healed":0.0,"max_hp_gain":0.0,"max_hp_loss":0.0,"gold_gain":0.0,"event_name":"Match and Keep!","player_choice":"4 cards matched","floor":10.0,"gold_loss":0.0,"damage_taken":0.0,"cards_obtained":["PiercingWail","Neutralize","Blind","Terror"]},{"damage_healed":0.0,"max_hp_gain":5.0,"max_hp_loss":0.0,"gold_gain":0.0,"event_name":"Forgotten Altar","player_choice":"Shed Blood","floor":20.0,"gold_loss":0.0,"damage_taken":19.0},{"damage_healed":0.0,"max_hp_gain":0.0,"max_hp_loss":0.0,"gold_gain":0.0,"event_name":"Ghosts","player_choice":"Ignored","floor":21.0,"gold_loss":0.0,"damage_taken":0.0},{"damage_healed":0.0,"max_hp_gain":0.0,"max_hp_loss":0.0,"gold_gain":0.0,"event_name":"Drug Dealer","player_choice":"Inject Mutagens","floor":22.0,"gold_loss":0.0,"damage_taken":0.0,"relics_obtained":["MutagenicStrength"]},{"damage_healed":0,"gold_gain":0,"player_choice":"Ignored","damage_taken":0,"max_hp_gain":0,"max_hp_loss":0,"event_name":"Mysterious Sphere","floor":38,"gold_loss":0},{"damage_healed":0,"gold_gain":0,"player_choice":"Max HP","damage_taken":0,"max_hp_gain":0,"max_hp_loss":4,"event_name":"Winding Halls","floor":39,"gold_loss":0},{"cards_removed":["Defend_G"],"damage_healed":0,"gold_gain":0,"player_choice":"Offered Basic","damage_taken":0,"max_hp_gain":0,"max_hp_loss":0,"event_name":"Bonfire Elementals","floor":42,"gold_loss":0}],"is_beta":false,"boss_relics":[{"not_picked":["Runic Pyramid","Eternal Feather"],"picked":"White Beast Statue"},{"not_picked":["Orrery","Runic Dome"],"picked":"Black Star"}],"items_purged_floors":[19],"is_endless":false,"potions_floor_spawned":[2,8,11,18,23,24,25,28,29,31,33,35,36,40,45,48],"ascension_level":1}