{"gold_per_floor":[118,118,118,130,30,63,78,88,115,115,11,23,23,49,49,120,120,133,30,43,43,43,43,73,90,90,90],"floor_reached":27,"playtime":1647,"items_purged":["Strike_R"],"score":398,"play_id":"46298a0a-56ba-4cdd-835f-27e065180080","local_time":"20190522152700","is_ascension_mode":true,"campfire_choices":[{"data":"Rampage","floor":10.0,"key":"SMITH"},{"floor":13.0,"key":"REST"},{"data":"Armaments","floor":15.0,"key":"SMITH"},{"data":"Combust","floor":23.0,"key":"SMITH"}],"neow_cost":"NONE","seed_source_timestamp":0,"circlet_count":0,"master_deck":["AscendersBane","Strike_R","Strike_R","Defend_R","Defend_R","Defend_R","Defend_R","Bash","Headbutt","Rampage+1","Clothesline","Armaments+1","Disarm","Ghostly Armor","Combust+1","Shrug It Off","Impervious","Barricade","Heavy Blade","Shrug It Off","Carnage"],"special_seed":0,"relics":["Burning Blood","Boot","Strawberry","Orichalcum","Snecko Eye","Enchiridion","Singing Bowl","Pen Nib"],"potions_floor_usage":[27],"damage_taken":[{"damage":4.0,"enemies":"2 Louse","floor":1.0,"turns":3.0},{"damage":3.0,"enemies":"Jaw Worm","floor":4.0,"turns":5.0},{"damage":40.0,"enemies":"3 Sentries","floor":6.0,"turns":10.0},{"damage":1.0,"enemies":"Small Slimes","floor":7.0,"turns":5.0},{"damage":20.0,"enemies":"2 Fungi Beasts","floor":8.0,"turns":5.0},{"damage":10.0,"enemies":"3 Louse","floor":12.0,"turns":4.0},{"damage":21.0,"enemies":"Lagavulin","floor":14.0,"turns":8.0},{"damage":30.0,"enemies":"Slime Boss","floor":16.0,"turns":11.0},{"damage":5.0,"enemies":"Chosen","floor":18.0,"turns":6.0},{"damage":19.0,"enemies":"2 Thieves","floor":20.0,"turns":5.0},{"damage":45.0,"enemies":"Slavers","floor":24.0,"turns":8.0},{"damage":13.0,"enemies":"Centurion and Healer","floor":25.0,"turns":5.0},{"damage":29,"enemies":"Gremlin Leader","floor":27,"turns":4}],"seed_played":"-7256978090725504673","potions_obtained":[{"floor":1.0,"key":"EntropicBrew"},{"floor":4.0,"key":"Poison Potion"},{"floor":16.0,"key":"Ancient Potion"},{"floor":18.0,"key":"Swift Potion"},{"floor":25.0,"key":"GamblersBrew"}],"is_trial":false,"path_per_floor":["M","?","?","M","$","E","M","M","T","R","$","M","R","E","R","B",null,"M","$","M","?","?","R","E","M","T","E"],"character_chosen":"IRONCLAD","items_purchased":["Clothesline","Ghostly Armor","Combust","Shrug It Off","Carnage"],"campfire_rested":1,"item_purchase_floors":[5,11,11,19,19],"current_hp_per_floor":[74,74,67,70,70,36,41,27,34,34,34,30,56,41,41,17,70,71,71,58,42,71,71,34,29,29,0],"gold":90,"neow_bonus":"REMOVE_CARD","is_prod":false,"is_daily":false,"chose_seed":false,"campfire_upgraded":3,"win_rate":0,"timestamp":1558556820,"path_taken":["M","?","?","M","?","E","M","M","T","R","$","M","R","E","R","BOSS","M","$","M","?","?","R","E","M","T","E"],"build_version":"2019-01-23","purchased_purges":1,"victory":false,"max_hp_per_floor":[80,80,80,80,80,80,80,80,87,87,87,87,87,87,87,87,87,87,87,87,87,87,87,89,91,91,91],"card_choices":[{"not_picked":["Entrench","Body Slam"],"picked":"Headbutt","floor":1.0},{"not_picked":["Thunderclap","Headbutt"],"picked":"Rampage","floor":4.0},{"not_picked":["Clash","Wild Strike"],"picked":"Armaments","floor":6.0},{"not_picked":["Entrench","Reckless Charge"],"picked":"Disarm","floor":7.0},{"not_picked":["Bloodletting","Second Wind","Searing Blow"],"picked":"SKIP","floor":8.0},{"not_picked":["Havoc","Rupture"],"picked":"Shrug It Off","floor":12.0},{"not_picked":["Warcry","Cleave"],"picked":"Impervious","floor":14.0},{"not_picked":["Exhume","Bludgeon"],"picked":"Barricade","floor":16.0},{"not_picked":["Warcry","Sword Boomerang"],"picked":"Heavy Blade","floor":18.0},{"not_picked":["Anger","Twin Strike","Thunderclap"],"picked":"SKIP","floor":20.0},{"not_picked":["Havoc","Twin Strike","Iron Wave"],"picked":"Singing Bowl","floor":24.0},{"not_picked":["Dual Wield","Clothesline","Reckless Charge"],"picked":"Singing Bowl","floor":25.0}],"player_experience":467653,"relics_obtained":[{"floor":6.0,"key":"Boot"},{"floor":9.0,"key":"Strawberry"},{"floor":14.0,"key":"Orichalcum"},{"floor":21.0,"key":"Enchiridion"},{"floor":24.0,"key":"Singing Bowl"},{"floor":26.0,"key":"Pen Nib"}],"event_choices":[{"damage_healed":0.0,"max_hp_gain":0.0,"max_hp_loss":0.0,"gold_gain":0.0,"event_name":"Liars Game","player_choice":"Ignored","floor":2.0,"gold_loss":0.0,"damage_taken":0.0},{"cards_removed":["Strike_R"],"damage_healed":0.0,"max_hp_gain":0.0,"max_hp_loss":0.0,"gold_gain":0.0,"event_name":"Golden Wing","player_choice":"Card Removal","floor":3.0,"gold_loss":0.0,"damage_taken":7.0},{"damage_healed":0.0,"max_hp_gain":0.0,"max_hp_loss":0.0,"gold_gain":0.0,"event_name":"Cursed Tome","player_choice":"Obtained Book","floor":21.0,"gold_loss":0.0,"damage_taken":16.0},{"damage_healed":29.0,"max_hp_gain":0.0,"max_hp_loss":0.0,"gold_gain":0.0,"event_name":"The Library","player_choice":"Heal","floor":22.0,"gold_loss":0.0,"damage_taken":0.0}],"is_beta":false,"boss_relics":[{"not_picked":["Astrolabe","Pandora\u0027s Box"],"picked":"Snecko Eye"}],"items_purged_floors":[5],"is_endless":false,"potions_floor_spawned":[1,4,6,16,18,20,25],"killed_by":"Gremlin Leader","ascension_level":13}