{"gold_per_floor":[219,117,135,135,147,174,74,74,74,93,41,59,59,76,76,173,173,184,184,99,53,53,53,53,53,53,85,85,114,126,1,1,105,105,124,124,142,142,142,142,142,97,168,196,208,220,36,52,52,52],"floor_reached":51,"playtime":1828,"items_purged":["Strike_B","Defend_B","Strike_B","Strike_B"],"score":754,"play_id":"fb6fb5a1-cb1b-4e10-bc84-5f929f354f33","local_time":"20180919141239","is_ascension_mode":false,"campfire_choices":[{"data":"Genetic Algorithm","floor":8,"key":"SMITH"},{"floor":13,"key":"REST"},{"data":"Zap","floor":15,"key":"SMITH"},{"data":"Beam Cell","floor":23,"key":"SMITH"},{"data":"Dualcast","floor":25,"key":"SMITH"},{"data":"Turbo","floor":28,"key":"SMITH"},{"data":"Go for the Eyes","floor":32,"key":"SMITH"},{"data":"Glacier","floor":40,"key":"SMITH"},{"data":"Hologram","floor":46,"key":"SMITH"},{"floor":49,"key":"REST"}],"neow_cost":"NONE","seed_source_timestamp":1271172729859,"circlet_count":0,"master_deck":["Strike_B","Defend_B","Defend_B","Dualcast+1","Beam Cell+1","Turbo+1","Glacier+1","Genetic Algorithm+1","Gash","Gash","Echo Form+1","Go for the Eyes+1","Gash","Gash","Gash","All For One","Leap+1","Hologram+1","Leap"],"relics":["Cracked Core","Unceasing Top","Frozen Egg 2","Black Star","Art of War","WingedGreaves","Blood Vial","Boot","Ornamental Fan","Matryoshka","Sozu","MawBank"],"potions_floor_usage":[27,27,27,50,50],"damage_taken":[{"damage":1,"enemies":"Cultist","floor":1,"turns":3},{"damage":0,"enemies":"Small Slimes","floor":3,"turns":3},{"damage":0,"enemies":"2 Louse","floor":5,"turns":1},{"damage":20,"enemies":"3 Sentries","floor":6,"turns":12},{"damage":1,"enemies":"2 Fungi Beasts","floor":10,"turns":3},{"damage":10,"enemies":"Blue Slaver","floor":12,"turns":3},{"damage":8,"enemies":"Red Slaver","floor":14,"turns":4},{"damage":31,"enemies":"Slime Boss","floor":16,"turns":10},{"damage":17,"enemies":"Chosen","floor":18,"turns":5},{"damage":9,"enemies":"Slavers","floor":27,"turns":3},{"damage":0,"enemies":"Gremlin Leader","floor":29,"turns":4},{"damage":0,"enemies":"2 Thieves","floor":30,"turns":2},{"damage":5,"enemies":"Automaton","floor":33,"turns":7},{"damage":0,"enemies":"3 Darklings","floor":35,"turns":3},{"damage":11,"enemies":"3 Shapes","floor":37,"turns":2},{"damage":0,"enemies":"Transient","floor":44,"turns":5},{"damage":0,"enemies":"Spire Growth","floor":48,"turns":2},{"damage":67,"enemies":"Time Eater","floor":50,"turns":7}],"seed_played":"-7047625903591521772","potions_obtained":[{"floor":1,"key":"FearPotion"},{"floor":6,"key":"Explosive Potion"},{"floor":10,"key":"Strength Potion"},{"floor":27,"key":"Fire Potion"},{"floor":33,"key":"FearPotion"}],"is_trial":false,"path_per_floor":["M","$","M","$","M","E","$","R","T","M","$","M","R","M","R","B",null,"M","?","?","$","?","R","?","R","T","E","R","E","M","$","R","B",null,"M","?","M","?","?","R","?","$","T","M","?","R","$","M","R","B"],"character_chosen":"DEFECT","items_purchased":["Turbo","Gash","Gash","Hologram","Leap"],"campfire_rested":2,"item_purchase_floors":[2,11,21,42,47],"current_hp_per_floor":[74,74,74,74,74,54,54,54,54,53,53,43,65,57,57,26,75,58,58,58,58,58,58,58,58,58,49,49,51,53,53,53,50,75,75,71,60,60,60,60,60,60,60,62,62,62,62,64,71,4],"gold":52,"neow_bonus":"HUNDRED_GOLD","is_prod":false,"is_daily":false,"chose_seed":false,"campfire_upgraded":8,"win_rate":0,"timestamp":1537355559,"path_taken":["M","$","M","$","M","E","$","R","T","M","?","M","R","?","R","BOSS","M","?","?","$","?","R","?","R","T","E","R","E","?","$","R","BOSS","M","?","?","?","?","R","?","$","T","M","?","R","$","M","R","BOSS"],"build_version":"2018-09-06","purchased_purges":4,"victory":true,"max_hp_per_floor":[75,75,75,75,75,75,75,75,75,75,75,75,75,75,75,75,75,75,75,75,75,75,75,75,75,75,75,75,75,75,75,75,75,75,75,71,71,71,71,71,71,71,71,71,71,71,71,71,71,71],"card_choices":[{"not_picked":["Compile Driver","White Noise"],"picked":"Beam Cell","floor":1},{"not_picked":["Beam Cell","Coolheaded","Sunder"],"picked":"SKIP","floor":3},{"not_picked":["Recycle","Rebound"],"picked":"Glacier","floor":5},{"not_picked":["Streamline","White Noise"],"picked":"Genetic Algorithm","floor":6},{"not_picked":["Cold Snap","Compile Driver","Recycle"],"picked":"SKIP","floor":10},{"not_picked":["Cold Snap","Conserve Battery"],"picked":"Gash","floor":12},{"not_picked":["Tempest","Cold Snap","Hyperbeam"],"picked":"SKIP","floor":14},{"not_picked":["Meteor Strike","Machine Learning+1"],"picked":"Echo Form+1","floor":16},{"not_picked":["Static Discharge+1","Recycle"],"picked":"Go for the Eyes","floor":18},{"not_picked":["Hello World+1","Hologram"],"picked":"Gash","floor":27},{"not_picked":["Coolheaded","Multi-Cast","Stack"],"picked":"SKIP","floor":29},{"not_picked":["Glacier","Storm+1","Beam Cell"],"picked":"SKIP","floor":30},{"not_picked":["Core Surge","Machine Learning+1"],"picked":"All For One","floor":33},{"not_picked":["Streamline+1","Chill","FTL"],"picked":"SKIP","floor":35},{"not_picked":["Steam","Redo"],"picked":"Leap+1","floor":37},{"not_picked":["Cold Snap+1","Darkness","Loop+1"],"picked":"SKIP","floor":44},{"not_picked":["Defragment+1","Auto Shields","Rebound"],"picked":"SKIP","floor":48}],"player_experience":231203,"relics_obtained":[{"floor":6,"key":"Unceasing Top"},{"floor":9,"key":"Frozen Egg 2"},{"floor":26,"key":"WingedGreaves"},{"floor":27,"key":"Blood Vial"},{"floor":27,"key":"Boot"},{"floor":29,"key":"Ornamental Fan"},{"floor":29,"key":"Matryoshka"},{"floor":43,"key":"MawBank"}],"event_choices":[{"event_name":"Back to Basics","player_choice":"Elegance","floor":19,"damage_taken":0},{"event_name":"Addict","player_choice":"Obtained Relic","floor":20,"damage_taken":0},{"event_name":"Vampires","player_choice":"Ignored","floor":22,"damage_taken":0},{"event_name":"Duplicator","player_choice":"One dupe","floor":24,"damage_taken":0},{"event_name":"Winding Halls","player_choice":"Max HP","floor":36,"damage_taken":0},{"event_name":"Mysterious Sphere","player_choice":"Ignore","floor":38,"damage_taken":0},{"event_name":"Tomb of Lord Red Mask","player_choice":"Ignored","floor":39,"damage_taken":0},{"event_name":"SensoryStone","player_choice":"Memory 1","floor":41,"damage_taken":0},{"event_name":"Falling","player_choice":"Removed Skill","floor":45,"damage_taken":0}],"is_beta":false,"boss_relics":[{"not_picked":["Runic Pyramid","Eternal Feather"],"picked":"Black Star"},{"not_picked":["Astrolabe","Fusion Hammer"],"picked":"Sozu"}],"items_purged_floors":[2,7,31,47],"is_endless":false,"potions_floor_spawned":[1,6,10,16,27,33,35,44],"ascension_level":0}