{"gold_per_floor":[114,114,129,144,244,274,274,289,339,339,354,369,399,399,399,499,499,514,41,41,41,141,141,201,201,226,256,256,271,286,301,301,401,401,416,21,36,36,51,66,66,96,96,96,96,108,123,138,138,138],"floor_reached":50,"playtime":3876,"items_purged":["Pain"],"score":547,"play_id":"ecf872f8-a204-42eb-89bf-8412640fdff4","local_time":"20190520190539","daily_mods":["Chimera","ControlledChaos","Night Terrors"],"is_ascension_mode":false,"campfire_choices":[{"floor":7,"key":"REST"},{"data":"Streamline","floor":15,"key":"SMITH"},{"floor":23,"key":"REST"},{"data":"Go for the Eyes","floor":25,"key":"SMITH"},{"data":"Self Repair","floor":28,"key":"SMITH"},{"data":"Hyperbeam","floor":32,"key":"SMITH"},{"data":"Self Repair","floor":41,"key":"SMITH"},{"floor":45,"key":"REST"},{"data":"Blind","floor":49,"key":"SMITH"}],"neow_cost":"","seed_source_timestamp":0,"circlet_count":0,"master_deck":["Bash","Survivor","Zap","Strike_R","Strike_G","Strike_B","Defend_R","Defend_G","Defend_B","Streamline+1","Tempest","Sweeping Beam","Go for the Eyes+1","Self Repair+1","Auto Shields","Self Repair+1","Leap","Hyperbeam+1","Barrage+1","Coolheaded","Stack","Coolheaded+1","Parasite","Gash+1","Darkness","Static Discharge+1","Buffer+1","Creative AI+1","Auto Shields+1","Self Repair+1","Sunder","Coolheaded","Leap+1","Dark Shackles","Swift Strike","Blind+1","Sunder","Capacitor+1","Barrage+1","Stack+1","Sweeping Beam+1","Go for the Eyes+1"],"special_seed":18037,"relics":["Cracked Core","Frozen Eye","Du-Vu Doll","Bag of Preparation","WarpedTongs","Pen Nib","Cursed Key","Strawberry","Emotion Chip","Gremlin Horn","Turnip","Kunai","Tiny Chest","Omamori","Frozen Egg 2","Runic Pyramid","Bronze Scales","Orichalcum","Blue Candle","Regal Pillow","Nunchaku"],"potions_floor_usage":[16,22,30,42,42,47,50,50],"damage_taken":[{"damage":0,"enemies":"Cultist","floor":1,"turns":4},{"damage":1,"enemies":"2 Louse","floor":3,"turns":3},{"damage":0,"enemies":"Jaw Worm","floor":4,"turns":3},{"damage":31,"enemies":"Lagavulin","floor":6,"turns":5},{"damage":0,"enemies":"Exordium Wildlife","floor":8,"turns":4},{"damage":10,"enemies":"Exordium Thugs","floor":11,"turns":3},{"damage":1,"enemies":"Large Slime","floor":12,"turns":5},{"damage":15,"enemies":"3 Sentries","floor":13,"turns":5},{"damage":49,"enemies":"Hexaghost","floor":16,"turns":8},{"damage":18,"enemies":"3 Byrds","floor":18,"turns":4},{"damage":18,"enemies":"Colosseum Slavers","floor":22,"turns":3},{"damage":60,"enemies":"Colosseum Nobs","floor":22,"turns":5},{"damage":20,"enemies":"Book of Stabbing","floor":24,"turns":6},{"damage":37,"enemies":"Slavers","floor":27,"turns":3},{"damage":13,"enemies":"Shell Parasite","floor":29,"turns":4},{"damage":3,"enemies":"Cultist and Chosen","floor":30,"turns":4},{"damage":3,"enemies":"3 Cultists","floor":31,"turns":4},{"damage":26,"enemies":"Automaton","floor":33,"turns":10},{"damage":11,"enemies":"3 Shapes","floor":35,"turns":2},{"damage":0,"enemies":"Orb Walker","floor":37,"turns":5},{"damage":0,"enemies":"3 Darklings","floor":39,"turns":5},{"damage":29,"enemies":"Spire Growth","floor":40,"turns":6},{"damage":67,"enemies":"Nemesis","floor":42,"turns":8},{"damage":0,"enemies":"2 Orb Walkers","floor":46,"turns":3},{"damage":0,"enemies":"Maw","floor":47,"turns":9},{"damage":1,"enemies":"3 Darklings","floor":48,"turns":2},{"damage":96,"enemies":"Awakened One","floor":50,"turns":12}],"seed_played":"-7280386136630335372","potions_obtained":[{"floor":4,"key":"Ancient Potion"},{"floor":8,"key":"Fire Potion"},{"floor":16,"key":"Strength Potion"},{"floor":18,"key":"Regen Potion"},{"floor":24,"key":"Explosive Potion"},{"floor":29,"key":"Energy Potion"},{"floor":30,"key":"FocusPotion"},{"floor":40,"key":"Explosive Potion"},{"floor":42,"key":"Poison Potion"},{"floor":46,"key":"Weak Potion"}],"is_trial":false,"path_per_floor":["M","$","M","M","?","E","R","M","T","?","M","M","E","?","R","B",null,"M","$","?","$","?","R","E","R","T","E","R","M","M","M","R","B",null,"M","$","M","?","M","M","R","E","T","T","R","?","M","M","R","B"],"character_chosen":"DEFECT","items_purchased":["Strawberry","Emotion Chip","Coolheaded","Bronze Scales","Self Repair+1","Sunder","Coolheaded"],"campfire_rested":3,"item_purchase_floors":[19,19,19,36,36,36,36],"current_hp_per_floor":[75,75,74,74,74,43,70,70,70,70,67,70,69,74,74,25,75,71,78,78,78,36,77,74,74,74,51,51,55,69,76,76,50,77,76,76,77,67,77,75,75,38,38,38,72,72,72,72,72,0],"gold":138,"neow_bonus":"","is_prod":false,"is_daily":true,"chose_seed":false,"campfire_upgraded":6,"win_rate":0.0,"timestamp":1558400739,"path_taken":["M","?","M","M","?","E","R","?","T","?","?","M","E","?","R","BOSS","M","$","?","?","?","R","E","R","T","E","R","M","M","M","R","BOSS","M","$","M","?","M","M","R","E","T","?","R","?","M","M","R","BOSS"],"build_version":"2019-01-23","purchased_purges":1,"victory":false,"max_hp_per_floor":[75,75,75,75,75,75,70,70,70,70,70,70,70,75,75,75,75,75,82,82,82,82,77,77,77,77,77,77,77,77,77,77,77,77,77,77,77,77,77,77,77,77,77,77,72,72,72,72,72,72],"card_choices":[{"not_picked":["Heatsinks","Turbo"],"picked":"Streamline","floor":1},{"not_picked":["Rebound","Rip and Tear"],"picked":"Tempest","floor":3},{"not_picked":["Consume","Conserve Battery"],"picked":"Sweeping Beam","floor":4},{"not_picked":["Coolheaded","Scrape"],"picked":"Go for the Eyes","floor":6},{"not_picked":["Reinforced Body","Leap"],"picked":"Self Repair","floor":8},{"not_picked":["Fusion","Thunder Strike"],"picked":"Auto Shields","floor":11},{"not_picked":["Steam","Redo"],"picked":"Self Repair","floor":12},{"not_picked":["Compile Driver","Chaos"],"picked":"Leap","floor":13},{"not_picked":["Reboot","Fission"],"picked":"Hyperbeam","floor":16},{"not_picked":["Stack","Steam+1"],"picked":"Barrage+1","floor":18},{"not_picked":["Tempest","Rip and Tear"],"picked":"Stack","floor":22},{"not_picked":["Lockon","Seek"],"picked":"Coolheaded+1","floor":24},{"not_picked":["Fusion+1","Conserve Battery+1"],"picked":"Gash+1","floor":27},{"not_picked":["Stack","Turbo"],"picked":"Darkness","floor":29},{"not_picked":["White Noise","Sweeping Beam"],"picked":"Static Discharge+1","floor":30},{"not_picked":["Sweeping Beam","Melter"],"picked":"Buffer+1","floor":31},{"not_picked":["Hyperbeam","Meteor Strike"],"picked":"Creative AI+1","floor":33},{"not_picked":["Reinforced Body","Turbo"],"picked":"Auto Shields+1","floor":35},{"not_picked":["Streamline","Tempest"],"picked":"Leap+1","floor":37},{"not_picked":["Master of Strategy","Panacea"],"picked":"Dark Shackles","floor":38},{"not_picked":["Jack Of All Trades","Panacea"],"picked":"Swift Strike","floor":38},{"not_picked":["Flash of Steel","Good Instincts"],"picked":"Blind","floor":38},{"not_picked":["Stack","Turbo+1"],"picked":"Sunder","floor":39},{"not_picked":["Defragment+1","Static Discharge+1"],"picked":"Capacitor+1","floor":40},{"not_picked":["Rebound+1","Darkness"],"picked":"Barrage+1","floor":42},{"not_picked":["Storm+1","Beam Cell"],"picked":"Stack+1","floor":46},{"not_picked":["Rebound+1","Hologram"],"picked":"Sweeping Beam+1","floor":47},{"not_picked":["Cold Snap","Beam Cell+1"],"picked":"Go for the Eyes+1","floor":48}],"player_experience":57487,"relics_obtained":[{"floor":6,"key":"Du-Vu Doll"},{"floor":9,"key":"Bag of Preparation"},{"floor":13,"key":"Pen Nib"},{"floor":22,"key":"Turnip"},{"floor":22,"key":"Kunai"},{"floor":24,"key":"Tiny Chest"},{"floor":26,"key":"Omamori"},{"floor":27,"key":"Frozen Egg 2"},{"floor":42,"key":"Orichalcum"},{"floor":43,"key":"Blue Candle"},{"floor":44,"key":"Regal Pillow"},{"floor":46,"key":"Nunchaku"}],"event_choices":[{"damage_healed":0,"gold_gain":100,"player_choice":"Gold","damage_taken":0,"max_hp_gain":0,"max_hp_loss":0,"event_name":"Wheel of Change","floor":5,"gold_loss":0},{"damage_healed":0,"gold_gain":0,"player_choice":"Rummage","damage_taken":0,"relics_obtained":["WarpedTongs"],"max_hp_gain":0,"max_hp_loss":0,"event_name":"Accursed Blacksmith","floor":10,"gold_loss":0,"cards_obtained":["Pain"]},{"damage_healed":0,"gold_gain":0,"player_choice":"Donut","damage_taken":0,"max_hp_gain":5,"max_hp_loss":0,"event_name":"Big Fish","floor":14,"gold_loss":0},{"damage_healed":0,"gold_gain":0,"player_choice":"Gave Potion","damage_taken":0,"relics_obtained":["Gremlin Horn"],"max_hp_gain":0,"max_hp_loss":0,"event_name":"WeMeetAgain","floor":20,"gold_loss":0},{"damage_healed":0,"gold_gain":0,"player_choice":"Fight","damage_taken":0,"max_hp_gain":0,"max_hp_loss":0,"event_name":"Colosseum","floor":22,"gold_loss":0},{"damage_healed":0,"gold_gain":0,"player_choice":"Fought Nobs","damage_taken":0,"max_hp_gain":0,"max_hp_loss":0,"event_name":"Colosseum","floor":22,"gold_loss":0},{"damage_healed":0,"gold_gain":0,"player_choice":"Memory 3","damage_taken":10,"max_hp_gain":0,"max_hp_loss":0,"event_name":"SensoryStone","floor":38,"gold_loss":0},{"damage_healed":0,"gold_gain":0,"player_choice":"Fight","damage_taken":0,"max_hp_gain":0,"max_hp_loss":0,"event_name":"Mysterious Sphere","floor":46,"gold_loss":0}],"is_beta":false,"boss_relics":[{"not_picked":["Eternal Feather","Snecko Eye"],"picked":"Cursed Key"},{"not_picked":["Empty Cage","Nuclear Battery"],"picked":"Runic Pyramid"}],"items_purged_floors":[36],"is_endless":false,"potions_floor_spawned":[4,8,16,18,22,24,29,30,40,42,46],"killed_by":"Awakened One","ascension_level":0}