{"gold_per_floor":[116,116,116,127,45,71,71,98,123,143,47,47,47,64,64,163,163,179,179,3,13,0,0,20,52,76,87,155,9,9,37,37,132,132,146,146,146,61,161,161,193,193,218,243,260,286,299,299,299,299],"floor_reached":51,"playtime":2189,"items_purged":[],"score":1067,"play_id":"3cffb4f1-be45-4150-a4ab-adb3ad667681","local_time":"20190604150749","is_ascension_mode":true,"campfire_choices":[{"data":"Combust","floor":7.0,"key":"SMITH"},{"data":"Armaments","floor":13.0,"key":"SMITH"},{"data":"Pommel Strike","floor":15.0,"key":"SMITH"},{"data":"Apotheosis","floor":23.0,"key":"SMITH"},{"floor":32.0,"key":"DIG"},{"floor":40.0,"key":"DIG"},{"floor":42.0,"key":"DIG"},{"data":"Limit Break","floor":49,"key":"SMITH"}],"neow_cost":"NONE","seed_source_timestamp":0,"circlet_count":0,"master_deck":["Strike_R+1","Strike_R","Strike_R","Strike_R+1","Defend_R","Defend_R","Defend_R","Defend_R","Bash","Twin Strike","Pommel Strike+1","Shrug It Off","Combust+1","Impervious","Cleave","Armaments+1","PanicButton","Barricade","Armaments+1","Apotheosis+1","Entrench","Spot Weakness","Shrug It Off","Feed","Impervious","Shrug It Off+1","Combust","Limit Break+1","Disarm","Rupture+1","Reaper"],"special_seed":0,"relics":["Burning Blood","Blood Vial","Shovel","Anchor","Coffee Dripper","MutagenicStrength","Darkstone Periapt","Vajra","Sundial","Boot","Regal Pillow","Runic Cube","Pocketwatch","Bag of Marbles","Prayer Wheel","Bottled Flame","Orichalcum","Bag of Preparation","Strawberry"],"potions_floor_usage":[47,50,50],"damage_taken":[{"damage":10.0,"enemies":"Small Slimes","floor":1.0,"turns":4.0},{"damage":2.0,"enemies":"Jaw Worm","floor":4.0,"turns":3.0},{"damage":20.0,"enemies":"Gremlin Nob","floor":6.0,"turns":4.0},{"damage":23.0,"enemies":"Lagavulin","floor":8.0,"turns":6.0},{"damage":6.0,"enemies":"Cultist","floor":10.0,"turns":3.0},{"damage":2.0,"enemies":"Blue Slaver","floor":14.0,"turns":3.0},{"damage":22.0,"enemies":"Slime Boss","floor":16.0,"turns":9.0},{"damage":7.0,"enemies":"Spheric Guardian","floor":18.0,"turns":6.0},{"damage":7.0,"enemies":"2 Thieves","floor":21.0,"turns":4.0},{"damage":4.0,"enemies":"Sentry and Sphere","floor":24.0,"turns":6.0},{"damage":20.0,"enemies":"Slavers","floor":25.0,"turns":4.0},{"damage":21.0,"enemies":"Snake Plant","floor":27.0,"turns":4.0},{"damage":0.0,"enemies":"Gremlin Leader","floor":31.0,"turns":5.0},{"damage":12.0,"enemies":"Collector","floor":33.0,"turns":7.0},{"damage":36.0,"enemies":"3 Darklings","floor":35.0,"turns":6.0},{"damage":15.0,"enemies":"Mind Bloom Boss Battle","floor":39.0,"turns":10.0},{"damage":8.0,"enemies":"Nemesis","floor":41.0,"turns":9.0},{"damage":0.0,"enemies":"Giant Head","floor":44.0,"turns":11.0},{"damage":1.0,"enemies":"Orb Walker","floor":45.0,"turns":4.0},{"damage":15,"enemies":"Reptomancer","floor":46,"turns":8},{"damage":4,"enemies":"Jaw Worm Horde","floor":47,"turns":5},{"damage":8,"enemies":"Time Eater","floor":50,"turns":9}],"seed_played":"4537322967616914795","potions_obtained":[{"floor":1.0,"key":"LiquidBronze"},{"floor":10.0,"key":"PowerPotion"},{"floor":14.0,"key":"Weak Potion"},{"floor":18.0,"key":"EssenceOfSteel"},{"floor":25.0,"key":"Dexterity Potion"},{"floor":27.0,"key":"PowerPotion"},{"floor":45.0,"key":"SpeedPotion"},{"floor":46,"key":"Fire Potion"},{"floor":47,"key":"Energy Potion"}],"is_trial":false,"path_per_floor":["M","?","?","M","$","E","R","E","T","M","$","?","R","M","R","B",null,"M","?","$","M","?","R","M","E","T","M","T","$","?","E","R","B",null,"M","?","?","$","?","R","E","R","T","E","M","E","M","?","R","B",null],"character_chosen":"IRONCLAD","items_purchased":["Shrug It Off","Combust","PanicButton","Apotheosis","Feed","Dexterity Potion","Combust"],"campfire_rested":0,"item_purchase_floors":[5,5,11,20,29,38,38],"current_hp_per_floor":[84,77,59,63,63,49,49,34,34,36,36,36,36,42,42,28,88,87,87,87,87,87,87,88,74,74,61,61,61,61,69,69,65,88,62,62,62,62,55,55,55,55,55,67,78,78,107,107,107,105],"gold":299,"neow_bonus":"TEN_PERCENT_HP_BONUS","is_prod":false,"is_daily":false,"chose_seed":false,"campfire_upgraded":5,"win_rate":1,"timestamp":1559678869,"path_taken":["M","?","?","M","$","E","R","E","T","M","$","?","R","?","R","BOSS","M","?","$","M","?","R","M","E","T","M","?","$","?","E","R","BOSS","M","?","?","$","?","R","E","R","T","E","M","E","M","?","R","BOSS"],"build_version":"2019-01-23","purchased_purges":0,"victory":true,"max_hp_per_floor":[88,88,88,88,88,88,88,88,88,88,88,88,88,88,88,88,88,88,88,88,88,88,88,88,88,88,88,88,88,88,88,88,88,88,92,92,92,92,92,92,92,92,92,96,100,107,107,107,107,107],"card_choices":[{"not_picked":["Pummel","True Grit"],"picked":"Twin Strike","floor":1.0},{"not_picked":["Warcry","Burning Pact"],"picked":"Pommel Strike","floor":4.0},{"not_picked":["Combust","Shrug It Off"],"picked":"Impervious","floor":6.0},{"not_picked":["Clothesline","True Grit"],"picked":"Cleave","floor":8.0},{"not_picked":["Body Slam","Dark Embrace"],"picked":"Armaments","floor":10.0},{"not_picked":["Cleave","Clash","Twin Strike"],"picked":"SKIP","floor":14.0},{"not_picked":["Fiend Fire","Limit Break"],"picked":"Barricade","floor":16.0},{"not_picked":["Reckless Charge","Searing Blow"],"picked":"Armaments+1","floor":18.0},{"not_picked":["Infernal Blade+1","Thunderclap+1"],"picked":"Entrench","floor":21.0},{"not_picked":["Power Through","True Grit"],"picked":"Body Slam","floor":24.0},{"not_picked":["Feel No Pain","Hemokinesis+1"],"picked":"Spot Weakness","floor":25.0},{"not_picked":["Fire Breathing","Thunderclap"],"picked":"Shrug It Off","floor":27.0},{"not_picked":["Armaments+1","Pommel Strike","Twin Strike"],"picked":"SKIP","floor":31.0},{"not_picked":["Dark Embrace","Bludgeon"],"picked":"Impervious","floor":33.0},{"not_picked":["Twin Strike+1","Body Slam"],"picked":"Shrug It Off+1","floor":35.0},{"not_picked":["Clash","Headbutt"],"picked":"Limit Break","floor":39.0},{"not_picked":["Pommel Strike","Twin Strike+1","Carnage"],"picked":"SKIP","floor":41.0},{"not_picked":["Flex+1","Iron Wave+1"],"picked":"Disarm","floor":44.0},{"not_picked":["True Grit","Body Slam+1"],"picked":"Rupture+1","floor":45.0},{"not_picked":["Fire Breathing","Shrug It Off","Rampage+1"],"picked":"SKIP","floor":45.0},{"not_picked":["True Grit","Pummel"],"picked":"Reaper","floor":46},{"not_picked":["Flex","Heavy Blade+1","Rampage+1"],"picked":"SKIP","floor":47},{"not_picked":["Iron Wave","Second Wind","Pummel"],"picked":"SKIP","floor":47}],"player_experience":4786,"relics_obtained":[{"floor":6.0,"key":"Blood Vial"},{"floor":8.0,"key":"Shovel"},{"floor":9.0,"key":"Anchor"},{"floor":25.0,"key":"Darkstone Periapt"},{"floor":26.0,"key":"Vajra"},{"floor":28.0,"key":"Sundial"},{"floor":31.0,"key":"Boot"},{"floor":32.0,"key":"Regal Pillow"},{"floor":39.0,"key":"Pocketwatch"},{"floor":40.0,"key":"Bag of Marbles"},{"floor":41.0,"key":"Prayer Wheel"},{"floor":42.0,"key":"Bottled Flame"},{"floor":43.0,"key":"Orichalcum"},{"floor":44.0,"key":"Bag of Preparation"},{"floor":46,"key":"Strawberry"}],"event_choices":[{"cards_removed":["Strike_R"],"damage_healed":0.0,"max_hp_gain":0.0,"max_hp_loss":0.0,"gold_gain":0.0,"event_name":"Golden Wing","player_choice":"Card Removal","floor":2.0,"gold_loss":0.0,"damage_taken":7.0},{"damage_healed":0.0,"max_hp_gain":0.0,"max_hp_loss":0.0,"gold_gain":0.0,"event_name":"Shining Light","player_choice":"Entered Light","floor":3.0,"gold_loss":0.0,"damage_taken":18.0,"cards_upgraded":["Strike_R","Strike_R"]},{"damage_healed":0.0,"max_hp_gain":0.0,"max_hp_loss":0.0,"gold_gain":0.0,"event_name":"FaceTrader","player_choice":"Leave","floor":12.0,"gold_loss":0.0,"damage_taken":0.0},{"damage_healed":0.0,"max_hp_gain":0.0,"max_hp_loss":0.0,"gold_gain":0.0,"event_name":"Drug Dealer","player_choice":"Inject Mutagens","floor":19.0,"gold_loss":0.0,"damage_taken":0.0,"relics_obtained":["MutagenicStrength"]},{"damage_healed":0.0,"max_hp_gain":0.0,"max_hp_loss":0.0,"gold_gain":0.0,"event_name":"Masked Bandits","player_choice":"Paid Fearfully","floor":22.0,"gold_loss":13.0,"damage_taken":0.0},{"damage_healed":0.0,"max_hp_gain":0.0,"max_hp_loss":0.0,"gold_gain":0.0,"event_name":"Ghosts","player_choice":"Ignored","floor":30.0,"gold_loss":0.0,"damage_taken":0.0},{"damage_healed":0.0,"max_hp_gain":0.0,"max_hp_loss":0.0,"gold_gain":0.0,"event_name":"Mysterious Sphere","player_choice":"Ignored","floor":36.0,"gold_loss":0.0,"damage_taken":0.0},{"cards_removed":["Body Slam"],"damage_healed":0.0,"max_hp_gain":0.0,"max_hp_loss":0.0,"gold_gain":0.0,"event_name":"Falling","player_choice":"Removed Attack","floor":37.0,"gold_loss":0.0,"damage_taken":0.0},{"damage_healed":0.0,"max_hp_gain":0.0,"max_hp_loss":0.0,"gold_gain":0.0,"event_name":"MindBloom","player_choice":"Fight","floor":39.0,"gold_loss":0.0,"damage_taken":0.0},{"damage_healed":0,"gold_gain":0,"player_choice":"Ignored","damage_taken":0,"max_hp_gain":0,"max_hp_loss":0,"event_name":"Tomb of Lord Red Mask","floor":48,"gold_loss":0}],"is_beta":false,"boss_relics":[{"not_picked":["Ectoplasm","Snecko Eye"],"picked":"Coffee Dripper"},{"not_picked":["Black Star","Eternal Feather"],"picked":"Runic Cube"}],"items_purged_floors":[],"is_endless":false,"potions_floor_spawned":[1,10,14,18,25,27,45,46,47],"ascension_level":2}