{"gold_per_floor":[114,114,129,54,129,161,161,173,173,187,187,207,217,228,228,228],"floor_reached":16,"playtime":326,"items_purged":["Defend_R"],"score":104,"play_id":"98875898-06d5-4857-afaf-916ecaad1274","local_time":"20190527095149","is_ascension_mode":false,"campfire_choices":[{"data":"Wild Strike","floor":11,"key":"SMITH"},{"data":"Carnage","floor":15,"key":"SMITH"}],"neow_cost":"NONE","seed_source_timestamp":647917507886045,"circlet_count":0,"master_deck":["Strike_R","Strike_R","Strike_R","Strike_R","Strike_R","Defend_R","Defend_R","Defend_R","Bash+1","Sword Boomerang","Wild Strike+1","Sword Boomerang","Cleave","Carnage+1","Clash"],"relics":["Burning Blood","Darkstone Periapt","Potion Belt","Pantograph"],"potions_floor_usage":[12],"damage_taken":[{"damage":18,"enemies":"Jaw Worm","floor":1,"turns":3},{"damage":6,"enemies":"Cultist","floor":3,"turns":3},{"damage":29,"enemies":"Gremlin Nob","floor":6,"turns":5},{"damage":0,"enemies":"Small Slimes","floor":8,"turns":3},{"damage":5,"enemies":"3 Louse","floor":10,"turns":3},{"damage":11,"enemies":"Exordium Wildlife","floor":12,"turns":3},{"damage":20,"enemies":"Large Slime","floor":13,"turns":4},{"damage":9,"enemies":"2 Fungi Beasts","floor":14,"turns":2},{"damage":47,"enemies":"The Guardian","floor":16,"turns":5}],"seed_played":"4068166714471193076","potions_obtained":[{"floor":6,"key":"Explosive Potion"},{"floor":8,"key":"Fire Potion"}],"is_trial":false,"path_per_floor":["M","$","M","$","?","E","?","M","T","M","R","M","M","M","R","B"],"character_chosen":"IRONCLAD","items_purchased":[],"campfire_rested":0,"item_purchase_floors":[],"current_hp_per_floor":[68,68,68,68,57,34,34,40,40,41,41,36,22,19,19,0],"gold":228,"neow_bonus":"UPGRADE_CARD","is_prod":false,"is_daily":false,"chose_seed":false,"campfire_upgraded":2,"win_rate":0,"timestamp":1558939909,"path_taken":["M","$","M","$","?","E","?","?","T","M","R","M","M","M","R","BOSS"],"build_version":"2019-01-23","purchased_purges":1,"victory":false,"max_hp_per_floor":[80,80,80,80,80,80,80,80,80,80,80,80,80,80,80,80],"card_choices":[{"not_picked":["Searing Blow","Headbutt"],"picked":"Sword Boomerang","floor":1},{"not_picked":["Shockwave","Body Slam","Havoc"],"picked":"SKIP","floor":3},{"not_picked":["Brutality","True Grit","Clothesline"],"picked":"SKIP","floor":6},{"not_picked":["Heavy Blade","Second Wind"],"picked":"Wild Strike","floor":8},{"not_picked":["Pommel Strike","True Grit"],"picked":"Sword Boomerang","floor":10},{"not_picked":["Clothesline","Infernal Blade"],"picked":"Cleave","floor":12},{"not_picked":["Disarm","Armaments"],"picked":"Carnage","floor":13},{"not_picked":["Dropkick","Havoc"],"picked":"Clash","floor":14}],"player_experience":321932,"relics_obtained":[{"floor":6,"key":"Darkstone Periapt"},{"floor":9,"key":"Pantograph"}],"event_choices":[{"damage_healed":0,"gold_gain":75,"player_choice":"Gather Gold","damage_taken":11,"max_hp_gain":0,"max_hp_loss":0,"event_name":"World of Goop","floor":5,"gold_loss":0},{"damage_healed":0,"gold_gain":0,"player_choice":"Gave Potion","damage_taken":0,"relics_obtained":["Potion Belt"],"max_hp_gain":0,"max_hp_loss":0,"event_name":"WeMeetAgain","floor":7,"gold_loss":0}],"is_beta":false,"boss_relics":[],"items_purged_floors":[4],"is_endless":false,"potions_floor_spawned":[6,8],"killed_by":"The Guardian","ascension_level":0}