{"gold_per_floor":[114,124,0,100,100,126,126,126,126,126,156,56,87,102,102,206,206,225,240,115,115,126,126,153,153,179,191,222,30,359,374,374,478,478,498,21,38,54,103,103,103,116,116,116,130,141,141,161,161,161],"floor_reached":50,"playtime":2543,"items_purged":["Defend_B","Strike_B","Dualcast","Strike_B","Defend_B"],"score":540,"play_id":"fd4e1af1-3800-4f04-bd11-1a0ca3a39cc7","local_time":"20180913221942","is_ascension_mode":false,"campfire_choices":[{"data":"Hologram","floor":7.0,"key":"SMITH"},{"floor":10.0,"key":"REST"},{"floor":15.0,"key":"REST"},{"floor":23.0,"key":"REST"},{"data":"Beam Cell","floor":25.0,"key":"SMITH"},{"data":"Hyperbeam","floor":27.0,"key":"SMITH"},{"floor":32.0,"key":"REST"},{"floor":40.0,"key":"REST"},{"data":"Creative AI","floor":44.0,"key":"SMITH"},{"floor":49.0,"key":"REST"}],"neow_cost":"PERCENT_DAMAGE","seed_source_timestamp":2299936337337784,"circlet_count":0,"master_deck":["Defend_B+1","Zap","Hyperbeam+1","Turbo","Hologram+1","Conserve Battery","FTL","Hyperbeam+1","Beam Cell+1","Recycle","Recycle+1","Seek+1","Hologram","Steam Power+1","Creative AI+1","White Noise+1","Hologram+1"],"special_seed":0,"relics":["Cracked Core","Mummified Hand","Matryoshka","Odd Mushroom","Ancient Tea Set","Empty Cage","Enchiridion","Strawberry","War Paint","MawBank","Old Coin","Black Star","Omamori","Regal Pillow","StoneCalendar","Blood Vial","Bottled Tornado"],"potions_floor_usage":[50,50,50],"damage_taken":[{"damage":2.0,"enemies":"2 Louse","floor":1.0,"turns":2.0},{"damage":0.0,"enemies":"Cultist","floor":2.0,"turns":2.0},{"damage":31.0,"enemies":"Lagavulin","floor":6.0,"turns":6.0},{"damage":0.0,"enemies":"The Mushroom Lair","floor":11.0,"turns":1.0},{"damage":9.0,"enemies":"Gremlin Nob","floor":13.0,"turns":4.0},{"damage":6.0,"enemies":"Jaw Worm","floor":14.0,"turns":2.0},{"damage":49.0,"enemies":"Hexaghost","floor":16.0,"turns":9.0},{"damage":0.0,"enemies":"2 Thieves","floor":18.0,"turns":1.0},{"damage":5.0,"enemies":"Shell Parasite","floor":19.0,"turns":4.0},{"damage":7.0,"enemies":"Chosen and Byrds","floor":22.0,"turns":3.0},{"damage":22.0,"enemies":"Gremlin Leader","floor":24.0,"turns":4.0},{"damage":0.0,"enemies":"Cultist and Chosen","floor":28.0,"turns":2.0},{"damage":0.0,"enemies":"Slavers","floor":30.0,"turns":1.0},{"damage":9.0,"enemies":"Centurion and Healer","floor":31.0,"turns":2.0},{"damage":26.0,"enemies":"Automaton","floor":33.0,"turns":6.0},{"damage":14.0,"enemies":"3 Shapes","floor":35.0,"turns":3.0},{"damage":3.0,"enemies":"3 Darklings","floor":37.0,"turns":2.0},{"damage":16.0,"enemies":"Spire Growth","floor":38.0,"turns":3.0},{"damage":12.0,"enemies":"Mysterious Sphere","floor":39.0,"turns":2.0},{"damage":0.0,"enemies":"Reptomancer","floor":42.0,"turns":2.0},{"damage":0.0,"enemies":"3 Darklings","floor":45.0,"turns":1.0},{"damage":24.0,"enemies":"Spire Growth","floor":46.0,"turns":3.0},{"damage":0.0,"enemies":"4 Shapes","floor":48.0,"turns":1.0},{"damage":83,"enemies":"Awakened One","floor":50,"turns":7}],"seed_played":"808256082018501135","potions_obtained":[{"floor":1.0,"key":"FearPotion"},{"floor":14.0,"key":"AttackPotion"},{"floor":16.0,"key":"Ancient Potion"},{"floor":18.0,"key":"SpeedPotion"},{"floor":19.0,"key":"LiquidBronze"},{"floor":28.0,"key":"AttackPotion"},{"floor":45.0,"key":"Explosive Potion"},{"floor":46.0,"key":"Weak Potion"},{"floor":48.0,"key":"Swift Potion"}],"is_trial":false,"path_per_floor":["M","M","$","?","?","E","R","?","T","R","?","$","E","M","R","B",null,"M","M","$","?","M","R","E","R","T","R","M","$","E","M","R","B",null,"M","$","M","M","?","R","?","M","T","R","M","M","$","M","R"],"character_chosen":"DEFECT","items_purchased":["Conserve Battery","Hologram","Omamori","Regal Pillow"],"campfire_rested":6,"item_purchase_floors":[3,29,36,36],"current_hp_per_floor":[52,52,52,52,52,21,21,21,21,43,43,43,34,28,50,1,75,75,70,70,54,47,69,54,54,54,54,54,54,54,45,69,43,82,68,68,65,49,37,76,76,76,76,76,78,56,56,58,82,0],"gold":161,"neow_bonus":"THREE_RARE_CARDS","is_prod":false,"is_daily":false,"chose_seed":false,"campfire_upgraded":4,"win_rate":0,"timestamp":1536866382,"path_taken":["M","M","$","?","?","E","R","?","T","R","?","?","E","M","R","BOSS","M","M","$","?","?","R","E","R","T","R","M","$","E","M","R","BOSS","M","$","M","M","?","R","?","M","T","R","M","M","$","M","R","BOSS"],"build_version":"2018-08-30","purchased_purges":5,"victory":false,"max_hp_per_floor":[75,75,75,75,75,75,75,75,75,75,75,75,75,75,75,75,75,75,75,75,75,75,75,82,82,82,82,82,82,82,82,82,82,82,82,82,82,82,82,82,82,82,82,82,82,82,82,82,82,82],"card_choices":[{"not_picked":["Rainbow","Buffer"],"picked":"Hyperbeam","floor":0.0},{"not_picked":["Force Field","Auto Shields"],"picked":"Turbo","floor":1.0},{"not_picked":["Gash","Consume"],"picked":"Hologram","floor":2.0},{"not_picked":["Cold Snap","Sweeping Beam","Compile Driver"],"picked":"SKIP","floor":6.0},{"not_picked":["Skim","Aggregate"],"picked":"FTL","floor":13.0},{"not_picked":["Cold Snap","Skim","Heatsinks"],"picked":"SKIP","floor":14.0},{"not_picked":["Biased Cognition","Multi-Cast"],"picked":"Hyperbeam","floor":16.0},{"not_picked":["Steam Power","Undo"],"picked":"Beam Cell","floor":18.0},{"not_picked":["Beam Cell","Stack"],"picked":"Recycle","floor":19.0},{"not_picked":["Go for the Eyes","Cold Snap"],"picked":"Recycle+1","floor":22.0},{"not_picked":["Gash+1","Beam Cell"],"picked":"Seek","floor":24.0},{"not_picked":["Stack","Chaos+1","Tempest"],"picked":"SKIP","floor":28.0},{"not_picked":["Cold Snap+1","Coolheaded+1"],"picked":"Steam Power+1","floor":30.0},{"not_picked":["Barrage","Chaos","FTL+1"],"picked":"SKIP","floor":31.0},{"not_picked":["Core Surge","Seek"],"picked":"Creative AI","floor":33.0},{"not_picked":["Compile Driver","Coolheaded+1"],"picked":"White Noise+1","floor":35.0},{"not_picked":["Redo","Conserve Battery","FTL"],"picked":"SKIP","floor":37.0},{"not_picked":["Coolheaded+1","Glacier","Multi-Cast"],"picked":"SKIP","floor":38.0},{"not_picked":["Recycle","Gash","Rebound"],"picked":"SKIP","floor":42.0},{"not_picked":["Redo","Ball Lightning","Stack+1"],"picked":"SKIP","floor":45.0},{"not_picked":["Leap","Stack"],"picked":"Hologram+1","floor":46.0},{"not_picked":["Hologram","Streamline","Leap"],"picked":"SKIP","floor":48.0}],"player_experience":218496,"relics_obtained":[{"floor":6.0,"key":"Mummified Hand"},{"floor":9.0,"key":"Matryoshka"},{"floor":11.0,"key":"Odd Mushroom"},{"floor":13.0,"key":"Ancient Tea Set"},{"floor":21.0,"key":"Enchiridion"},{"floor":24.0,"key":"Strawberry"},{"floor":26.0,"key":"War Paint"},{"floor":26.0,"key":"MawBank"},{"floor":30.0,"key":"Old Coin"},{"floor":39.0,"key":"StoneCalendar"},{"floor":43.0,"key":"Blood Vial"},{"floor":43.0,"key":"Bottled Tornado"}],"event_choices":[{"event_name":"Golden Shrine","player_choice":"Pray","floor":4.0,"damage_taken":0.0},{"event_name":"The Cleric","player_choice":"Leave","floor":5.0,"damage_taken":0.0},{"event_name":"Accursed Blacksmith","player_choice":"Forge","floor":8.0,"damage_taken":0.0},{"event_name":"Mushrooms","player_choice":"Fought Mushrooms","floor":11.0,"damage_taken":0.0},{"event_name":"Cursed Tome","player_choice":"Obtained Book","floor":21.0,"damage_taken":0.0},{"event_name":"Mysterious Sphere","player_choice":"Fight","floor":39.0,"damage_taken":0.0},{"event_name":"Falling","player_choice":"Removed Skill","floor":41.0,"damage_taken":0.0}],"is_beta":false,"boss_relics":[{"not_picked":["Tiny House","Inserter"],"picked":"Empty Cage"},{"not_picked":["Runic Pyramid","Orrery"],"picked":"Black Star"}],"items_purged_floors":[3,12,20,29,36],"is_endless":false,"potions_floor_spawned":[1,14,16,18,19,28,31,45,46,48],"killed_by":"Awakened One","ascension_level":0}