{"gold_per_floor":[361,237,253,41,53,53,53,53,53,108,108,137,149,166,166,271,271,290,301,108,127,127],"floor_reached":22,"playtime":799,"items_purged":["Strike_R","Strike_R","Strike_R"],"score":196,"play_id":"b9eefdb3-a459-4789-b8d1-aa665f29a0c5","local_time":"20181116210314","is_ascension_mode":false,"campfire_choices":[{"data":"Corruption","floor":6,"key":"SMITH"},{"data":"Flex","floor":11,"key":"SMITH"},{"data":"Sword Boomerang","floor":15,"key":"SMITH"}],"neow_cost":"PERCENT_DAMAGE","seed_source_timestamp":43198627005845,"circlet_count":0,"master_deck":["Strike_R","Strike_R","Defend_R","Defend_R","Defend_R","Defend_R","Bash+1","Cleave","Sword Boomerang+1","Corruption+1","Spot Weakness","Dropkick","Flex+1","Cleave","Demon Form","Immolate","Pommel Strike+1","Evolve","Heavy Blade"],"relics":["Burning Blood","Red Skull","Tiny Chest","Meat on the Bone","Mark of Pain"],"potions_floor_usage":[16,16],"damage_taken":[{"damage":6,"enemies":"Cultist","floor":1,"turns":3},{"damage":13,"enemies":"Jaw Worm","floor":3,"turns":3},{"damage":5,"enemies":"Small Slimes","floor":5,"turns":2},{"damage":15,"enemies":"Gremlin Nob","floor":10,"turns":4},{"damage":13,"enemies":"3 Sentries","floor":12,"turns":4},{"damage":8,"enemies":"Red Slaver","floor":13,"turns":2},{"damage":7,"enemies":"Blue Slaver","floor":14,"turns":2},{"damage":21,"enemies":"Hexaghost","floor":16,"turns":6},{"damage":35,"enemies":"Shell Parasite","floor":18,"turns":6},{"damage":10,"enemies":"Chosen","floor":19,"turns":3},{"damage":42,"enemies":"Snake Plant","floor":21,"turns":3},{"damage":29,"enemies":"Shelled Parasite and Fungi","floor":22,"turns":2}],"seed_played":"-5696986696579572926","potions_obtained":[{"floor":1,"key":"LiquidBronze"},{"floor":3,"key":"EssenceOfSteel"},{"floor":13,"key":"Block Potion"},{"floor":16,"key":"LiquidBronze"},{"floor":18,"key":"Swift Potion"}],"is_trial":false,"path_per_floor":["M","$","M","$","M","R","$","?","T","E","R","E","M","M","R","B",null,"M","M","$","M","M"],"character_chosen":"IRONCLAD","items_purchased":["Cleave","Corruption","Spot Weakness","Evolve"],"campfire_rested":0,"item_purchase_floors":[2,4,4,20],"current_hp_per_floor":[56,56,49,49,50,50,50,50,50,41,41,34,44,55,55,52,80,51,47,47,23,0],"gold":127,"neow_bonus":"TWO_FIFTY_GOLD","is_prod":false,"is_daily":false,"chose_seed":false,"campfire_upgraded":3,"win_rate":0,"timestamp":1542394994,"path_taken":["M","$","M","$","M","R","?","?","T","E","R","E","M","M","R","BOSS","M","?","$","M","M"],"build_version":"2018-11-15","purchased_purges":3,"victory":false,"max_hp_per_floor":[80,80,80,80,80,80,80,80,80,80,80,80,80,80,80,80,80,80,80,80,80,80],"card_choices":[{"not_picked":["Twin Strike","Fire Breathing","True Grit"],"picked":"SKIP","floor":1},{"not_picked":["Sever Soul","Sentinel"],"picked":"Sword Boomerang","floor":3},{"not_picked":["Clash","Heavy Blade"],"picked":"Dropkick","floor":5},{"not_picked":["Limit Break","Fire Breathing"],"picked":"Flex","floor":10},{"not_picked":["Perfected Strike","Sever Soul"],"picked":"Cleave","floor":12},{"not_picked":["Anger","Intimidate","Perfected Strike"],"picked":"SKIP","floor":13},{"not_picked":["Anger","Intimidate","Perfected Strike"],"picked":"SKIP","floor":13},{"not_picked":["Armaments","Bloodletting"],"picked":"Demon Form","floor":14},{"not_picked":["Double Tap","Barricade"],"picked":"Immolate","floor":16},{"not_picked":["Body Slam","Shrug It Off"],"picked":"Pommel Strike+1","floor":18},{"not_picked":["Flex","Hemokinesis","Cleave+1"],"picked":"SKIP","floor":19},{"not_picked":["Body Slam","Wild Strike"],"picked":"Heavy Blade","floor":21}],"player_experience":245315,"relics_obtained":[{"floor":9,"key":"Red Skull"},{"floor":10,"key":"Tiny Chest"},{"floor":12,"key":"Meat on the Bone"}],"event_choices":[{"damage_healed":0,"gold_gain":0,"player_choice":"Forge","damage_taken":0,"max_hp_gain":0,"max_hp_loss":0,"event_name":"Accursed Blacksmith","floor":8,"gold_loss":0,"cards_upgraded":["Bash"]}],"is_beta":false,"boss_relics":[{"not_picked":["Black Star","Eternal Feather"],"picked":"Mark of Pain"}],"items_purged_floors":[2,4,20],"is_endless":false,"potions_floor_spawned":[1,3,13,14,16,18,19],"killed_by":"Shelled Parasite and Fungi","ascension_level":0}