{"gold_per_floor":[116,116,135,147,160,160,193,193,193,228,245,245],"floor_reached":12,"playtime":454,"items_purged":[],"score":122,"play_id":"022b088c-f85e-4ce5-95b0-67fac79af922","local_time":"20190608182912","is_ascension_mode":true,"campfire_choices":[{"data":"Flame Barrier","floor":6,"key":"SMITH"},{"floor":8,"key":"REST"}],"neow_cost":"PERCENT_DAMAGE","seed_source_timestamp":72463979569610,"circlet_count":0,"master_deck":["Strike_R","Strike_R","Strike_R","Strike_R","Defend_R","Defend_R","Defend_R","Defend_R","Bash","Anger","Flame Barrier+1","Twin Strike","Burning Pact","Armaments","Clothesline"],"relics":["Burning Blood","StoneCalendar","Bottled Lightning","Singing Bowl","Pantograph"],"potions_floor_usage":[10,12],"damage_taken":[{"damage":4,"enemies":"2 Louse","floor":1,"turns":3},{"damage":1,"enemies":"Cultist","floor":3,"turns":3},{"damage":0,"enemies":"Small Slimes","floor":4,"turns":3},{"damage":33,"enemies":"Gremlin Gang","floor":5,"turns":6},{"damage":25,"enemies":"3 Sentries","floor":7,"turns":7},{"damage":30,"enemies":"Lagavulin","floor":10,"turns":6},{"damage":14,"enemies":"Looter","floor":11,"turns":4},{"damage":13,"enemies":"3 Sentries","floor":12,"turns":4}],"seed_played":"-8497446143652701060","potions_obtained":[{"floor":3,"key":"SpeedPotion"},{"floor":10,"key":"EssenceOfSteel"}],"is_trial":false,"path_per_floor":["M","?","M","M","M","R","E","R","T","E","M","E"],"character_chosen":"IRONCLAD","items_purchased":[],"campfire_rested":1,"item_purchase_floors":[],"current_hp_per_floor":[53,53,58,64,37,37,18,42,42,18,10,0],"gold":245,"neow_bonus":"ONE_RARE_RELIC","is_prod":false,"is_daily":false,"chose_seed":false,"campfire_upgraded":1,"win_rate":0,"timestamp":1560036552,"path_taken":["M","?","M","M","M","R","E","R","T","E","M","E"],"build_version":"2019-01-23","purchased_purges":0,"victory":false,"max_hp_per_floor":[80,80,80,80,80,80,80,80,80,80,80,80],"card_choices":[{"not_picked":["Thunderclap","Corruption"],"picked":"Anger","floor":1},{"not_picked":["Wild Strike","Infernal Blade","Warcry"],"picked":"SKIP","floor":3},{"not_picked":["Anger","Metallicize"],"picked":"Flame Barrier","floor":4},{"not_picked":["Metallicize","Thunderclap"],"picked":"Twin Strike","floor":5},{"not_picked":["Heavy Blade","Burning Pact","Iron Wave"],"picked":"SKIP","floor":7},{"not_picked":["Heavy Blade","Iron Wave"],"picked":"Burning Pact","floor":7},{"not_picked":["Rampage","Hemokinesis"],"picked":"Armaments","floor":10},{"not_picked":["Heavy Blade","Headbutt"],"picked":"Clothesline","floor":11}],"player_experience":50438,"relics_obtained":[{"floor":7,"key":"Bottled Lightning"},{"floor":9,"key":"Singing Bowl"},{"floor":10,"key":"Pantograph"}],"event_choices":[{"cards_removed":["Strike_R"],"damage_healed":0,"gold_gain":0,"player_choice":"Offered Basic","damage_taken":0,"max_hp_gain":0,"max_hp_loss":0,"event_name":"Bonfire Elementals","floor":2,"gold_loss":0}],"is_beta":false,"boss_relics":[],"items_purged_floors":[],"is_endless":false,"potions_floor_spawned":[3,10],"killed_by":"3 Sentries","ascension_level":7}