{"gold_per_floor":[110,125,200,200,200,200,233,233,282,313,324,324,344,355,355,427,427,440,17,32,112,130,130,149,183,183,215,227,289,317,364,376,388],"floor_reached":33,"playtime":2436,"items_purged":[],"score":675,"play_id":"8873f4f9-c5f7-4b85-a4ee-9b17127b398b","local_time":"20190526234242","is_ascension_mode":true,"campfire_choices":[{"data":"Neutralize","floor":6.0,"key":"SMITH"},{"data":"Dash","floor":8.0,"key":"SMITH"},{"data":"Dash","floor":15.0,"key":"SMITH"},{"data":"PiercingWail","floor":23.0,"key":"SMITH"},{"data":"1","floor":32,"key":"LIFT"}],"neow_cost":"NONE","seed_source_timestamp":0,"circlet_count":0,"master_deck":["AscendersBane","Defend_G+1","Defend_G+1","Defend_G+1","Defend_G+1","Defend_G+1","Strike_G+1","Strike_G+1","Strike_G+1","Survivor","Neutralize+1","Prepared","Dash+1","Deadly Poison","Flying Knee","Dash+1","Night Terror","Blur","PiercingWail+1","Bane","Deadly Poison+1","Dagger Spray","Dodge and Roll","Burst","Backflip"],"special_seed":0,"relics":["Ring of the Snake","NeowsBlessing","Pen Nib","PreservedInsect","Blue Candle","Coffee Dripper","Turnip","Ninja Scroll","Girya","FossilizedHelix","MawBank","Sundial"],"potions_floor_usage":[31,33,33],"damage_taken":[{"damage":0.0,"enemies":"2 Louse","floor":1.0,"turns":1.0},{"damage":0.0,"enemies":"Small Slimes","floor":2.0,"turns":1.0},{"damage":0.0,"enemies":"3 Sentries","floor":7.0,"turns":2.0},{"damage":8.0,"enemies":"Gremlin Nob","floor":10.0,"turns":4.0},{"damage":0.0,"enemies":"Cultist","floor":11.0,"turns":4.0},{"damage":0.0,"enemies":"Blue Slaver","floor":13.0,"turns":3.0},{"damage":0.0,"enemies":"2 Fungi Beasts","floor":14.0,"turns":4.0},{"damage":4.0,"enemies":"Hexaghost","floor":16.0,"turns":11.0},{"damage":4.0,"enemies":"3 Byrds","floor":18.0,"turns":7.0},{"damage":2.0,"enemies":"Shell Parasite","floor":20.0,"turns":11.0},{"damage":5.0,"enemies":"Centurion and Healer","floor":22.0,"turns":7.0},{"damage":19.0,"enemies":"Snake Plant","floor":24.0,"turns":5.0},{"damage":19.0,"enemies":"Book of Stabbing","floor":25.0,"turns":6.0},{"damage":0.0,"enemies":"Slavers","floor":27.0,"turns":5.0},{"damage":0.0,"enemies":"Shelled Parasite and Fungi","floor":30.0,"turns":5.0},{"damage":14,"enemies":"Gremlin Leader","floor":31,"turns":5},{"damage":8,"enemies":"Automaton","floor":33,"turns":6}],"seed_played":"1288189471994320004","potions_obtained":[{"floor":1.0,"key":"SkillPotion"},{"floor":7.0,"key":"Block Potion"},{"floor":10.0,"key":"Regen Potion"},{"floor":11.0,"key":"PowerPotion"},{"floor":20.0,"key":"Energy Potion"},{"floor":25.0,"key":"Weak Potion"},{"floor":27.0,"key":"Dexterity Potion"},{"floor":31,"key":"SpeedPotion"}],"is_trial":false,"path_per_floor":["M","M","?","?","?","R","E","R","T","E","M","?","M","M","R","B",null,"M","$","M","T","M","R","M","E","T","E","?","?","M","E","R","B"],"character_chosen":"THE_SILENT","items_purchased":["Blur","Turnip","PiercingWail"],"campfire_rested":0,"item_purchase_floors":[19,19,19],"current_hp_per_floor":[59,59,48,53,46,46,46,46,46,38,38,38,38,50,50,46,65,61,61,59,59,54,54,35,16,16,16,16,16,16,2,2,0],"gold":388,"neow_bonus":"THREE_ENEMY_KILL","is_prod":false,"is_daily":false,"chose_seed":false,"campfire_upgraded":4,"win_rate":0,"timestamp":1558932162,"path_taken":["M","M","?","?","?","R","E","R","T","E","M","?","M","M","R","BOSS","M","$","M","?","M","R","M","E","T","E","?","?","M","E","R","BOSS"],"build_version":"2019-01-23","purchased_purges":0,"victory":false,"max_hp_per_floor":[66,66,66,71,71,71,71,71,71,71,71,71,71,71,71,71,71,71,71,71,71,71,71,71,71,71,71,71,71,71,71,71,71],"card_choices":[{"not_picked":["Terror","Eviscerate"],"picked":"Prepared","floor":1.0},{"not_picked":["Acrobatics","Outmaneuver"],"picked":"Dash","floor":2.0},{"not_picked":["Acrobatics","Distraction"],"picked":"Deadly Poison","floor":7.0},{"not_picked":["Acrobatics","Reflex","Accuracy"],"picked":"SKIP","floor":10.0},{"not_picked":["Reflex","Calculated Gamble"],"picked":"Flying Knee","floor":11.0},{"not_picked":["Distraction","Bouncing Flask"],"picked":"Dash","floor":13.0},{"not_picked":["Outmaneuver","All Out Attack","Quick Slash"],"picked":"SKIP","floor":14.0},{"not_picked":["Doppelganger","Bullet Time"],"picked":"Night Terror","floor":16.0},{"not_picked":["Setup","Skewer","Accuracy"],"picked":"SKIP","floor":18.0},{"not_picked":["Concentrate","Acrobatics"],"picked":"Bane","floor":20.0},{"not_picked":["Poisoned Stab","Underhanded Strike"],"picked":"Deadly Poison+1","floor":22.0},{"not_picked":["Riddle With Holes","Choke","Deflect"],"picked":"SKIP","floor":24.0},{"not_picked":["Heel Hook","Setup"],"picked":"Dagger Spray","floor":25.0},{"not_picked":["Slice","Dagger Spray"],"picked":"Dodge and Roll","floor":27.0},{"not_picked":["Underhanded Strike","Deadly Poison"],"picked":"Burst","floor":30.0},{"not_picked":["Finisher","Corpse Explosion"],"picked":"Backflip","floor":31}],"player_experience":480588,"relics_obtained":[{"floor":7.0,"key":"Pen Nib"},{"floor":9.0,"key":"PreservedInsect"},{"floor":10.0,"key":"Blue Candle"},{"floor":21.0,"key":"Ninja Scroll"},{"floor":25.0,"key":"Girya"},{"floor":26.0,"key":"FossilizedHelix"},{"floor":27.0,"key":"MawBank"},{"floor":31,"key":"Sundial"}],"event_choices":[{"damage_healed":0.0,"max_hp_gain":0.0,"max_hp_loss":0.0,"gold_gain":75.0,"event_name":"World of Goop","player_choice":"Gather Gold","floor":3.0,"gold_loss":0.0,"damage_taken":11.0},{"damage_healed":0.0,"max_hp_gain":5.0,"max_hp_loss":0.0,"gold_gain":0.0,"event_name":"Big Fish","player_choice":"Donut","floor":4.0,"gold_loss":0.0,"damage_taken":0.0},{"cards_removed":["Strike_G"],"damage_healed":0.0,"max_hp_gain":0.0,"max_hp_loss":0.0,"gold_gain":0.0,"event_name":"Golden Wing","player_choice":"Card Removal","floor":5.0,"gold_loss":0.0,"damage_taken":7.0},{"cards_removed":["Strike_G"],"damage_healed":0.0,"max_hp_gain":0.0,"max_hp_loss":0.0,"gold_gain":0.0,"event_name":"Purifier","player_choice":"Purged","floor":12.0,"gold_loss":0.0,"damage_taken":0.0},{"damage_healed":0.0,"max_hp_gain":0.0,"max_hp_loss":0.0,"gold_gain":0.0,"event_name":"Back to Basics","player_choice":"Simplicity","floor":28.0,"gold_loss":0.0,"damage_taken":0.0,"cards_upgraded":["Defend_G","Defend_G","Defend_G","Defend_G","Defend_G","Strike_G","Strike_G","Strike_G"]},{"damage_healed":0.0,"max_hp_gain":0.0,"max_hp_loss":0.0,"gold_gain":100.0,"event_name":"The Joust","player_choice":"Bet on Murderer","floor":29.0,"gold_loss":50.0,"damage_taken":0.0}],"is_beta":false,"boss_relics":[{"not_picked":["Ring of the Serpent","Empty Cage"],"picked":"Coffee Dripper"}],"items_purged_floors":[],"is_endless":false,"potions_floor_spawned":[1,7,10,11,20,25,27,30,31],"killed_by":"Automaton","ascension_level":17}