{"gold_per_floor":[114,114,94,114,129,129,140,140,140,140,153,78,64,77,77,173,173,191,191,203,103,103,103,28,28,51,51,64,64,94,94],"floor_reached":31,"playtime":959,"items_purged":["Strike_R","Strike_R"],"score":380,"play_id":"c4d8b7ce-4c93-4c17-bfc6-20a96137d3aa","local_time":"20190605190048","is_ascension_mode":true,"campfire_choices":[{"data":"Body Slam","floor":6.0,"key":"SMITH"},{"data":"Bash","floor":8.0,"key":"SMITH"},{"data":"Juggernaut","floor":10.0,"key":"SMITH"},{"floor":15.0,"key":"REST"},{"floor":23.0,"key":"REST"},{"floor":25.0,"key":"REST"},{"data":"Iron Wave","floor":27.0,"key":"SMITH"},{"floor":29.0,"key":"REST"}],"neow_cost":"NONE","seed_source_timestamp":1457795567338359,"circlet_count":0,"master_deck":["AscendersBane","Strike_R","Strike_R","Strike_R","Defend_R","Defend_R","Defend_R","Defend_R","Bash+1","Juggernaut+1","Body Slam+1","Iron Wave","Iron Wave+1","Barricade+1","Shrug It Off+1","Body Slam+1","Metallicize+1"],"special_seed":0,"relics":["Burning Blood","Frozen Egg 2","Mark of Pain","Happy Flower","Self Forming Clay"],"potions_floor_usage":[31],"damage_taken":[{"damage":2.0,"enemies":"2 Louse","floor":1.0,"turns":4.0},{"damage":16.0,"enemies":"Jaw Worm","floor":4.0,"turns":5.0},{"damage":6.0,"enemies":"Cultist","floor":5.0,"turns":4.0},{"damage":12.0,"enemies":"Red Slaver","floor":7.0,"turns":4.0},{"damage":10.0,"enemies":"Gremlin Gang","floor":11.0,"turns":5.0},{"damage":19.0,"enemies":"Exordium Thugs","floor":13.0,"turns":4.0},{"damage":6.0,"enemies":"Exordium Wildlife","floor":14.0,"turns":4.0},{"damage":48.0,"enemies":"Hexaghost","floor":16.0,"turns":9.0},{"damage":42.0,"enemies":"2 Thieves","floor":18.0,"turns":5.0},{"damage":31.0,"enemies":"3 Byrds","floor":20.0,"turns":6.0},{"damage":25.0,"enemies":"Centurion and Healer","floor":28.0,"turns":6.0},{"damage":63.0,"enemies":"Gremlin Leader","floor":30.0,"turns":6.0},{"damage":12,"enemies":"Snake Plant","floor":31,"turns":1}],"seed_played":"-3671818384920531100","potions_obtained":[{"floor":3.0,"key":"GamblersBrew"},{"floor":4.0,"key":"SteroidPotion"},{"floor":11.0,"key":"Strength Potion"},{"floor":16.0,"key":"SpeedPotion"}],"is_trial":false,"path_per_floor":["M","?","?","M","M","R","M","R","T","R","M","$","M","M","R","B",null,"M","?","M","$","?","R","$","R","T","R","M","R","E","M"],"character_chosen":"IRONCLAD","items_purchased":["Metallicize+1"],"campfire_rested":4,"item_purchase_floors":[24],"current_hp_per_floor":[76,81,81,71,71,71,65,65,65,65,61,61,48,48,73,31,72,36,36,11,11,11,36,36,61,61,61,42,67,10,0],"gold":94,"neow_bonus":"ONE_RANDOM_RARE_CARD","is_prod":false,"is_daily":false,"chose_seed":false,"campfire_upgraded":4,"win_rate":0,"timestamp":1559750448,"path_taken":["M","?","?","M","M","R","M","R","T","R","?","?","?","M","R","BOSS","M","?","M","$","?","R","$","R","T","R","M","R","E","?"],"build_version":"2019-01-23","purchased_purges":2,"victory":false,"max_hp_per_floor":[80,85,85,85,85,85,85,85,85,85,85,85,85,85,85,85,85,85,85,85,85,85,85,85,85,85,85,85,85,85,85],"card_choices":[{"not_picked":["Evolve","Heavy Blade"],"picked":"Body Slam","floor":1.0},{"not_picked":["Sword Boomerang","Rupture","Twin Strike"],"picked":"SKIP","floor":4.0},{"not_picked":["Hemokinesis","Headbutt"],"picked":"Iron Wave","floor":5.0},{"not_picked":["Wild Strike","Anger"],"picked":"Iron Wave","floor":7.0},{"not_picked":["Infernal Blade","Headbutt","Clash"],"picked":"SKIP","floor":11.0},{"not_picked":["Disarm","Warcry","Rampage"],"picked":"SKIP","floor":13.0},{"not_picked":["Perfected Strike","Sword Boomerang","Wild Strike"],"picked":"SKIP","floor":14.0},{"not_picked":["Berserk+1","Dark Embrace+1"],"picked":"Barricade+1","floor":16.0},{"not_picked":["Spot Weakness","True Grit"],"picked":"Shrug It Off+1","floor":18.0},{"not_picked":["Iron Wave","Fire Breathing+1"],"picked":"Body Slam","floor":20.0},{"not_picked":["Combust+1","Clothesline","Anger"],"picked":"SKIP","floor":28.0},{"not_picked":["Uppercut","Seeing Red+1","Thunderclap"],"picked":"SKIP","floor":30.0}],"player_experience":353823,"relics_obtained":[{"floor":9.0,"key":"Frozen Egg 2"},{"floor":26.0,"key":"Happy Flower"},{"floor":30.0,"key":"Self Forming Clay"}],"event_choices":[{"damage_healed":0.0,"max_hp_gain":5.0,"max_hp_loss":0.0,"gold_gain":0.0,"event_name":"Big Fish","player_choice":"Donut","floor":2.0,"gold_loss":0.0,"damage_taken":0.0},{"damage_healed":0.0,"max_hp_gain":0.0,"max_hp_loss":0.0,"gold_gain":0.0,"event_name":"The Woman in Blue","player_choice":"Bought 1 Potion","floor":3.0,"gold_loss":0.0,"damage_taken":0.0},{"damage_healed":0.0,"max_hp_gain":0.0,"max_hp_loss":0.0,"gold_gain":0.0,"event_name":"Cursed Tome","player_choice":"Ignored","floor":19.0,"gold_loss":0.0,"damage_taken":0.0},{"damage_healed":0.0,"max_hp_gain":0.0,"max_hp_loss":0.0,"gold_gain":0.0,"event_name":"Upgrade Shrine","player_choice":"Upgraded","floor":22.0,"gold_loss":0.0,"damage_taken":0.0,"cards_upgraded":["Body Slam"]}],"is_beta":false,"boss_relics":[{"not_picked":["Orrery","Empty Cage"],"picked":"Mark of Pain"}],"items_purged_floors":[12,21],"is_endless":false,"potions_floor_spawned":[4,11,16,18],"killed_by":"Snake Plant","ascension_level":11}