{"gold_per_floor":[114,39,58,58,58,58,83,158,158,175,193,193,250,268,268,369,369,385,385,405,504,519,549,549,575,598,598,615,615,628,658,658,658],"floor_reached":33,"playtime":986,"items_purged":["Defend_R"],"score":536,"play_id":"60c558a3-7810-482e-87b6-64bb99fe11d6","local_time":"20190521101315","is_ascension_mode":true,"campfire_choices":[{"data":"Whirlwind","floor":6.0,"key":"SMITH"},{"data":"Flex","floor":12.0,"key":"SMITH"},{"floor":15.0,"key":"REST"},{"data":"Reaper","floor":27.0,"key":"SMITH"},{"data":"Feed","floor":32.0,"key":"SMITH"}],"neow_cost":"NONE","seed_source_timestamp":0,"circlet_count":0,"master_deck":["Defend_R","Defend_R","Defend_R+1","Bash+1","Whirlwind+1","Flex+1","Feed+1","Reaper+1","Bite","Bite","Bite","Bite","Bite"],"special_seed":0,"relics":["Burning Blood","NeowsBlessing","Self Forming Clay","Tiny Chest","Coffee Dripper","MutagenicStrength","Bag of Marbles","Pantograph","Blood Vial","Molten Egg 2"],"potions_floor_usage":[33,33],"damage_taken":[{"damage":0.0,"enemies":"Jaw Worm","floor":1.0,"turns":1.0},{"damage":0.0,"enemies":"Small Slimes","floor":3.0,"turns":1.0},{"damage":0.0,"enemies":"3 Sentries","floor":7.0,"turns":1.0},{"damage":6.0,"enemies":"Cultist","floor":10.0,"turns":3.0},{"damage":18.0,"enemies":"Blue Slaver","floor":11.0,"turns":3.0},{"damage":37.0,"enemies":"Lagavulin","floor":13.0,"turns":5.0},{"damage":4.0,"enemies":"Large Slime","floor":14.0,"turns":5.0},{"damage":50.0,"enemies":"Hexaghost","floor":16.0,"turns":9.0},{"damage":16.0,"enemies":"Spheric Guardian","floor":18.0,"turns":4.0},{"damage":0.0,"enemies":"2 Thieves","floor":20.0,"turns":1.0},{"damage":22.0,"enemies":"Centurion and Healer","floor":22.0,"turns":6.0},{"damage":10.0,"enemies":"Gremlin Leader","floor":23.0,"turns":4.0},{"damage":54.0,"enemies":"Book of Stabbing","floor":25.0,"turns":5.0},{"damage":0.0,"enemies":"Shelled Parasite and Fungi","floor":28.0,"turns":1.0},{"damage":0.0,"enemies":"Snake Plant","floor":30.0,"turns":1.0},{"damage":0.0,"enemies":"Slavers","floor":31.0,"turns":1.0},{"damage":123,"enemies":"Champ","floor":33,"turns":9}],"seed_played":"1770721571890828113","potions_obtained":[{"floor":1.0,"key":"BloodPotion"},{"floor":3.0,"key":"FearPotion"},{"floor":13.0,"key":"Block Potion"},{"floor":20.0,"key":"FairyPotion"},{"floor":28.0,"key":"Energy Potion"},{"floor":30.0,"key":"Ancient Potion"}],"is_trial":false,"path_per_floor":["M","$","M","?","$","R","E","?","T","M","M","R","E","M","R","B",null,"M","?","M","?","M","E","?","E","T","R","M","?","M","E","R","B"],"character_chosen":"IRONCLAD","items_purchased":[],"campfire_rested":1,"item_purchase_floors":[],"current_hp_per_floor":[78,78,80,64,64,64,70,62,62,62,50,50,27,29,53,9,62,55,55,61,61,48,47,76,28,28,28,36,36,44,52,52,0],"gold":658,"neow_bonus":"THREE_ENEMY_KILL","is_prod":false,"is_daily":false,"chose_seed":false,"campfire_upgraded":4,"win_rate":0,"timestamp":1558422795,"path_taken":["M","$","M","?","$","R","E","?","T","M","?","R","E","M","R","BOSS","M","?","M","?","?","E","?","E","T","R","M","?","M","E","R","BOSS"],"build_version":"2019-01-23","purchased_purges":1,"victory":false,"max_hp_per_floor":[80,80,80,80,80,80,80,80,80,80,80,80,80,80,80,80,80,83,83,83,83,86,89,89,89,89,89,89,62,62,62,62,62],"card_choices":[{"not_picked":["Wild Strike","Havoc"],"picked":"Whirlwind","floor":1.0},{"not_picked":["Cleave","Clothesline","Infernal Blade"],"picked":"SKIP","floor":3.0},{"not_picked":["Heavy Blade","Havoc"],"picked":"Flex","floor":7.0},{"not_picked":["Sword Boomerang","Clothesline","Anger"],"picked":"SKIP","floor":10.0},{"not_picked":["Clash","Iron Wave","Bloodletting"],"picked":"SKIP","floor":11.0},{"not_picked":["Pommel Strike","Armaments","Immolate"],"picked":"SKIP","floor":13.0},{"not_picked":["Shrug It Off","Cleave","Shockwave"],"picked":"SKIP","floor":14.0},{"not_picked":["Brutality","Double Tap"],"picked":"Feed","floor":16.0},{"not_picked":["Heavy Blade","Metallicize","Searing Blow"],"picked":"SKIP","floor":18.0},{"not_picked":["Rampage","Pommel Strike","Perfected Strike"],"picked":"SKIP","floor":20.0},{"not_picked":["Cleave","Fire Breathing+1","Carnage"],"picked":"SKIP","floor":22.0},{"not_picked":["Entrench","Body Slam","Iron Wave"],"picked":"SKIP","floor":23.0},{"not_picked":["Havoc","Clothesline+1"],"picked":"Reaper","floor":25.0},{"not_picked":["Burning Pact","Rampage","Anger"],"picked":"SKIP","floor":28.0},{"not_picked":["Metallicize","Thunderclap","Twin Strike"],"picked":"SKIP","floor":30.0},{"not_picked":["Sever Soul","Flex+1","Twin Strike"],"picked":"SKIP","floor":31.0}],"player_experience":301449,"relics_obtained":[{"floor":7.0,"key":"Self Forming Clay"},{"floor":13.0,"key":"Tiny Chest"},{"floor":23.0,"key":"Bag of Marbles"},{"floor":25.0,"key":"Pantograph"},{"floor":26.0,"key":"Blood Vial"},{"floor":31.0,"key":"Molten Egg 2"}],"event_choices":[{"damage_healed":0.0,"max_hp_gain":0.0,"max_hp_loss":0.0,"gold_gain":0.0,"event_name":"Shining Light","player_choice":"Entered Light","floor":4.0,"gold_loss":0.0,"damage_taken":16.0,"cards_upgraded":["Defend_R","Bash"]},{"damage_healed":0.0,"max_hp_gain":0.0,"max_hp_loss":0.0,"gold_gain":75.0,"event_name":"FaceTrader","player_choice":"Touch","floor":8.0,"gold_loss":0.0,"damage_taken":8.0},{"damage_healed":0.0,"max_hp_gain":0.0,"max_hp_loss":0.0,"gold_gain":0.0,"event_name":"Drug Dealer","player_choice":"Inject Mutagens","floor":19.0,"gold_loss":0.0,"damage_taken":0.0,"relics_obtained":["MutagenicStrength"]},{"damage_healed":0.0,"max_hp_gain":0.0,"max_hp_loss":0.0,"gold_gain":99.0,"event_name":"Nest","player_choice":"Stole From Cult","floor":21.0,"gold_loss":0.0,"damage_taken":0.0},{"damage_healed":29.0,"max_hp_gain":0.0,"max_hp_loss":0.0,"gold_gain":0.0,"event_name":"The Library","player_choice":"Heal","floor":24.0,"gold_loss":0.0,"damage_taken":0.0},{"damage_healed":0.0,"max_hp_gain":0.0,"max_hp_loss":27.0,"gold_gain":0.0,"event_name":"Vampires","player_choice":"Became a vampire","floor":29.0,"gold_loss":0.0,"damage_taken":0.0,"cards_obtained":["Bite","Bite","Bite","Bite","Bite"]}],"is_beta":false,"boss_relics":[{"not_picked":["White Beast Statue","Lizard Tail"],"picked":"Coffee Dripper"}],"items_purged_floors":[2],"is_endless":false,"potions_floor_spawned":[1,3,13,20,28,30],"killed_by":"Champ","ascension_level":8}