{"gold_per_floor":[119,44,119,137,156,182,182,192,269,284,284,295,5,15,15,112,162,174,193,206,106,123,123,139,139,192,192,205,80,80,80,80,178,178,194,209,209,59,71,85,85,85,85,185,237,237,62,62,62,62],"floor_reached":51,"playtime":1979,"items_purged":["Strike_R","Pain","Impatience","Strike_R","Strike_R"],"score":674,"play_id":"f7deeb8b-f160-4358-8973-f7b88080bb3e","local_time":"20181118125831","is_ascension_mode":false,"campfire_choices":[{"data":"Pommel Strike","floor":7,"key":"SMITH"},{"floor":15,"key":"REST"},{"floor":23,"key":"REST"},{"floor":25,"key":"REST"},{"data":"Offering","floor":32,"key":"SMITH"},{"floor":41,"key":"REST"},{"data":"Offering","floor":46,"key":"SMITH"},{"data":"Bash","floor":49,"key":"SMITH"}],"neow_cost":"NONE","seed_source_timestamp":4380839454486,"circlet_count":0,"master_deck":["Strike_R","Strike_R+1","Defend_R","Defend_R","Defend_R","Defend_R","Bash+1","Offering+1","Thunderclap","Pommel Strike+1","Flex","Clash","Dropkick","Flex","Clash","Cleave","Clash","Clash+1","Reaper","Offering+1","Clash","Clash+1"],"relics":["Burning Blood","Unceasing Top","Question Card","Brimstone","Tiny House","Tiny Chest","Dodecahedron","Sozu","Pantograph","Self Forming Clay","Ice Cream","Happy Flower"],"potions_floor_usage":[6,10,14,16,18,33,33],"damage_taken":[{"damage":11,"enemies":"Small Slimes","floor":1,"turns":3},{"damage":6,"enemies":"2 Louse","floor":4,"turns":2},{"damage":0,"enemies":"Cultist","floor":5,"turns":3},{"damage":34,"enemies":"Gremlin Nob","floor":6,"turns":4},{"damage":22,"enemies":"Large Slime","floor":8,"turns":2},{"damage":0,"enemies":"Exordium Wildlife","floor":10,"turns":2},{"damage":8,"enemies":"Blue Slaver","floor":12,"turns":2},{"damage":23,"enemies":"Exordium Thugs","floor":14,"turns":4},{"damage":29,"enemies":"Hexaghost","floor":16,"turns":4},{"damage":37,"enemies":"3 Byrds","floor":18,"turns":4},{"damage":20,"enemies":"Chosen","floor":19,"turns":4},{"damage":28,"enemies":"Snake Plant","floor":20,"turns":2},{"damage":8,"enemies":"Cultist and Chosen","floor":22,"turns":3},{"damage":12,"enemies":"Chosen and Byrds","floor":24,"turns":3},{"damage":12,"enemies":"Shelled Parasite and Fungi","floor":28,"turns":2},{"damage":79,"enemies":"Champ","floor":33,"turns":6},{"damage":12,"enemies":"Orb Walker","floor":35,"turns":2},{"damage":28,"enemies":"3 Shapes","floor":36,"turns":2},{"damage":16,"enemies":"Maw","floor":39,"turns":4},{"damage":12,"enemies":"Jaw Worm Horde","floor":40,"turns":1},{"damage":12,"enemies":"Mind Bloom Boss Battle","floor":44,"turns":2},{"damage":50,"enemies":"Time Eater","floor":50,"turns":4}],"seed_played":"-1915202171171512577","potions_obtained":[{"floor":4,"key":"GamblersBrew"},{"floor":5,"key":"FearPotion"},{"floor":8,"key":"AttackPotion"},{"floor":12,"key":"AttackPotion"},{"floor":16,"key":"AttackPotion"},{"floor":17,"key":"FairyPotion"},{"floor":20,"key":"LiquidBronze"},{"floor":22,"key":"Dexterity Potion"},{"floor":24,"key":"AttackPotion"},{"floor":28,"key":"SteroidPotion"}],"is_trial":false,"path_per_floor":["M","$","?","M","M","E","R","M","T","M","?","M","$","M","R","B",null,"M","M","M","$","M","R","M","R","T","T","M","$","?","$","R","B",null,"M","M","?","$","M","M","R","T","T","?","T","R","$","?","R","B",null],"character_chosen":"IRONCLAD","items_purchased":["Dropkick","Brimstone","Flex"],"campfire_rested":4,"item_purchase_floors":[13,13,13],"current_hp_per_floor":[75,75,64,64,70,42,42,26,26,32,32,30,30,13,37,14,85,54,40,18,18,16,41,35,60,60,60,54,54,54,54,54,14,85,85,63,63,63,66,60,85,85,85,79,79,79,79,79,79,59],"gold":62,"neow_bonus":"ONE_RANDOM_RARE_CARD","is_prod":false,"is_daily":false,"chose_seed":false,"campfire_upgraded":4,"win_rate":0,"timestamp":1542538711,"path_taken":["M","$","?","M","M","E","R","M","T","M","?","M","$","M","R","BOSS","M","M","M","$","M","R","M","R","T","?","M","$","?","?","R","BOSS","M","M","?","$","M","M","R","?","T","?","?","R","$","?","R","BOSS"],"build_version":"2018-11-15","purchased_purges":5,"victory":true,"max_hp_per_floor":[80,80,80,80,80,80,80,80,80,80,80,80,80,80,80,80,85,85,85,85,85,85,85,85,85,85,85,85,85,85,85,85,85,85,85,85,85,85,85,85,85,85,85,85,85,85,85,85,85,85],"card_choices":[{"not_picked":["Warcry","Armaments"],"picked":"Thunderclap","floor":1},{"not_picked":["Armaments","Rampage"],"picked":"Pommel Strike","floor":4},{"not_picked":["Warcry","Clothesline","Twin Strike"],"picked":"SKIP","floor":5},{"not_picked":["Clothesline","Twin Strike","Iron Wave"],"picked":"SKIP","floor":6},{"not_picked":["Havoc","Hemokinesis"],"picked":"Flex","floor":8},{"not_picked":["Sword Boomerang","Iron Wave","Reckless Charge"],"picked":"Clash","floor":10},{"not_picked":["Carnage","Exhume","Perfected Strike","Shrug It Off"],"picked":"SKIP","floor":12},{"not_picked":["Iron Wave","Shrug It Off","Body Slam"],"picked":"Clash","floor":14},{"not_picked":["Wild Strike","Clothesline","Fire Breathing","Dual Wield+1"],"picked":"SKIP","floor":18},{"not_picked":["Thunderclap+1","Flex","Shockwave"],"picked":"Cleave","floor":19},{"not_picked":["Perfected Strike+1","Burning Pact","Uppercut"],"picked":"Clash","floor":20},{"not_picked":["Clothesline","Pommel Strike","Wild Strike"],"picked":"Clash+1","floor":22},{"not_picked":["Cleave","Second Wind+1","Headbutt+1","Pommel Strike+1"],"picked":"SKIP","floor":24},{"not_picked":["Perfected Strike","Warcry","Thunderclap","Rage+1"],"picked":"SKIP","floor":28},{"not_picked":["Berserk","Immolate","Impervious"],"picked":"Offering","floor":33},{"not_picked":["Cleave","Evolve+1","Sentinel+1"],"picked":"Clash","floor":35},{"not_picked":["Iron Wave+1","Power Through+1","Armaments","Clothesline"],"picked":"SKIP","floor":36},{"not_picked":["Entrench+1","True Grit","Perfected Strike","Thunderclap"],"picked":"SKIP","floor":39},{"not_picked":["Dropkick+1","Heavy Blade+1","Shockwave+1","Warcry"],"picked":"SKIP","floor":40},{"not_picked":["Twin Strike+1","Sword Boomerang+1","Cleave"],"picked":"Clash+1","floor":44}],"player_experience":249426,"relics_obtained":[{"floor":6,"key":"Unceasing Top"},{"floor":9,"key":"Question Card"},{"floor":26,"key":"Tiny Chest"},{"floor":27,"key":"Dodecahedron"},{"floor":42,"key":"Pantograph"},{"floor":43,"key":"Self Forming Clay"},{"floor":44,"key":"Ice Cream"},{"floor":45,"key":"Happy Flower"}],"event_choices":[{"damage_healed":0,"gold_gain":75,"player_choice":"Gather Gold","damage_taken":11,"max_hp_gain":0,"max_hp_loss":0,"event_name":"World of Goop","floor":3,"gold_loss":0},{"damage_healed":0,"gold_gain":0,"player_choice":"2 cards matched","damage_taken":0,"max_hp_gain":0,"max_hp_loss":0,"event_name":"Match and Keep!","floor":11,"gold_loss":0,"cards_obtained":["Impatience","Pain"]},{"damage_healed":0,"gold_gain":0,"player_choice":"Read","damage_taken":0,"max_hp_gain":0,"max_hp_loss":0,"event_name":"The Library","floor":30,"gold_loss":0,"cards_obtained":["Reaper"]},{"damage_healed":0,"gold_gain":0,"player_choice":"Ignored","damage_taken":0,"max_hp_gain":0,"max_hp_loss":0,"event_name":"Tomb of Lord Red Mask","floor":37,"gold_loss":0},{"damage_healed":0,"gold_gain":0,"player_choice":"Fight","damage_taken":0,"max_hp_gain":0,"max_hp_loss":0,"event_name":"MindBloom","floor":44,"gold_loss":0},{"damage_healed":0,"gold_gain":0,"player_choice":"Ignored","damage_taken":0,"max_hp_gain":0,"max_hp_loss":0,"event_name":"Mysterious Sphere","floor":48,"gold_loss":0}],"is_beta":false,"boss_relics":[{"not_picked":["Velvet Choker","Eternal Feather"],"picked":"Tiny House"},{"not_picked":["Orrery","Philosopher\u0027s Stone"],"picked":"Sozu"}],"items_purged_floors":[2,21,29,38,47],"is_endless":false,"potions_floor_spawned":[4,5,8,12,16,20,22,24,28,39],"ascension_level":0}