{"gold_per_floor":[114,114,129,129,144,144,159,174,174,27,27,57,87,102,102,202,202,217,232,247,2,17,17,32,32],"floor_reached":25,"playtime":1258,"items_purged":[],"score":257,"play_id":"09c35ed7-ca32-462b-8561-fc7a6fd2cea7","local_time":"20190601162022","daily_mods":["Specialized","Blue Cards","Binary"],"is_ascension_mode":false,"campfire_choices":[{"floor":6,"key":"REST"},{"floor":11,"key":"REST"},{"floor":15,"key":"REST"},{"floor":23,"key":"REST"}],"neow_cost":"","seed_source_timestamp":9562445951104,"circlet_count":0,"master_deck":["Defend_G","Defend_G","Defend_G","Defend_G","Defend_G","Strike_G","Strike_G","Strike_G","Strike_G","Survivor","Neutralize","Redo","Redo+1","Redo","Redo+1","Redo","Ball Lightning","Loop","Ball Lightning","Tactician","Beam Cell","Sunder","Blizzard","Undo","Deadly Poison","Electrodynamics","Double Energy","Gash","Deadly Poison","Accuracy","Malaise","Skewer+1","FTL","Fusion","Steam","Stack","Chill"],"special_seed":18048,"relics":["Ring of the Snake","Mercury Hourglass","Anchor","Tiny Chest","Orrery","Toy Ornithopter"],"potions_floor_usage":[12,16,25,25],"damage_taken":[{"damage":12,"enemies":"Small Slimes","floor":1,"turns":6},{"damage":4,"enemies":"Cultist","floor":3,"turns":4},{"damage":1,"enemies":"Jaw Worm","floor":5,"turns":3},{"damage":6,"enemies":"Exordium Wildlife","floor":7,"turns":2},{"damage":11,"enemies":"Exordium Thugs","floor":8,"turns":4},{"damage":18,"enemies":"3 Sentries","floor":12,"turns":5},{"damage":0,"enemies":"2 Fungi Beasts","floor":14,"turns":2},{"damage":49,"enemies":"Hexaghost","floor":16,"turns":9},{"damage":0,"enemies":"Chosen","floor":18,"turns":5},{"damage":10,"enemies":"2 Thieves","floor":19,"turns":3},{"damage":15,"enemies":"Cultist and Chosen","floor":20,"turns":5},{"damage":44,"enemies":"Sentry and Sphere","floor":22,"turns":6},{"damage":18,"enemies":"Snake Plant","floor":24,"turns":3},{"damage":19,"enemies":"Snecko","floor":25,"turns":4}],"seed_played":"2544151343285503633","potions_obtained":[{"floor":5,"key":"Ancient Potion"},{"floor":8,"key":"EssenceOfSteel"},{"floor":14,"key":"AttackPotion"},{"floor":24,"key":"LiquidBronze"}],"is_trial":false,"path_per_floor":["M","?","M","?","M","R","M","M","T","$","R","E","T","M","R","B",null,"M","M","M","$","M","R","M","M"],"character_chosen":"THE_SILENT","items_purchased":["Sunder","Blizzard","Toy Ornithopter","Steam"],"campfire_rested":4,"item_purchase_floors":[10,10,21,21],"current_hp_per_floor":[58,58,54,40,39,60,54,43,43,43,64,46,46,46,67,18,70,70,60,45,45,1,22,4,0],"gold":32,"neow_bonus":"","is_prod":false,"is_daily":true,"chose_seed":false,"campfire_upgraded":0,"win_rate":0,"timestamp":1559427622,"path_taken":["M","?","?","?","M","R","M","M","T","$","R","E","?","?","R","BOSS","M","M","M","$","M","R","M","M"],"build_version":"2019-01-23","purchased_purges":0,"victory":false,"max_hp_per_floor":[70,70,70,70,70,70,70,70,70,70,70,70,70,70,70,70,70,70,70,70,70,70,70,70,70],"card_choices":[{"not_picked":["Noxious Fumes"],"picked":"Ball Lightning","floor":1},{"not_picked":["Dagger Spray"],"picked":"Loop","floor":3},{"not_picked":["Heel Hook"],"picked":"Ball Lightning","floor":5},{"not_picked":["Rebound"],"picked":"Tactician","floor":7},{"not_picked":["Deflect"],"picked":"Beam Cell","floor":8},{"not_picked":["Prepared"],"picked":"Undo","floor":12},{"not_picked":["Outmaneuver"],"picked":"Deadly Poison","floor":14},{"not_picked":["All For One"],"picked":"Electrodynamics","floor":16},{"not_picked":["Dodge and Roll"],"picked":"Double Energy","floor":17},{"not_picked":["Turbo"],"picked":"Gash","floor":17},{"not_picked":["Flying Knee"],"picked":"Deadly Poison","floor":17},{"not_picked":["Setup"],"picked":"Accuracy","floor":17},{"not_picked":["Scrape"],"picked":"Malaise","floor":17},{"not_picked":["Rebound+1"],"picked":"Skewer+1","floor":18},{"not_picked":["Dagger Spray"],"picked":"FTL","floor":19},{"not_picked":["Expertise"],"picked":"Fusion","floor":20},{"not_picked":["Rebound"],"picked":"Stack","floor":22},{"not_picked":["Terror"],"picked":"Chill","floor":24}],"player_experience":142518,"relics_obtained":[{"floor":9,"key":"Mercury Hourglass"},{"floor":12,"key":"Anchor"},{"floor":13,"key":"Tiny Chest"}],"event_choices":[{"cards_removed":["Strike_G"],"damage_healed":0,"gold_gain":0,"player_choice":"Offered Basic","damage_taken":0,"max_hp_gain":0,"max_hp_loss":0,"event_name":"Bonfire Elementals","floor":2,"gold_loss":0},{"damage_healed":0,"gold_gain":0,"player_choice":"Entered Light","damage_taken":14,"max_hp_gain":0,"max_hp_loss":0,"event_name":"Shining Light","floor":4,"gold_loss":0,"cards_upgraded":["Redo","Redo"]}],"is_beta":false,"boss_relics":[{"not_picked":["Eternal Feather","Empty Cage"],"picked":"Orrery"}],"items_purged_floors":[],"is_endless":false,"potions_floor_spawned":[5,8,14,24],"killed_by":"Snecko","ascension_level":0}