{"gold_per_floor":[359,36,36,36,36,64,64,64,64,97,114,132,146,178,178,274,274,292,309,319,4,24,24,24],"floor_reached":24,"playtime":1550,"items_purged":[],"score":216,"play_id":"8b8a3714-f27d-4052-8dac-cdab81484b56","local_time":"20190528194643","is_ascension_mode":false,"campfire_choices":[{"floor":7,"key":"REST"},{"floor":15,"key":"REST"},{"floor":23,"key":"REST"}],"neow_cost":"TEN_PERCENT_HP_LOSS","seed_source_timestamp":6365200184422,"circlet_count":0,"master_deck":["Strike_R","Strike_R","Strike_R","Strike_R","Strike_R","Defend_R","Defend_R","Defend_R","Defend_R","Bash","Rupture","Armaments","Regret","Clothesline","Demon Form","Carnage","Armaments","Sentinel","Pommel Strike","Exhume","True Grit+1","Rage","Armaments","Rage","Heavy Blade+1"],"relics":["Burning Blood","Boot","Vajra","Self Forming Clay","Oddly Smooth Stone","SsserpentHead","Bottled Flame","Red Skull","Frozen Egg 2","Black Star","Sling"],"potions_floor_usage":[10,14,16,16,22,24],"damage_taken":[{"damage":4,"enemies":"2 Louse","floor":1,"turns":3},{"damage":32,"enemies":"Gremlin Nob","floor":6,"turns":5},{"damage":23,"enemies":"Lagavulin","floor":10,"turns":7},{"damage":11,"enemies":"Small Slimes","floor":11,"turns":4},{"damage":0,"enemies":"Cultist","floor":12,"turns":3},{"damage":3,"enemies":"3 Louse","floor":13,"turns":4},{"damage":23,"enemies":"Gremlin Nob","floor":14,"turns":4},{"damage":28,"enemies":"The Guardian","floor":16,"turns":10},{"damage":24,"enemies":"Chosen","floor":18,"turns":7},{"damage":22,"enemies":"Shell Parasite","floor":19,"turns":7},{"damage":24,"enemies":"Snake Plant","floor":20,"turns":6},{"damage":20,"enemies":"Snecko","floor":22,"turns":6},{"damage":52,"enemies":"Gremlin Leader","floor":24,"turns":5}],"seed_played":"4197688576508304316","potions_obtained":[{"floor":1,"key":"LiquidBronze"},{"floor":12,"key":"PowerPotion"},{"floor":13,"key":"PowerPotion"},{"floor":16,"key":"Fruit Juice"},{"floor":22,"key":"Explosive Potion"}],"is_trial":false,"path_per_floor":["M","$","?","?","?","E","R","?","T","E","M","M","M","E","R","B",null,"M","M","M","$","M","R","E"],"character_chosen":"IRONCLAD","items_purchased":["Boot","Vajra","Armaments","Regen Potion","Sling","Rage"],"campfire_rested":3,"item_purchase_floors":[2,2,2,21,21,21],"current_hp_per_floor":[72,72,72,72,72,46,67,67,67,50,45,51,54,37,58,41,77,59,43,25,25,25,48,0],"gold":24,"neow_bonus":"TWO_FIFTY_GOLD","is_prod":false,"is_daily":false,"chose_seed":false,"campfire_upgraded":0,"win_rate":0.0,"timestamp":1559094403,"path_taken":["M","$","?","?","?","E","R","?","T","E","M","M","M","E","R","BOSS","M","M","M","$","M","R","E"],"build_version":"2019-01-23","purchased_purges":0,"victory":false,"max_hp_per_floor":[72,72,72,72,72,72,72,72,72,72,72,72,72,72,72,77,77,77,77,77,77,77,77,77],"card_choices":[{"not_picked":["Havoc","Clash"],"picked":"Rupture","floor":1},{"not_picked":["Havoc","Burning Pact"],"picked":"Clothesline","floor":6},{"not_picked":["Anger","Exhume"],"picked":"Demon Form","floor":10},{"not_picked":["Wild Strike","Clothesline"],"picked":"Carnage","floor":11},{"not_picked":["Feel No Pain","Dropkick"],"picked":"Armaments","floor":12},{"not_picked":["True Grit","Reckless Charge"],"picked":"Sentinel","floor":13},{"not_picked":["Havoc","Disarm"],"picked":"Pommel Strike","floor":14},{"not_picked":["Reaper","Brutality+1"],"picked":"Exhume","floor":16},{"not_picked":["Warcry","Clothesline"],"picked":"True Grit+1","floor":18},{"not_picked":["Shockwave","Brutality+1"],"picked":"Rage","floor":19},{"not_picked":["Flex","Twin Strike"],"picked":"Armaments","floor":20},{"not_picked":["Combust+1","Battle Trance+1"],"picked":"Heavy Blade+1","floor":22}],"player_experience":92370,"relics_obtained":[{"floor":6,"key":"Oddly Smooth Stone"},{"floor":9,"key":"Bottled Flame"},{"floor":10,"key":"Red Skull"},{"floor":14,"key":"Frozen Egg 2"}],"event_choices":[{"damage_healed":0,"gold_gain":0,"player_choice":"Leave","damage_taken":0,"max_hp_gain":0,"max_hp_loss":0,"event_name":"The Cleric","floor":3,"gold_loss":0},{"damage_healed":0,"gold_gain":0,"player_choice":"Ignored","damage_taken":0,"max_hp_gain":0,"max_hp_loss":0,"event_name":"Golden Wing","floor":4,"gold_loss":0},{"damage_healed":0,"gold_gain":0,"player_choice":"Box","damage_taken":0,"relics_obtained":["Self Forming Clay"],"max_hp_gain":0,"max_hp_loss":0,"event_name":"Big Fish","floor":5,"gold_loss":0,"cards_obtained":["Regret"]},{"damage_healed":0,"gold_gain":0,"player_choice":"Trade","damage_taken":0,"relics_obtained":["SsserpentHead"],"max_hp_gain":0,"max_hp_loss":0,"event_name":"FaceTrader","floor":8,"gold_loss":0}],"is_beta":false,"boss_relics":[{"not_picked":["Snecko Eye","Eternal Feather"],"picked":"Black Star"}],"items_purged_floors":[],"is_endless":false,"potions_floor_spawned":[1,12,13,16,22],"killed_by":"Gremlin Leader","ascension_level":0}