{"gold_per_floor":[20,20,31,44,54,54,85,85,85,85,85,85,105,118,118,246,246,266,266,291,145,145],"floor_reached":22,"playtime":795,"items_purged":["Strike_B"],"score":186,"play_id":"36df2016-6230-43c7-aa02-a335d1cd44dc","local_time":"20180919134127","is_ascension_mode":false,"campfire_choices":[{"data":"Meteor Strike","floor":6.0,"key":"SMITH"},{"floor":8.0,"key":"REST"},{"floor":15.0,"key":"REST"}],"neow_cost":"NO_GOLD","seed_source_timestamp":249860597822,"circlet_count":0,"master_deck":["Strike_B","Defend_B","Defend_B","Defend_B","Defend_B","Zap","Dualcast","Fission","Conserve Battery","Turbo","Meteor Strike+1","Capacitor","Double Energy","Compile Driver","Barrage","Sunder","Skim"],"special_seed":0,"relics":["Cracked Core","Bronze Scales","Bottled Tornado","Golden Idol","Velvet Choker"],"potions_floor_usage":[],"damage_taken":[{"damage":4.0,"enemies":"2 Louse","floor":1.0,"turns":3.0},{"damage":0.0,"enemies":"Cultist","floor":3.0,"turns":4.0},{"damage":6.0,"enemies":"Jaw Worm","floor":4.0,"turns":2.0},{"damage":13.0,"enemies":"Red Slaver","floor":5.0,"turns":3.0},{"damage":21.0,"enemies":"Lagavulin","floor":7.0,"turns":5.0},{"damage":0.0,"enemies":"Lots of Slimes","floor":13.0,"turns":1.0},{"damage":25.0,"enemies":"3 Louse","floor":14.0,"turns":4.0},{"damage":38.0,"enemies":"Slime Boss","floor":16.0,"turns":8.0},{"damage":41.0,"enemies":"Shell Parasite","floor":18.0,"turns":6.0},{"damage":13.0,"enemies":"3 Byrds","floor":20.0,"turns":3.0},{"damage":15,"enemies":"Colosseum Slavers","floor":22,"turns":2}],"seed_played":"-5648637337237540485","potions_obtained":[{"floor":3.0,"key":"Explosive Potion"},{"floor":4.0,"key":"Fire Potion"},{"floor":14.0,"key":"Ancient Potion"},{"floor":16.0,"key":"Ancient Potion"},{"floor":18.0,"key":"Explosive Potion"}],"is_trial":false,"path_per_floor":["M","?","M","M","M","R","E","R","T","?","?","?","M","M","R","B",null,"M","?","M","$"],"character_chosen":"DEFECT","items_purchased":["Skim"],"campfire_rested":2,"item_purchase_floors":[21],"current_hp_per_floor":[71,71,71,65,52,52,31,53,53,53,46,46,46,21,41,3,69,28,28,15,15,0],"gold":145,"neow_bonus":"THREE_RARE_CARDS","is_prod":false,"is_daily":false,"chose_seed":false,"campfire_upgraded":1,"win_rate":0,"timestamp":1537353687,"path_taken":["M","?","?","?","M","R","E","R","T","?","?","?","?","M","R","BOSS","M","?","M","$","?"],"build_version":"2018-09-06","purchased_purges":1,"victory":false,"max_hp_per_floor":[75,75,75,75,75,75,75,75,75,75,75,69,69,69,69,69,69,69,69,69,69,69],"card_choices":[{"not_picked":["Electrodynamics","Amplify"],"picked":"Fission","floor":0.0},{"not_picked":["Cold Snap","Reinforced Body"],"picked":"Conserve Battery","floor":1.0},{"not_picked":["Streamline","Recycle"],"picked":"Turbo","floor":3.0},{"not_picked":["Redo","Storm"],"picked":"Meteor Strike","floor":4.0},{"not_picked":["Conserve Battery","Sweeping Beam"],"picked":"Capacitor","floor":5.0},{"not_picked":["Barrage","FTL"],"picked":"Double Energy","floor":7.0},{"not_picked":["Conserve Battery","Reprogram","Chaos"],"picked":"SKIP","floor":13.0},{"not_picked":["Go for the Eyes","Steam"],"picked":"Compile Driver","floor":14.0},{"not_picked":["Storm","Leap"],"picked":"Barrage","floor":18.0},{"not_picked":["Fusion","Ball Lightning+1"],"picked":"Sunder","floor":20.0}],"player_experience":230408,"relics_obtained":[{"floor":7.0,"key":"Bronze Scales"},{"floor":9.0,"key":"Bottled Tornado"}],"event_choices":[{"event_name":"Purifier","player_choice":"One Purge","floor":2.0,"damage_taken":0.0},{"event_name":"Liars Game","player_choice":"disagreed","floor":10.0,"damage_taken":0.0},{"event_name":"Golden Wing","player_choice":"Card Removal","floor":11.0,"damage_taken":0.0},{"event_name":"Golden Idol","player_choice":"Lose Max HP","floor":12.0,"damage_taken":0.0},{"event_name":"Vampires","player_choice":"Ignored","floor":19.0,"damage_taken":0.0},{"event_name":"Colosseum","player_choice":"Fight","floor":22,"damage_taken":0}],"is_beta":false,"boss_relics":[{"not_picked":["Tiny House","Runic Pyramid"],"picked":"Velvet Choker"}],"items_purged_floors":[21],"is_endless":false,"potions_floor_spawned":[3,4,14,16,18],"killed_by":"Colosseum Slavers","ascension_level":0}