{"gold_per_floor":[119,119,44,56,56,56,70,86,86,86,104,104,131,142,142,247,247,247],"floor_reached":18,"playtime":567,"items_purged":["Strike_R"],"score":243,"play_id":"bc8e14ac-2624-4f57-9e43-79f6cfd28991","local_time":"20190522132104","is_ascension_mode":true,"campfire_choices":[{"data":"Bash","floor":6,"key":"SMITH"},{"data":"Inflame","floor":10,"key":"SMITH"},{"floor":15,"key":"REST"}],"neow_cost":"NONE","seed_source_timestamp":228214900849588,"circlet_count":0,"master_deck":["AscendersBane","Strike_R","Strike_R","Strike_R","Strike_R","Defend_R","Defend_R","Defend_R","Defend_R","Bash+1","Inflame+1","Whirlwind","Barricade","Shame","Decay","Doubt"],"relics":["Burning Blood","NeowsBlessing","Sundial","Oddly Smooth Stone","Torii","Calling Bell","Bag of Preparation","Matryoshka","Charon\u0027s Ashes"],"potions_floor_usage":[13,18],"damage_taken":[{"damage":0,"enemies":"Jaw Worm","floor":1,"turns":1},{"damage":0,"enemies":"2 Louse","floor":4,"turns":1},{"damage":0,"enemies":"Cultist","floor":7,"turns":1},{"damage":16,"enemies":"Blue Slaver","floor":8,"turns":3},{"damage":22,"enemies":"Exordium Wildlife","floor":11,"turns":7},{"damage":28,"enemies":"Gremlin Nob","floor":13,"turns":4},{"damage":18,"enemies":"Exordium Thugs","floor":14,"turns":5},{"damage":34,"enemies":"The Guardian","floor":16,"turns":12},{"damage":92,"enemies":"Shell Parasite","floor":18,"turns":6}],"seed_played":"-7370585803100539908","potions_obtained":[{"floor":4,"key":"Swift Potion"},{"floor":8,"key":"Strength Potion"},{"floor":11,"key":"Regen Potion"},{"floor":14,"key":"PowerPotion"}],"is_trial":false,"path_per_floor":["M","?","$","M","?","R","M","M","T","R","M","?","E","M","R","B",null,"M"],"character_chosen":"IRONCLAD","items_purchased":[],"campfire_rested":1,"item_purchase_floors":[],"current_hp_per_floor":[78,75,75,80,80,80,80,70,70,70,54,80,58,46,70,42,71,0],"gold":247,"neow_bonus":"THREE_ENEMY_KILL","is_prod":false,"is_daily":false,"chose_seed":false,"campfire_upgraded":2,"win_rate":0,"timestamp":1558520464,"path_taken":["M","?","$","M","?","R","M","?","T","R","M","?","E","M","R","BOSS","M"],"build_version":"2019-01-23","purchased_purges":1,"victory":false,"max_hp_per_floor":[80,80,80,80,80,80,80,80,80,80,80,80,80,80,80,80,80,80],"card_choices":[{"not_picked":["Thunderclap","Metallicize","Pommel Strike"],"picked":"SKIP","floor":1},{"not_picked":["Entrench","Uppercut","Havoc"],"picked":"SKIP","floor":4},{"not_picked":["Entrench","Sever Soul"],"picked":"Inflame","floor":7},{"not_picked":["Feel No Pain","Heavy Blade","Rupture"],"picked":"SKIP","floor":8},{"not_picked":["Disarm","Heavy Blade","Twin Strike"],"picked":"SKIP","floor":11},{"not_picked":["Sentinel","Burning Pact","Ghostly Armor"],"picked":"SKIP","floor":13},{"not_picked":["Armaments","Metallicize"],"picked":"Whirlwind","floor":14},{"not_picked":["Juggernaut","Reaper"],"picked":"Barricade","floor":16}],"player_experience":308601,"relics_obtained":[{"floor":9,"key":"Oddly Smooth Stone"},{"floor":13,"key":"Torii"},{"floor":17,"key":"Bag of Preparation"},{"floor":17,"key":"Matryoshka"},{"floor":17,"key":"Charon\u0027s Ashes"}],"event_choices":[{"damage_healed":0,"gold_gain":0,"player_choice":"Success","damage_taken":3,"relics_obtained":["Sundial"],"max_hp_gain":0,"max_hp_loss":0,"event_name":"Scrap Ooze","floor":2,"gold_loss":0},{"damage_healed":0,"gold_gain":0,"player_choice":"0 cards matched","damage_taken":0,"max_hp_gain":0,"max_hp_loss":0,"event_name":"Match and Keep!","floor":5,"gold_loss":0,"cards_obtained":[]},{"damage_healed":26,"gold_gain":0,"player_choice":"Banana","damage_taken":0,"max_hp_gain":0,"max_hp_loss":0,"event_name":"Big Fish","floor":12,"gold_loss":0}],"is_beta":false,"boss_relics":[{"not_picked":["Astrolabe","Lizard Tail"],"picked":"Calling Bell"}],"items_purged_floors":[3],"is_endless":false,"potions_floor_spawned":[4,8,11,14],"killed_by":"Shell Parasite","ascension_level":10}