{"gold_per_floor":[112,125,197,5,5,18,18,28,52,52,70,84,98,110,110,208,208,228,238,253,8,0,0,0,14,39,54,154,169,169,0,0,95,95,114,124,224,236,249,249,2,2,71,138,188],"floor_reached":45,"playtime":3913,"items_purged":[],"score":438,"play_id":"66c2a223-1073-489d-8909-5df68f15b1f0","local_time":"20190518193550","is_ascension_mode":false,"campfire_choices":[{"data":"Ball Lightning","floor":7,"key":"SMITH"},{"data":"Defragment","floor":10,"key":"SMITH"},{"floor":15,"key":"REST"},{"floor":23,"key":"REST"},{"floor":30,"key":"REST"},{"floor":32,"key":"REST"},{"floor":40,"key":"REST"}],"neow_cost":"NONE","seed_source_timestamp":130481240916144,"circlet_count":0,"master_deck":["Strike_B","Strike_B","Defend_B","Defend_B","Defend_B","Zap+1","Dualcast+1","Melter","Auto Shields+1","Ball Lightning+1","Defragment+1","Hologram","BootSequence","Steam","Streamline","Creative AI","Storm+1","Glacier+1","Thunder Strike+1","Glacier+1","Barrage+1","Barrage","Ball Lightning","Cleave+1","Steam+1","Redo+1","Stack+1","Coolheaded","Genetic Algorithm","Reboot","Dodge and Roll+1","Lockon+1","Quick Slash+1","Mind Blast","Machine Learning","Flame Barrier+1","Recycle","Parasite","White Noise"],"relics":["Cracked Core","HandDrill","Oddly Smooth Stone","Astrolabe","PrismaticShard","Dream Catcher","Bag of Preparation","Bronze Scales","Black Star","StoneCalendar","Frozen Eye","SsserpentHead","Letter Opener"],"potions_floor_usage":[20,27,33,38,38,38,45],"damage_taken":[{"damage":0,"enemies":"Small Slimes","floor":1,"turns":3},{"damage":1,"enemies":"Jaw Worm","floor":2,"turns":4},{"damage":0,"enemies":"Cultist","floor":6,"turns":3},{"damage":5,"enemies":"Looter","floor":8,"turns":2},{"damage":2,"enemies":"Exordium Thugs","floor":11,"turns":4},{"damage":0,"enemies":"3 Louse","floor":12,"turns":3},{"damage":2,"enemies":"Red Slaver","floor":13,"turns":3},{"damage":5,"enemies":"Gremlin Gang","floor":14,"turns":5},{"damage":23,"enemies":"Slime Boss","floor":16,"turns":9},{"damage":12,"enemies":"Shell Parasite","floor":18,"turns":5},{"damage":9,"enemies":"Spheric Guardian","floor":19,"turns":4},{"damage":25,"enemies":"3 Cultists","floor":20,"turns":6},{"damage":2,"enemies":"Snake Plant","floor":25,"turns":5},{"damage":2,"enemies":"Centurion and Healer","floor":27,"turns":8},{"damage":23,"enemies":"Shelled Parasite and Fungi","floor":29,"turns":8},{"damage":19,"enemies":"Automaton","floor":33,"turns":14},{"damage":9,"enemies":"3 Darklings","floor":35,"turns":7},{"damage":5,"enemies":"3 Shapes","floor":36,"turns":4},{"damage":14,"enemies":"Mind Bloom Boss Battle","floor":37,"turns":7},{"damage":35,"enemies":"Spire Growth","floor":38,"turns":6},{"damage":11,"enemies":"4 Shapes","floor":39,"turns":4},{"damage":9,"enemies":"Writhing Mass","floor":44,"turns":6},{"damage":15,"enemies":"Transient","floor":45,"turns":3}],"seed_played":"-657254632104223957","potions_obtained":[{"floor":11,"key":"SkillPotion"},{"floor":13,"key":"Fire Potion"},{"floor":25,"key":"SkillPotion"},{"floor":27,"key":"Fire Potion"},{"floor":29,"key":"Swift Potion"},{"floor":33,"key":"Swift Potion"},{"floor":35,"key":"FearPotion"},{"floor":39,"key":"AttackPotion"}],"is_trial":false,"path_per_floor":["M","M","?","$","?","M","R","M","T","R","M","M","M","M","R","B",null,"M","M","M","$","?","R","?","M","T","M","?","M","R","$","R","B",null,"M","M","?","M","M","R","$","?","T","M","M"],"character_chosen":"DEFECT","items_purchased":["HandDrill","PrismaticShard","Ball Lightning","Bronze Scales","Coolheaded","Frozen Eye","Recycle"],"campfire_rested":5,"item_purchase_floors":[4,21,21,31,31,41,41],"current_hp_per_floor":[75,74,74,74,59,59,59,54,54,54,52,52,50,45,67,44,75,63,54,29,29,29,51,51,49,49,47,47,24,46,46,68,49,75,66,61,47,12,1,23,23,23,23,14,0],"gold":188,"neow_bonus":"UPGRADE_CARD","is_prod":false,"is_daily":false,"chose_seed":false,"campfire_upgraded":2,"win_rate":0.0,"timestamp":1558229750,"path_taken":["M","M","?","$","?","M","R","M","T","R","M","M","M","M","R","BOSS","M","M","M","$","?","R","?","?","T","M","?","M","R","$","R","BOSS","M","M","?","M","M","R","$","?","T","?","?"],"build_version":"2019-01-23","purchased_purges":0,"victory":false,"max_hp_per_floor":[75,75,75,75,75,75,75,75,75,75,75,75,75,75,75,75,75,75,75,75,75,75,75,75,75,75,75,75,75,75,75,75,75,75,75,75,75,75,75,75,75,75,75,75,75],"card_choices":[{"not_picked":["Coolheaded","Aggregate"],"picked":"Melter","floor":1},{"not_picked":["Coolheaded","Consume"],"picked":"Auto Shields","floor":2},{"not_picked":["Skim","Steam"],"picked":"Ball Lightning","floor":6},{"not_picked":["Melter","Streamline"],"picked":"Defragment","floor":8},{"not_picked":["Electrodynamics","Reinforced Body"],"picked":"Hologram","floor":11},{"not_picked":["Sweeping Beam","FTL"],"picked":"BootSequence","floor":12},{"not_picked":["Aggregate","Heatsinks"],"picked":"Steam","floor":13},{"not_picked":["Redo","Leap"],"picked":"Streamline","floor":14},{"not_picked":["Electrodynamics","Amplify"],"picked":"Creative AI","floor":16},{"not_picked":["Double Energy","Beam Cell"],"picked":"Glacier+1","floor":18},{"not_picked":["Beam Cell","Defragment+1"],"picked":"Barrage+1","floor":19},{"not_picked":["Conserve Battery","Consume"],"picked":"Barrage","floor":20},{"not_picked":["Perfected Strike","Force Field"],"picked":"Cleave+1","floor":25},{"not_picked":["Barrage","Sucker Punch+1"],"picked":"Steam+1","floor":27},{"not_picked":["Gash","Burning Pact+1"],"picked":"Redo+1","floor":29},{"not_picked":["Poisoned Stab","Skim+1"],"picked":"Stack+1","floor":30},{"not_picked":["Beam Cell","Clash+1"],"picked":"Genetic Algorithm","floor":32},{"not_picked":["Creative AI","HandOfGreed"],"picked":"Reboot","floor":33},{"not_picked":["Backflip+1","Slice+1"],"picked":"Dodge and Roll+1","floor":35},{"not_picked":["Slice+1","Conserve Battery+1"],"picked":"Lockon+1","floor":36},{"not_picked":["Turbo","Hemokinesis"],"picked":"Quick Slash+1","floor":37},{"not_picked":["Hologram","Riddle With Holes"],"picked":"Mind Blast","floor":38},{"not_picked":["Thunderclap","PanicButton"],"picked":"Machine Learning","floor":39},{"not_picked":["Doom and Gloom","Headbutt+1"],"picked":"Flame Barrier+1","floor":40},{"not_picked":["Fire Breathing","Blade Dance+1"],"picked":"White Noise","floor":44}],"player_experience":34951,"relics_obtained":[{"floor":9,"key":"Oddly Smooth Stone"},{"floor":26,"key":"Bag of Preparation"},{"floor":37,"key":"StoneCalendar"},{"floor":43,"key":"Letter Opener"}],"event_choices":[{"damage_healed":0,"gold_gain":72,"player_choice":"Gained Gold","damage_taken":0,"max_hp_gain":0,"max_hp_loss":0,"event_name":"Golden Wing","floor":3,"gold_loss":0},{"damage_healed":0,"gold_gain":0,"player_choice":"Entered Light","damage_taken":15,"max_hp_gain":0,"max_hp_loss":0,"event_name":"Shining Light","floor":5,"gold_loss":0,"cards_upgraded":["Auto Shields","Dualcast"]},{"damage_healed":0,"gold_gain":0,"player_choice":"Paid Fearfully","damage_taken":0,"max_hp_gain":0,"max_hp_loss":0,"event_name":"Masked Bandits","floor":22,"gold_loss":8},{"damage_healed":0,"gold_gain":0,"player_choice":"Gave Potion","damage_taken":0,"relics_obtained":["Dream Catcher"],"max_hp_gain":0,"max_hp_loss":0,"event_name":"WeMeetAgain","floor":24,"gold_loss":0},{"damage_healed":0,"gold_gain":100,"player_choice":"Pray","damage_taken":0,"max_hp_gain":0,"max_hp_loss":0,"event_name":"Golden Shrine","floor":28,"gold_loss":0},{"damage_healed":0,"gold_gain":0,"player_choice":"Fight","damage_taken":0,"max_hp_gain":0,"max_hp_loss":0,"event_name":"MindBloom","floor":37,"gold_loss":0},{"damage_healed":0,"gold_gain":0,"player_choice":"Trade","damage_taken":0,"relics_obtained":["SsserpentHead"],"max_hp_gain":0,"max_hp_loss":0,"event_name":"FaceTrader","floor":42,"gold_loss":0}],"is_beta":false,"boss_relics":[{"not_picked":["Cursed Key","Ectoplasm"],"picked":"Astrolabe"},{"not_picked":["Runic Dome","Philosopher\u0027s Stone"],"picked":"Black Star"}],"items_purged_floors":[],"is_endless":false,"potions_floor_spawned":[11,13,25,27,29,33,35,39],"killed_by":"Transient","ascension_level":0}