{"path_per_floor":["M","M","?","$","?","R","?","E","T","E","M","R","M","M","R"],"character_chosen":"IRONCLAD","items_purchased":[],"gold_per_floor":[110,129,129,54,54,54,54,94,94,128,153,153,173,189,189,189],"floor_reached":16,"campfire_rested":1,"playtime":496,"item_purchase_floors":[],"current_hp_per_floor":[80,80,60,60,53,53,35,41,41,21,27,27,23,29,53,0],"items_purged":["Strike_R"],"gold":189,"score":149,"play_id":"2a075246-a1f6-4c3f-ae2c-bb8e0dd86eb7","local_time":"20180603203304","is_prod":false,"is_daily":false,"chose_seed":false,"is_ascension_mode":true,"campfire_upgraded":2,"win_rate":0,"timestamp":1528029184,"campfire_choices":[{"data":"Pommel Strike","floor":6,"key":"SMITH"},{"data":"Inflame","floor":12,"key":"SMITH"},{"floor":15,"key":"REST"}],"path_taken":["M","?","?","$","?","R","?","E","T","E","M","R","M","M","R","BOSS"],"build_version":"2018-05-31","seed_source_timestamp":1323675076844011,"purchased_purges":1,"victory":false,"master_deck":["Strike_R","Strike_R","Strike_R","Defend_R","Defend_R","Defend_R","Defend_R","Bash","Pommel Strike+1","Headbutt","Whirlwind","Inflame+1","Iron Wave","Shrug It Off","True Grit"],"max_hp_per_floor":[80,80,80,80,80,80,80,80,80,80,80,80,80,80,80,80],"relics":["Burning Blood","NeowsBlessing","Golden Idol","Shovel","Pen Nib","Letter Opener","Shuriken"],"card_choices":[{"not_picked":["Armaments","Feel No Pain"],"picked":"Pommel Strike","floor":1},{"not_picked":["Sword Boomerang","Warcry"],"picked":"Headbutt","floor":2},{"not_picked":["Shrug It Off","Clothesline"],"picked":"Whirlwind","floor":8},{"not_picked":["Pommel Strike","Heavy Blade"],"picked":"Inflame","floor":10},{"not_picked":["Body Slam","Sever Soul"],"picked":"Iron Wave","floor":11},{"not_picked":["Battle Trance","Thunderclap"],"picked":"Shrug It Off","floor":13},{"not_picked":["Rage","Carnage"],"picked":"True Grit","floor":14}],"player_experience":68803,"potions_floor_usage":[16,16],"damage_taken":[{"damage":0,"enemies":"Cultist","floor":1,"turns":1},{"damage":0,"enemies":"Jaw Worm","floor":2,"turns":1},{"damage":0,"enemies":"3 Sentries","floor":8,"turns":1},{"damage":26,"enemies":"Lagavulin","floor":10,"turns":7},{"damage":0,"enemies":"2 Louse","floor":11,"turns":2},{"damage":10,"enemies":"Gremlin Gang","floor":13,"turns":3},{"damage":0,"enemies":"2 Fungi Beasts","floor":14,"turns":2},{"damage":53,"enemies":"The Guardian","floor":16,"turns":9}],"relics_obtained":[{"floor":8,"key":"Pen Nib"},{"floor":9,"key":"Letter Opener"},{"floor":10,"key":"Shuriken"}],"event_choices":[{"event_name":"Golden Idol","player_choice":"Take Damage","floor":3,"damage_taken":0},{"event_name":"Golden Wing","player_choice":"Card Removal","floor":5,"damage_taken":0},{"event_name":"Scrap Ooze","player_choice":"success","floor":7,"damage_taken":18}],"boss_relics":[],"items_purged_floors":[4],"potions_floor_spawned":[2,8,13],"seed_played":"-3965041855103489265","killed_by":"The Guardian","ascension_level":2,"potions_obtained":[{"floor":2,"key":"Dexterity Potion"},{"floor":8,"key":"Explosive Potion"},{"floor":13,"key":"Dexterity Potion"}],"is_trial":false}