{"gold_per_floor":[115,115,126,51,1,1,1,1,81,113,13,13,31,31,31,131,131,146,146,146,175,195,195,224,224,224,224,224,240,266,141,141,141],"floor_reached":33,"playtime":743,"items_purged":["Defend_R","Strike_R","Defend_R"],"score":302,"play_id":"2db09d33-21fd-444c-9b12-1e1cd89abe3a","local_time":"20190528233704","is_ascension_mode":false,"campfire_choices":[{"data":"Bash","floor":6,"key":"SMITH"},{"data":"Strike_R","floor":8,"key":"SMITH"},{"data":"Strike_R","floor":12,"key":"SMITH"},{"data":"Strike_R","floor":15,"key":"SMITH"},{"data":"Whirlwind","floor":23,"key":"SMITH"},{"floor":25,"key":"REST"},{"data":"Flex","floor":27,"key":"SMITH"},{"floor":32,"key":"REST"}],"neow_cost":"NONE","seed_source_timestamp":783431500331501,"circlet_count":0,"master_deck":["Strike_R+1","Strike_R+1","Bash+1","Whirlwind+1","Flex+1","Offering"],"relics":["Burning Blood","NeowsBlessing","Gremlin Horn","Bronze Scales","Eternal Feather","Red Mask","Omamori","Paper Frog","Juzu Bracelet"],"potions_floor_usage":[16,16,16,16,24,24,33],"damage_taken":[{"damage":0,"enemies":"Small Slimes","floor":1,"turns":1},{"damage":0,"enemies":"2 Louse","floor":3,"turns":1},{"damage":0,"enemies":"Gremlin Nob","floor":10,"turns":1},{"damage":0,"enemies":"Cultist","floor":13,"turns":2},{"damage":4,"enemies":"Slime Boss","floor":16,"turns":5},{"damage":10,"enemies":"Chosen","floor":18,"turns":3},{"damage":19,"enemies":"Masked Bandits","floor":21,"turns":2},{"damage":34,"enemies":"2 Thieves","floor":22,"turns":3},{"damage":23,"enemies":"Slavers","floor":24,"turns":2},{"damage":15,"enemies":"Snake Plant","floor":29,"turns":2},{"damage":27,"enemies":"Book of Stabbing","floor":30,"turns":2},{"damage":57,"enemies":"Champ","floor":33,"turns":5}],"seed_played":"-6627451395795614342","potions_obtained":[{"floor":3,"key":"EntropicBrew"},{"floor":13,"key":"SpeedPotion"},{"floor":16,"key":"Ancient Potion"},{"floor":18,"key":"Strength Potion"},{"floor":22,"key":"AttackPotion"}],"is_trial":false,"path_per_floor":["M","?","M","$","?","R","?","R","T","E","$","R","M","?","R","B",null,"M","$","?","?","M","R","E","R","T","R","?","M","E","$","R","B"],"character_chosen":"IRONCLAD","items_purchased":[],"campfire_rested":2,"item_purchase_floors":[],"current_hp_per_floor":[80,80,80,80,80,80,80,80,80,80,80,80,80,73,73,75,80,76,76,76,63,35,38,29,56,56,59,59,50,29,29,56,0],"gold":141,"neow_bonus":"THREE_ENEMY_KILL","is_prod":false,"is_daily":false,"chose_seed":false,"campfire_upgraded":6,"win_rate":0,"timestamp":1559075824,"path_taken":["M","?","M","$","?","R","?","R","T","E","$","R","?","?","R","BOSS","M","$","?","?","M","R","E","R","T","R","?","?","E","?","R","BOSS"],"build_version":"2019-01-23","purchased_purges":3,"victory":false,"max_hp_per_floor":[80,80,80,80,80,80,80,80,80,80,80,80,80,80,80,80,80,80,80,80,80,80,80,80,80,80,80,80,80,80,80,80,80],"card_choices":[{"not_picked":["Perfected Strike","Body Slam","Wild Strike"],"picked":"SKIP","floor":1},{"not_picked":["Anger","Flex","Rupture"],"picked":"SKIP","floor":3},{"not_picked":["Perfected Strike","Thunderclap","Havoc"],"picked":"SKIP","floor":10},{"not_picked":["Intimidate","Heavy Blade","Exhume"],"picked":"SKIP","floor":13},{"not_picked":["Clothesline+1","Flex","Armaments"],"picked":"SKIP","floor":18},{"not_picked":["True Grit","Anger"],"picked":"Flex","floor":22},{"not_picked":["Heavy Blade","Rage","Wild Strike"],"picked":"SKIP","floor":24},{"not_picked":["Bloodletting+1","Blood for Blood"],"picked":"Offering","floor":29},{"not_picked":["Armaments+1","Bloodletting+1","Sword Boomerang+1"],"picked":"SKIP","floor":30}],"player_experience":325150,"relics_obtained":[{"floor":9,"key":"Gremlin Horn"},{"floor":10,"key":"Bronze Scales"},{"floor":21,"key":"Red Mask"},{"floor":24,"key":"Omamori"},{"floor":26,"key":"Paper Frog"},{"floor":30,"key":"Juzu Bracelet"}],"event_choices":[{"damage_healed":0,"gold_gain":0,"player_choice":"Ignored","damage_taken":0,"max_hp_gain":0,"max_hp_loss":0,"event_name":"Liars Game","floor":2,"gold_loss":0},{"cards_removed":["Defend_R"],"damage_healed":0,"gold_gain":0,"player_choice":"Card Removal","damage_taken":0,"max_hp_gain":0,"max_hp_loss":0,"event_name":"The Cleric","floor":5,"gold_loss":50},{"cards_removed":["Strike_R"],"damage_healed":0,"gold_gain":0,"player_choice":"Offered Basic","damage_taken":0,"max_hp_gain":0,"max_hp_loss":0,"event_name":"Bonfire Elementals","floor":7,"gold_loss":0},{"cards_removed":["Defend_R"],"damage_healed":0,"gold_gain":0,"player_choice":"Card Removal","damage_taken":7,"max_hp_gain":0,"max_hp_loss":0,"event_name":"Golden Wing","floor":14,"gold_loss":0},{"damage_healed":0,"gold_gain":0,"player_choice":"Read","damage_taken":0,"max_hp_gain":0,"max_hp_loss":0,"event_name":"The Library","floor":20,"gold_loss":0,"cards_obtained":["Whirlwind"]},{"damage_healed":0,"gold_gain":0,"player_choice":"Fought Bandits","damage_taken":0,"max_hp_gain":0,"max_hp_loss":0,"event_name":"Masked Bandits","floor":21,"gold_loss":0},{"cards_removed":["Strike_R"],"damage_healed":0,"gold_gain":0,"player_choice":"Purged","damage_taken":0,"max_hp_gain":0,"max_hp_loss":0,"event_name":"Purifier","floor":28,"gold_loss":0}],"is_beta":false,"boss_relics":[{"not_picked":["Mark of Pain","Busted Crown"],"picked":"Eternal Feather"}],"items_purged_floors":[4,11,31],"is_endless":false,"potions_floor_spawned":[3,13,16,18,22],"killed_by":"Champ","ascension_level":0}