{"path_per_floor":["M","M","?","M","$","E","R","E","T","M","M","T","?","?","R","B",null,"M","M","?","?","M","R","M","R","T","M","$","E","R","E","R","B",null,"M","?","M","$","?","R","E","R","T","M","R","E","?","E","R"],"character_chosen":"IRONCLAD","items_purchased":["Fire Potion","Inflame","Flex"],"gold_per_floor":[109,128,128,146,21,56,56,81,163,176,189,189,154,154,154,249,249,249,249,249,249,249,249,249,249,249,249,31,31,31,31,31,31,31,31,31,31,31,31,31,31,31,31,31,31,31,0,0,0,0],"floor_reached":50,"campfire_rested":3,"playtime":2187,"item_purchase_floors":[5,28,28],"current_hp_per_floor":[77,80,64,65,65,31,55,38,38,36,42,42,62,54,54,76,80,80,75,75,75,77,77,79,79,79,80,80,87,87,86,86,87,87,87,87,83,83,83,83,37,63,63,65,65,60,60,19,46,0],"items_purged":["Strike_R","Strike_R"],"gold":0,"score":781,"play_id":"fd1f0805-3da7-43d4-a51e-4ce44cd61093","local_time":"20180609011421","is_prod":false,"is_daily":false,"chose_seed":false,"is_ascension_mode":true,"campfire_upgraded":4,"win_rate":0,"timestamp":1528478061,"campfire_choices":[{"floor":7,"key":"REST"},{"data":"1","floor":15,"key":"LIFT"},{"data":"2","floor":23,"key":"LIFT"},{"data":"3","floor":25,"key":"LIFT"},{"data":"Inflame","floor":30,"key":"SMITH"},{"data":"Flex","floor":32,"key":"SMITH"},{"data":"Demon Form","floor":40,"key":"SMITH"},{"floor":42,"key":"REST"},{"data":"Disarm","floor":45,"key":"SMITH"},{"floor":49,"key":"REST"}],"path_taken":["M","M","?","M","$","E","R","E","T","M","M","?","?","?","R","BOSS","M","M","?","?","M","R","M","R","T","M","$","E","R","E","R","BOSS","M","?","?","$","?","R","E","R","T","M","R","E","?","E","R","BOSS"],"build_version":"2018-06-07","seed_source_timestamp":1770861284510223,"purchased_purges":2,"victory":false,"master_deck":["Strike_R","Strike_R","Defend_R","Defend_R","Defend_R+1","Defend_R","Bash","Twin Strike","Whirlwind+1","Thunderclap","Armaments","Armaments+1","Offering","Impervious","Disarm+1","Inflame+1","Flex+1","Pummel","Demon Form+1","Finesse","Disarm+1"],"max_hp_per_floor":[80,80,80,80,80,80,80,80,80,80,80,80,80,80,80,80,80,80,80,80,80,80,80,80,80,80,80,80,87,87,87,87,87,87,87,87,87,87,87,87,87,87,87,87,87,92,92,92,92,92],"relics":["Burning Blood","Girya","Pen Nib","Pantograph","Ornamental Fan","Ectoplasm","Bag of Preparation","Strawberry","Anchor","White Beast Statue","Sundial","Oddly Smooth Stone","Orichalcum","Red Mask","Shovel"],"card_choices":[{"not_picked":["Headbutt","Flex"],"picked":"Twin Strike","floor":1},{"not_picked":["Sever Soul","True Grit"],"picked":"Whirlwind","floor":2},{"not_picked":["Infernal Blade","Pommel Strike"],"picked":"Thunderclap","floor":4},{"not_picked":["Reckless Charge","Intimidate"],"picked":"Armaments","floor":6},{"not_picked":["Ghostly Armor","Headbutt"],"picked":"Armaments","floor":8},{"not_picked":["Headbutt","Sever Soul"],"picked":"Offering","floor":10},{"not_picked":["Armaments","Pummel","Clothesline"],"picked":"SKIP","floor":11},{"not_picked":["Juggernaut","Bludgeon"],"picked":"Impervious","floor":16},{"not_picked":["Havoc","Sentinel"],"picked":"Iron Wave","floor":18},{"not_picked":["Power Through+1","Body Slam","Dropkick"],"picked":"SKIP","floor":19},{"not_picked":["Blood for Blood","Pommel Strike"],"picked":"Disarm+1","floor":22},{"not_picked":["Whirlwind","Ghostly Armor","Wild Strike"],"picked":"SKIP","floor":24},{"not_picked":["Rage","Iron Wave","Disarm"],"picked":"SKIP","floor":27},{"not_picked":["Evolve","Dropkick+1"],"picked":"Pummel","floor":29},{"not_picked":["Power Through","Hemokinesis","Reckless Charge+1"],"picked":"SKIP","floor":31},{"not_picked":["Offering","Impervious"],"picked":"Demon Form","floor":33},{"not_picked":["Anger","Power Through","Inflame"],"picked":"SKIP","floor":35},{"not_picked":["Purity","Madness"],"picked":"Finesse","floor":36},{"not_picked":["Dropkick","Body Slam+1","Anger+1"],"picked":"SKIP","floor":37},{"not_picked":["Anger+1","Dual Wield+1","Wild Strike+1"],"picked":"SKIP","floor":41},{"not_picked":["Iron Wave+1","Combust+1"],"picked":"Disarm","floor":44},{"not_picked":["Clothesline+1","Sever Soul","Havoc"],"picked":"SKIP","floor":46},{"not_picked":["Heavy Blade","Disarm+1","Second Wind"],"picked":"SKIP","floor":48}],"player_experience":100313,"potions_floor_usage":[11,16,44,44,46,48,50,50],"damage_taken":[{"damage":9,"enemies":"Cultist","floor":1,"turns":5},{"damage":2,"enemies":"2 Louse","floor":2,"turns":2},{"damage":5,"enemies":"Small Slimes","floor":4,"turns":4},{"damage":40,"enemies":"Lagavulin","floor":6,"turns":7},{"damage":23,"enemies":"Gremlin Nob","floor":8,"turns":4},{"damage":8,"enemies":"Exordium Wildlife","floor":10,"turns":4},{"damage":0,"enemies":"3 Louse","floor":11,"turns":1},{"damage":9,"enemies":"Slime Boss","floor":16,"turns":6},{"damage":4,"enemies":"Spheric Guardian","floor":18,"turns":4},{"damage":11,"enemies":"Shell Parasite","floor":19,"turns":4},{"damage":4,"enemies":"Snecko","floor":22,"turns":4},{"damage":4,"enemies":"Snake Plant","floor":24,"turns":3},{"damage":4,"enemies":"3 Cultists","floor":27,"turns":2},{"damage":4,"enemies":"Gremlin Leader","floor":29,"turns":3},{"damage":7,"enemies":"Slavers","floor":31,"turns":2},{"damage":4,"enemies":"Collector","floor":33,"turns":2},{"damage":4,"enemies":"Orb Walker","floor":35,"turns":2},{"damage":10,"enemies":"3 Shapes","floor":37,"turns":3},{"damage":52,"enemies":"Nemesis","floor":41,"turns":5},{"damage":4,"enemies":"Sphere and 2 Shapes","floor":44,"turns":3},{"damage":16,"enemies":"2 Orb Walkers","floor":46,"turns":2},{"damage":47,"enemies":"Nemesis","floor":48,"turns":7},{"damage":75,"enemies":"Donu and Deca","floor":50,"turns":5}],"relics_obtained":[{"floor":6,"key":"Girya"},{"floor":8,"key":"Pen Nib"},{"floor":9,"key":"Pantograph"},{"floor":12,"key":"Ornamental Fan"},{"floor":26,"key":"Bag of Preparation"},{"floor":29,"key":"Strawberry"},{"floor":31,"key":"Anchor"},{"floor":41,"key":"Sundial"},{"floor":43,"key":"Oddly Smooth Stone"},{"floor":46,"key":"Orichalcum"},{"floor":48,"key":"Shovel"}],"event_choices":[{"event_name":"Shining Light","player_choice":"Entered Light","floor":3,"damage_taken":0},{"event_name":"The Cleric","player_choice":"Healed","floor":13,"damage_taken":0},{"event_name":"Wheel of Change","player_choice":"Damage","floor":14,"damage_taken":0},{"event_name":"Upgrade Shrine","player_choice":"Upgraded","floor":20,"damage_taken":0},{"event_name":"Back to Basics","player_choice":"Elegance","floor":21,"damage_taken":0},{"event_name":"SensoryStone","player_choice":"Memory 1","floor":36,"damage_taken":0},{"event_name":"Falling","player_choice":"Removed Attack","floor":39,"damage_taken":0},{"event_name":"Tomb of Lord Red Mask","player_choice":"Paid","floor":47,"damage_taken":0}],"boss_relics":[{"not_picked":["Orrery","Tiny House"],"picked":"Ectoplasm"},{"not_picked":["Calling Bell","Runic Dome"],"picked":"White Beast Statue"}],"items_purged_floors":[5,28],"potions_floor_spawned":[6,10,16,18,24,35,37,41,44,46,48],"seed_played":"4417610567007315787","killed_by":"Donu and Deca","ascension_level":4,"potions_obtained":[{"floor":10,"key":"Explosive Potion"},{"floor":16,"key":"FearPotion"},{"floor":18,"key":"Explosive Potion"},{"floor":24,"key":"SteroidPotion"},{"floor":35,"key":"Fire Potion"},{"floor":44,"key":"Fruit Juice"},{"floor":46,"key":"Strength Potion"},{"floor":48,"key":"EssenceOfSteel"}],"is_trial":false}