{"gold_per_floor":[118,133,133,58,74,109,109,122,175,194,159,170,170,18,18,114,114,128,143,143],"floor_reached":20,"playtime":1123,"items_purged":[],"score":176,"play_id":"ac46ea6e-0537-4fcd-8c9a-bf6c016f1451","local_time":"20190529180831","is_ascension_mode":false,"campfire_choices":[{"floor":7,"key":"REST"},{"floor":15,"key":"REST"}],"neow_cost":"TEN_PERCENT_HP_LOSS","seed_source_timestamp":60624701000831,"circlet_count":0,"master_deck":["Strike_R","Strike_R","Strike_R+1","Strike_R","Defend_R","Defend_R","Defend_R","Defend_R","Bash","Panache+1","Apotheosis","Heavy Blade","Searing Blow","Anger","Rupture","Juggernaut","Uppercut","Fire Breathing","Combust","Twin Strike","Limit Break+1","Thunderclap","Cleave"],"relics":["Burning Blood","Toxic Egg 2","Bronze Scales","Boot","Black Star"],"potions_floor_usage":[6,16,19],"damage_taken":[{"damage":1,"enemies":"Cultist","floor":1,"turns":5},{"damage":0,"enemies":"2 Louse","floor":2,"turns":4},{"damage":5,"enemies":"Jaw Worm","floor":5,"turns":4},{"damage":31,"enemies":"3 Sentries","floor":6,"turns":7},{"damage":28,"enemies":"Gremlin Gang","floor":8,"turns":6},{"damage":20,"enemies":"3 Louse","floor":10,"turns":2},{"damage":2,"enemies":"Exordium Wildlife","floor":12,"turns":2},{"damage":34,"enemies":"The Guardian","floor":16,"turns":8},{"damage":40,"enemies":"Spheric Guardian","floor":18,"turns":6},{"damage":30,"enemies":"Shell Parasite","floor":19,"turns":6},{"damage":27,"enemies":"Sentry and Sphere","floor":20,"turns":3}],"seed_played":"-2694851944272081503","potions_obtained":[{"floor":2,"key":"Fire Potion"},{"floor":6,"key":"Block Potion"},{"floor":8,"key":"BloodPotion"},{"floor":12,"key":"Strength Potion"}],"is_trial":false,"path_per_floor":["M","M","?","$","M","E","R","M","T","M","?","M","?","$","R","B",null,"M","M","M"],"character_chosen":"IRONCLAD","items_purchased":["Rupture","Boot"],"campfire_rested":2,"item_purchase_floors":[4,14],"current_hp_per_floor":[72,72,72,72,72,47,68,46,46,32,50,54,40,40,61,33,72,38,21,0],"gold":143,"neow_bonus":"RANDOM_COLORLESS_2","is_prod":false,"is_daily":false,"chose_seed":false,"campfire_upgraded":0,"win_rate":0.0,"timestamp":1559174911,"path_taken":["M","M","?","?","M","E","R","M","T","?","?","M","?","?","R","BOSS","M","?","M"],"build_version":"2019-01-23","purchased_purges":0,"victory":false,"max_hp_per_floor":[72,72,72,72,72,72,72,72,72,72,72,72,72,72,72,72,72,72,72,72],"card_choices":[{"not_picked":["Intimidate","Perfected Strike"],"picked":"Heavy Blade","floor":1},{"not_picked":["Sword Boomerang","Disarm"],"picked":"Searing Blow","floor":2},{"not_picked":["Body Slam","Armaments"],"picked":"Juggernaut","floor":5},{"not_picked":["Wild Strike","Cleave"],"picked":"Uppercut","floor":6},{"not_picked":["Clash","Blood for Blood"],"picked":"Fire Breathing","floor":8},{"not_picked":["True Grit+1","Thunderclap"],"picked":"Combust","floor":10},{"not_picked":["Burning Pact+1","Heavy Blade"],"picked":"Twin Strike","floor":12},{"not_picked":["Exhume+1","Double Tap+1"],"picked":"Limit Break+1","floor":16},{"not_picked":["Warcry+1","Burning Pact+1"],"picked":"Thunderclap","floor":18},{"not_picked":["True Grit+1","Body Slam"],"picked":"Cleave","floor":19}],"player_experience":118041,"relics_obtained":[{"floor":6,"key":"Toxic Egg 2"},{"floor":9,"key":"Bronze Scales"}],"event_choices":[{"damage_healed":0,"gold_gain":0,"cards_transformed":["Strike_R"],"player_choice":"Transformed","damage_taken":0,"max_hp_gain":0,"max_hp_loss":0,"event_name":"Transmorgrifier","floor":3,"gold_loss":0,"cards_obtained":["Anger"]},{"damage_healed":18,"gold_gain":0,"player_choice":"Healed","damage_taken":0,"max_hp_gain":0,"max_hp_loss":0,"event_name":"The Cleric","floor":11,"gold_loss":35},{"damage_healed":0,"gold_gain":0,"player_choice":"Entered Light","damage_taken":14,"max_hp_gain":0,"max_hp_loss":0,"event_name":"Shining Light","floor":13,"gold_loss":0,"cards_upgraded":["Panache","Strike_R"]}],"is_beta":false,"boss_relics":[{"not_picked":["Tiny House","Coffee Dripper"],"picked":"Black Star"}],"items_purged_floors":[],"is_endless":false,"potions_floor_spawned":[2,6,8,12],"killed_by":"Sentry and Sphere","ascension_level":0}