{"gold_per_floor":[14,34,34,34,48,48,58,58,58,90,101,101,112,192,192,288,338,326,326,361,361,361],"floor_reached":22,"playtime":1227,"items_purged":[],"score":186,"play_id":"a4d93dbb-b71a-4c8e-9a5c-cebeb1cc3c25","local_time":"20190521234732","is_ascension_mode":false,"campfire_choices":[{"data":"Zap","floor":6,"key":"SMITH"},{"data":"Go for the Eyes","floor":8,"key":"SMITH"},{"floor":12,"key":"REST"},{"floor":15,"key":"REST"}],"neow_cost":"NO_GOLD","seed_source_timestamp":21368264028763,"circlet_count":0,"master_deck":["Strike_B","Strike_B","Strike_B","Strike_B","Defend_B","Defend_B","Defend_B","Defend_B+1","Zap+1","Dualcast","Go for the Eyes+1","Stack","Compile Driver","Ball Lightning","Sweeping Beam","Coolheaded","Conserve Battery","Echo Form","Beam Cell","Redo+1","Writhe","Capacitor"],"relics":["Cracked Core","Peace Pipe","Ornamental Fan","Sundial","Bag of Marbles","Toxic Egg 2","Tiny House","Unceasing Top","Red Mask"],"potions_floor_usage":[10,10,16,21,22],"damage_taken":[{"damage":6,"enemies":"Jaw Worm","floor":1,"turns":3},{"damage":3,"enemies":"Small Slimes","floor":2,"turns":3},{"damage":0,"enemies":"2 Louse","floor":5,"turns":3},{"damage":0,"enemies":"Large Slime","floor":7,"turns":4},{"damage":31,"enemies":"3 Sentries","floor":10,"turns":7},{"damage":3,"enemies":"Lots of Slimes","floor":11,"turns":3},{"damage":9,"enemies":"3 Louse","floor":13,"turns":3},{"damage":42,"enemies":"Hexaghost","floor":16,"turns":14},{"damage":15,"enemies":"2 Thieves","floor":18,"turns":4},{"damage":59,"enemies":"Masked Bandits","floor":20,"turns":5},{"damage":0,"enemies":"Shell Parasite","floor":21,"turns":3},{"damage":13,"enemies":"Snecko","floor":22,"turns":7}],"seed_played":"-7253747443171312219","potions_obtained":[{"floor":1,"key":"SmokeBomb"},{"floor":2,"key":"Ancient Potion"},{"floor":7,"key":"LiquidBronze"},{"floor":11,"key":"Weak Potion"},{"floor":17,"key":"SpeedPotion"}],"is_trial":false,"path_per_floor":["M","M","?","?","M","R","M","R","T","E","M","R","M","T","R","B",null,"M","?","?","M","M"],"character_chosen":"DEFECT","items_purchased":[],"campfire_rested":2,"item_purchase_floors":[],"current_hp_per_floor":[69,66,63,63,63,63,63,63,63,32,29,51,42,42,64,22,80,65,65,6,6,0],"gold":361,"neow_bonus":"ONE_RARE_RELIC","is_prod":false,"is_daily":false,"chose_seed":false,"campfire_upgraded":2,"win_rate":0.0,"timestamp":1558504052,"path_taken":["M","M","?","?","M","R","M","R","T","E","M","R","M","?","R","BOSS","M","?","?","M","M"],"build_version":"2019-01-23","purchased_purges":0,"victory":false,"max_hp_per_floor":[75,75,75,75,75,75,75,75,75,75,75,75,75,75,75,75,80,80,80,80,80,80],"card_choices":[{"not_picked":["Barrage","Hologram"],"picked":"Go for the Eyes","floor":1},{"not_picked":["Hologram","Coolheaded"],"picked":"Stack","floor":2},{"not_picked":["Steam Power","Reboot"],"picked":"Compile Driver","floor":5},{"not_picked":["Barrage","Gash"],"picked":"Ball Lightning","floor":7},{"not_picked":["Coolheaded","Sunder"],"picked":"Sweeping Beam","floor":10},{"not_picked":["Barrage","Gash"],"picked":"Coolheaded","floor":11},{"not_picked":["Go for the Eyes","FTL"],"picked":"Conserve Battery","floor":13},{"not_picked":["Creative AI","All For One"],"picked":"Echo Form","floor":16},{"not_picked":["Go for the Eyes","Turbo+1"],"picked":"Beam Cell","floor":17},{"not_picked":["Tempest+1","Rebound"],"picked":"Redo+1","floor":18},{"not_picked":["Redo+1","Ball Lightning"],"picked":"Capacitor","floor":20}],"player_experience":63158,"relics_obtained":[{"floor":9,"key":"Sundial"},{"floor":10,"key":"Bag of Marbles"},{"floor":14,"key":"Toxic Egg 2"},{"floor":20,"key":"Red Mask"}],"event_choices":[{"damage_healed":0,"gold_gain":0,"player_choice":"Success","damage_taken":3,"relics_obtained":["Ornamental Fan"],"max_hp_gain":0,"max_hp_loss":0,"event_name":"Scrap Ooze","floor":3,"gold_loss":0},{"damage_healed":0,"gold_gain":0,"player_choice":"Ignored","damage_taken":0,"max_hp_gain":0,"max_hp_loss":0,"event_name":"Golden Wing","floor":4,"gold_loss":0},{"damage_healed":0,"gold_gain":0,"player_choice":"Opened","damage_taken":0,"relics_obtained":["Unceasing Top"],"max_hp_gain":0,"max_hp_loss":0,"event_name":"The Mausoleum","floor":19,"gold_loss":0,"cards_obtained":["Writhe"]},{"damage_healed":0,"gold_gain":0,"player_choice":"Fought Bandits","damage_taken":0,"max_hp_gain":0,"max_hp_loss":0,"event_name":"Masked Bandits","floor":20,"gold_loss":0}],"is_beta":false,"boss_relics":[{"not_picked":["Eternal Feather","Snecko Eye"],"picked":"Tiny House"}],"items_purged_floors":[],"is_endless":false,"potions_floor_spawned":[1,2,7,11,21],"killed_by":"Snecko","ascension_level":0}