{"gold_per_floor":[115,135,155,155,110,143,143,162,162,15,35,45,45,59,59,159,159,99,109,121,121,153,153],"floor_reached":23,"playtime":2354,"items_purged":[],"score":193,"play_id":"6bbcc8bd-24d7-4096-938c-726731ea4171","local_time":"20190526193641","is_ascension_mode":false,"campfire_choices":[{"data":"Barricade","floor":7,"key":"SMITH"},{"floor":13,"key":"REST"},{"data":"Armaments","floor":15,"key":"SMITH"}],"neow_cost":"NONE","seed_source_timestamp":9408415852267,"circlet_count":0,"master_deck":["Strike_R","Strike_R","Strike_R","Strike_R","Strike_R","Defend_R","Defend_R","Defend_R","Defend_R","Bash","Armaments+1","Iron Wave","Perfected Strike","Bash","Second Wind","Flex","Barricade+1","Shrug It Off","Intimidate","Iron Wave","Intimidate","Impervious","Clothesline+1","Metallicize","Anger","Body Slam+1"],"relics":["Burning Blood","NeowsBlessing","Meat on the Bone","Bottled Lightning","Omamori","Sozu","Red Mask"],"potions_floor_usage":[23],"damage_taken":[{"damage":0,"enemies":"Cultist","floor":1,"turns":1},{"damage":0,"enemies":"Jaw Worm","floor":2,"turns":1},{"damage":0,"enemies":"2 Louse","floor":3,"turns":1},{"damage":14,"enemies":"Gremlin Nob","floor":6,"turns":5},{"damage":31,"enemies":"Exordium Thugs","floor":8,"turns":8},{"damage":7,"enemies":"Blue Slaver","floor":11,"turns":8},{"damage":6,"enemies":"2 Fungi Beasts","floor":12,"turns":5},{"damage":3,"enemies":"Red Slaver","floor":14,"turns":6},{"damage":24,"enemies":"The Guardian","floor":16,"turns":21},{"damage":2,"enemies":"2 Thieves","floor":18,"turns":4},{"damage":5,"enemies":"Spheric Guardian","floor":19,"turns":7},{"damage":3,"enemies":"Centurion and Healer","floor":20,"turns":9},{"damage":48,"enemies":"Masked Bandits","floor":22,"turns":9},{"damage":39,"enemies":"Gremlin Leader","floor":23,"turns":2}],"seed_played":"-7795539730369100566","potions_obtained":[{"floor":3,"key":"Swift Potion"},{"floor":11,"key":"SneckoOil"},{"floor":14,"key":"FearPotion"}],"is_trial":false,"path_per_floor":["M","M","M","?","$","E","R","M","T","$","M","M","R","M","R","B",null,"M","M","M","?","?","E"],"character_chosen":"IRONCLAD","items_purchased":["Flex","Omamori"],"campfire_rested":1,"item_purchase_floors":[5,10],"current_hp_per_floor":[80,80,80,80,80,72,72,47,47,47,58,58,80,80,80,62,80,80,80,80,65,35,0],"gold":153,"neow_bonus":"THREE_ENEMY_KILL","is_prod":false,"is_daily":false,"chose_seed":false,"campfire_upgraded":2,"win_rate":0.0,"timestamp":1558921001,"path_taken":["M","M","?","?","$","E","R","?","T","$","M","M","R","M","R","BOSS","M","M","M","?","?","E"],"build_version":"2019-01-23","purchased_purges":0,"victory":false,"max_hp_per_floor":[80,80,80,80,80,80,80,80,80,80,80,80,80,80,80,80,80,80,80,80,85,85,85],"card_choices":[{"not_picked":["Disarm","Perfected Strike"],"picked":"Armaments","floor":1},{"not_picked":["Second Wind","Disarm"],"picked":"Iron Wave","floor":2},{"not_picked":["Warcry","Twin Strike"],"picked":"Perfected Strike","floor":3},{"not_picked":["Demon Form","Twin Strike"],"picked":"Barricade","floor":6},{"not_picked":["Seeing Red","Fire Breathing"],"picked":"Shrug It Off","floor":8},{"not_picked":["Body Slam","Pommel Strike"],"picked":"Intimidate","floor":11},{"not_picked":["Clash","Armaments"],"picked":"Iron Wave","floor":12},{"not_picked":["True Grit","Warcry"],"picked":"Intimidate","floor":14},{"not_picked":["Double Tap","Berserk"],"picked":"Impervious","floor":16},{"not_picked":["Perfected Strike","Sever Soul"],"picked":"Clothesline+1","floor":18},{"not_picked":["Cleave","Iron Wave+1"],"picked":"Metallicize","floor":19},{"not_picked":["Sword Boomerang","True Grit"],"picked":"Anger","floor":20},{"not_picked":["Dropkick+1","Headbutt"],"picked":"Body Slam+1","floor":22}],"player_experience":74801,"relics_obtained":[{"floor":6,"key":"Meat on the Bone"},{"floor":9,"key":"Bottled Lightning"},{"floor":22,"key":"Red Mask"}],"event_choices":[{"damage_healed":0,"gold_gain":0,"player_choice":"2 cards matched","damage_taken":0,"max_hp_gain":0,"max_hp_loss":0,"event_name":"Match and Keep!","floor":4,"gold_loss":0,"cards_obtained":["Bash","Second Wind"]},{"damage_healed":0,"gold_gain":0,"player_choice":"Shed Blood","damage_taken":20,"max_hp_gain":5,"max_hp_loss":0,"event_name":"Forgotten Altar","floor":21,"gold_loss":0},{"damage_healed":0,"gold_gain":0,"player_choice":"Fought Bandits","damage_taken":0,"max_hp_gain":0,"max_hp_loss":0,"event_name":"Masked Bandits","floor":22,"gold_loss":0}],"is_beta":false,"boss_relics":[{"not_picked":["Philosopher\u0027s Stone","White Beast Statue"],"picked":"Sozu"}],"items_purged_floors":[],"is_endless":false,"potions_floor_spawned":[3,11,14,20,22],"killed_by":"Gremlin Leader","ascension_level":0}