{"gold_per_floor":[113,126,126,138,138,138,149,164,164,190,204,204,5,21,21,118,118,138,138,153,171,171,171,189,189],"floor_reached":25,"playtime":1673,"items_purged":[],"score":207,"play_id":"62e6f221-174b-4e70-a8a8-4a5097a115cf","local_time":"20190526214317","is_ascension_mode":false,"campfire_choices":[{"data":"Poisoned Stab","floor":6,"key":"SMITH"},{"floor":12,"key":"REST"},{"data":"Flechettes","floor":15,"key":"SMITH"},{"floor":23,"key":"REST"}],"neow_cost":"NONE","seed_source_timestamp":17684975126705,"circlet_count":0,"master_deck":["Defend_G","Defend_G+1","Defend_G","Defend_G","Defend_G","Strike_G","Strike_G","Strike_G","Strike_G","Strike_G","Survivor","Neutralize+1","Poisoned Stab+1","Flying Knee","Deflect","Terror","Endless Agony","Noxious Fumes","Underhanded Strike","Flechettes+1","Bullet Time","Footwork+1","Blade Dance+1","Outmaneuver","Skewer"],"relics":["Ring of the Snake","NeowsBlessing","Meat on the Bone","Happy Flower","HandDrill","WristBlade"],"potions_floor_usage":[10,18,25,25],"damage_taken":[{"damage":0,"enemies":"Cultist","floor":1,"turns":1},{"damage":0,"enemies":"Small Slimes","floor":2,"turns":1},{"damage":0,"enemies":"2 Louse","floor":4,"turns":1},{"damage":10,"enemies":"Large Slime","floor":7,"turns":7},{"damage":4,"enemies":"Red Slaver","floor":8,"turns":3},{"damage":16,"enemies":"Gremlin Nob","floor":10,"turns":5},{"damage":7,"enemies":"Blue Slaver","floor":11,"turns":4},{"damage":3,"enemies":"Looter","floor":14,"turns":4},{"damage":21,"enemies":"The Guardian","floor":16,"turns":10},{"damage":24,"enemies":"Shell Parasite","floor":18,"turns":5},{"damage":2,"enemies":"Chosen","floor":20,"turns":3},{"damage":16,"enemies":"Shelled Parasite and Fungi","floor":21,"turns":5},{"damage":9,"enemies":"Chosen and Byrds","floor":24,"turns":7},{"damage":60,"enemies":"Gremlin Leader","floor":25,"turns":6}],"seed_played":"-8526354806158554681","potions_obtained":[{"floor":2,"key":"Ancient Potion"},{"floor":5,"key":"SmokeBomb"},{"floor":5,"key":"FearPotion"},{"floor":8,"key":"GhostInAJar"},{"floor":11,"key":"Weak Potion"},{"floor":14,"key":"Regen Potion"},{"floor":18,"key":"Poison Potion"}],"is_trial":false,"path_per_floor":["M","M","?","M","?","R","M","M","T","E","M","R","$","M","R","B",null,"M","?","M","M","?","R","M","E"],"character_chosen":"THE_SILENT","items_purchased":["HandDrill"],"campfire_rested":2,"item_purchase_floors":[13],"current_hp_per_floor":[70,70,56,56,56,56,46,42,42,38,43,64,64,61,61,40,70,51,38,48,44,44,66,57,0],"gold":189,"neow_bonus":"THREE_ENEMY_KILL","is_prod":false,"is_daily":false,"chose_seed":false,"campfire_upgraded":2,"win_rate":0.0,"timestamp":1558928597,"path_taken":["M","?","?","M","?","R","M","M","T","E","M","R","$","?","R","BOSS","M","?","M","M","?","R","M","E"],"build_version":"2019-01-23","purchased_purges":0,"victory":false,"max_hp_per_floor":[70,70,70,70,70,70,70,70,70,70,70,70,70,70,70,70,70,70,75,75,75,75,75,75,75],"card_choices":[{"not_picked":["Flying Knee","Quick Slash"],"picked":"Poisoned Stab","floor":1},{"not_picked":["Acrobatics","Dodge and Roll"],"picked":"Flying Knee","floor":2},{"not_picked":["Prepared","Leg Sweep"],"picked":"Deflect","floor":4},{"not_picked":["Poisoned Stab","All Out Attack"],"picked":"Terror","floor":7},{"not_picked":["Wraith Form v2","Eviscerate"],"picked":"Endless Agony","floor":8},{"not_picked":["Outmaneuver","Poisoned Stab"],"picked":"Noxious Fumes","floor":10},{"not_picked":["Leg Sweep","PiercingWail"],"picked":"Underhanded Strike","floor":11},{"not_picked":["Blade Dance","Finisher"],"picked":"Flechettes","floor":14},{"not_picked":["Malaise","Unload"],"picked":"Bullet Time","floor":16},{"not_picked":["Reflex","Flying Knee"],"picked":"Footwork+1","floor":18},{"not_picked":["Quick Slash","Underhanded Strike"],"picked":"Blade Dance+1","floor":20},{"not_picked":["Escape Plan+1","Calculated Gamble+1"],"picked":"Outmaneuver","floor":21},{"not_picked":["Predator","Deflect"],"picked":"Skewer","floor":24}],"player_experience":77155,"relics_obtained":[{"floor":9,"key":"Meat on the Bone"},{"floor":10,"key":"Happy Flower"}],"event_choices":[{"damage_healed":0,"gold_gain":0,"player_choice":"Entered Light","damage_taken":14,"max_hp_gain":0,"max_hp_loss":0,"event_name":"Shining Light","floor":3,"gold_loss":0,"cards_upgraded":["Neutralize","Defend_G"]},{"damage_healed":0,"gold_gain":0,"player_choice":"Got Potions","damage_taken":0,"max_hp_gain":0,"max_hp_loss":0,"event_name":"Lab","floor":5,"gold_loss":0},{"damage_healed":0,"gold_gain":0,"player_choice":"Shed Blood","damage_taken":18,"max_hp_gain":5,"max_hp_loss":0,"event_name":"Forgotten Altar","floor":19,"gold_loss":0},{"damage_healed":0,"gold_gain":0,"player_choice":"Bought 0 Potions","damage_taken":0,"max_hp_gain":0,"max_hp_loss":0,"event_name":"The Woman in Blue","floor":22,"gold_loss":0}],"is_beta":false,"boss_relics":[{"not_picked":["HoveringKite","Coffee Dripper"],"picked":"WristBlade"}],"items_purged_floors":[],"is_endless":false,"potions_floor_spawned":[2,8,11,14,18],"killed_by":"Gremlin Leader","ascension_level":0}