{"gold_per_floor":[17,33,33,33,53,53,66,66,66,92,92,102,132,151,151,151],"floor_reached":16,"playtime":705,"items_purged":[],"score":207,"play_id":"74a468ac-fe6b-4a9b-a951-16a6fd0ac6fc","local_time":"20190531091024","is_ascension_mode":true,"campfire_choices":[{"data":"Perfected Strike","floor":6.0,"key":"SMITH"},{"data":"Clothesline","floor":11.0,"key":"SMITH"},{"floor":15,"key":"REST"}],"neow_cost":"NO_GOLD","seed_source_timestamp":1107550018265310,"circlet_count":0,"master_deck":["AscendersBane","Strike_R","Strike_R","Strike_R","Strike_R","Strike_R","Defend_R","Defend_R","Defend_R","Defend_R","Bash","Perfected Strike+1","Twin Strike","Wild Strike","Clothesline+1","Burning Pact","Shockwave","Flame Barrier"],"special_seed":0,"relics":["Burning Blood","Bird Faced Urn","Letter Opener","The Courier","Molten Egg 2"],"potions_floor_usage":[13],"damage_taken":[{"damage":2.0,"enemies":"2 Louse","floor":1.0,"turns":3.0},{"damage":7.0,"enemies":"Jaw Worm","floor":2.0,"turns":3.0},{"damage":7.0,"enemies":"Small Slimes","floor":5.0,"turns":3.0},{"damage":11.0,"enemies":"Blue Slaver","floor":7.0,"turns":3.0},{"damage":35.0,"enemies":"Lagavulin","floor":10.0,"turns":6.0},{"damage":15.0,"enemies":"Lots of Slimes","floor":12.0,"turns":3.0},{"damage":32,"enemies":"3 Sentries","floor":13,"turns":8},{"damage":7,"enemies":"Looter","floor":14,"turns":3},{"damage":29,"enemies":"Hexaghost","floor":16,"turns":9}],"seed_played":"6898321953344974540","potions_obtained":[{"floor":2.0,"key":"LiquidBronze"},{"floor":7.0,"key":"Strength Potion"},{"floor":12.0,"key":"BloodPotion"}],"is_trial":false,"path_per_floor":["M","M","$","?","M","R","M","?","T","E","R","M","E","M","R","B"],"character_chosen":"IRONCLAD","items_purchased":[],"campfire_rested":1,"item_purchase_floors":[],"current_hp_per_floor":[72,71,71,71,70,70,65,65,65,36,36,27,8,7,29,0],"gold":151,"neow_bonus":"ONE_RARE_RELIC","is_prod":false,"is_daily":false,"chose_seed":false,"campfire_upgraded":2,"win_rate":0,"timestamp":1559311824,"path_taken":["M","M","$","?","M","R","M","?","T","E","R","M","E","M","R","BOSS"],"build_version":"2019-01-23","purchased_purges":0,"victory":false,"max_hp_per_floor":[75,75,75,75,75,75,75,75,75,75,75,75,75,75,75,75],"card_choices":[{"not_picked":["Body Slam","Shrug It Off"],"picked":"Perfected Strike","floor":1.0},{"not_picked":["Searing Blow","Warcry"],"picked":"Twin Strike","floor":2.0},{"not_picked":["Second Wind","Flex"],"picked":"Wild Strike","floor":5.0},{"not_picked":["Sentinel","Shrug It Off"],"picked":"Clothesline","floor":7.0},{"not_picked":["Sword Boomerang","Cleave"],"picked":"Burning Pact","floor":10.0},{"not_picked":["Reckless Charge","Dual Wield"],"picked":"Shockwave","floor":12.0},{"not_picked":["Havoc","Body Slam","Juggernaut"],"picked":"SKIP","floor":13},{"not_picked":["Inflame","Uppercut+1"],"picked":"Flame Barrier","floor":14}],"player_experience":500766,"relics_obtained":[{"floor":9.0,"key":"Letter Opener"},{"floor":10.0,"key":"The Courier"},{"floor":13,"key":"Molten Egg 2"}],"event_choices":[{"damage_healed":0.0,"max_hp_gain":0.0,"max_hp_loss":0.0,"gold_gain":0.0,"event_name":"The Cleric","player_choice":"Leave","floor":4.0,"gold_loss":0.0,"damage_taken":0.0},{"damage_healed":0.0,"max_hp_gain":0.0,"max_hp_loss":0.0,"gold_gain":0.0,"event_name":"Liars Game","player_choice":"Ignored","floor":8.0,"gold_loss":0.0,"damage_taken":0.0}],"is_beta":false,"boss_relics":[],"items_purged_floors":[],"is_endless":false,"potions_floor_spawned":[2,7,12],"killed_by":"Hexaghost","ascension_level":17}