{"gold_per_floor":[219,1,1,21,36,36,100,100,100,100,117,117,148,168,168,273,273,292,41,41,60,360,360,377,377,377,377,390,425,425,46,46,151,151,163,28,28,28,9,9,41,41,41,54,74,44,44,62,62,62],"floor_reached":51,"playtime":2242,"items_purged":["Strike_R","Defend_R","Defend_R","Defend_R+1"],"score":1047,"play_id":"4d28a95c-9256-421a-8908-08bb5b39d341","local_time":"20190521105310","is_ascension_mode":true,"campfire_choices":[{"data":"Body Slam","floor":6.0,"key":"SMITH"},{"data":"Bash","floor":10.0,"key":"SMITH"},{"floor":12.0,"key":"REST"},{"data":"Shrug It Off","floor":15.0,"key":"SMITH"},{"data":"Defend_R","floor":23.0,"key":"SMITH"},{"data":"Defend_R","floor":25.0,"key":"SMITH"},{"floor":32,"key":"REST"},{"floor":40,"key":"REST"},{"floor":42,"key":"REST"},{"data":"Body Slam","floor":47,"key":"SMITH"},{"floor":49,"key":"REST"}],"neow_cost":"NONE","seed_source_timestamp":131124607885019,"circlet_count":0,"master_deck":["Strike_R","Defend_R+1","Bash+1","Shrug It Off+1","Body Slam+1","Shrug It Off+1","Body Slam+1","Body Slam+1"],"special_seed":0,"relics":["Burning Blood","Bag of Marbles","Incense Burner","Ornamental Fan","Frozen Egg 2","Oddly Smooth Stone","Empty Cage","Membership Card","Old Coin","The Courier","Boot","Bronze Scales","Art of War","Dodecahedron","Letter Opener","Busted Crown","Regal Pillow"],"potions_floor_usage":[29,33,33,41,46,50,50,50],"damage_taken":[{"damage":15.0,"enemies":"Small Slimes","floor":1.0,"turns":4.0},{"damage":1.0,"enemies":"Cultist","floor":4.0,"turns":3.0},{"damage":7.0,"enemies":"Jaw Worm","floor":5.0,"turns":3.0},{"damage":21.0,"enemies":"3 Sentries","floor":7.0,"turns":10.0},{"damage":0.0,"enemies":"3 Louse","floor":11.0,"turns":4.0},{"damage":12.0,"enemies":"3 Sentries","floor":13.0,"turns":12.0},{"damage":0.0,"enemies":"Blue Slaver","floor":14.0,"turns":3.0},{"damage":41.0,"enemies":"The Guardian","floor":16.0,"turns":15.0},{"damage":1.0,"enemies":"2 Thieves","floor":18.0,"turns":5.0},{"damage":0.0,"enemies":"Spheric Guardian","floor":21.0,"turns":4.0},{"damage":9.0,"enemies":"Snecko","floor":24.0,"turns":5.0},{"damage":0.0,"enemies":"Snake Plant","floor":28.0,"turns":3.0},{"damage":38,"enemies":"Gremlin Leader","floor":29,"turns":5},{"damage":29,"enemies":"Automaton","floor":33,"turns":12},{"damage":0,"enemies":"3 Darklings","floor":35,"turns":6},{"damage":10,"enemies":"Nemesis","floor":41,"turns":5},{"damage":0,"enemies":"3 Shapes","floor":44,"turns":2},{"damage":0,"enemies":"Spire Growth","floor":45,"turns":2},{"damage":17,"enemies":"Transient","floor":48,"turns":5},{"damage":38,"enemies":"Awakened One","floor":50,"turns":7}],"seed_played":"8122391477173994607","potions_obtained":[{"floor":5.0,"key":"Explosive Potion"},{"floor":7.0,"key":"Weak Potion"},{"floor":14.0,"key":"Poison Potion"},{"floor":16.0,"key":"GamblersBrew"},{"floor":18.0,"key":"FearPotion"},{"floor":33,"key":"PowerPotion"},{"floor":41,"key":"Fruit Juice"}],"is_trial":false,"path_per_floor":["M","$","?","M","M","R","?","?","T","R","M","R","E","M","R","B",null,"M","$","?","M","T","R","M","R","T","?","M","E","?","$","R","B",null,"M","$","?","?","$","R","E","R","T","M","M","$","R","M","R","B",null],"character_chosen":"IRONCLAD","items_purchased":["Bag of Marbles","Membership Card","Bronze Scales","Art of War","Dodecahedron","Letter Opener","Armaments","Fruit Juice","Block Potion","BloodPotion"],"campfire_rested":5,"item_purchase_floors":[2,19,31,31,31,31,36,36,39,46],"current_hp_per_floor":[63,63,80,80,79,79,64,46,46,46,52,76,70,76,76,41,70,75,75,75,80,80,80,77,77,77,77,80,48,33,33,58,35,73,79,79,79,79,79,85,86,90,90,90,90,95,95,84,95,67],"gold":62,"neow_bonus":"HUNDRED_GOLD","is_prod":false,"is_daily":false,"chose_seed":false,"campfire_upgraded":6,"win_rate":0,"timestamp":1558425190,"path_taken":["M","$","?","M","?","R","?","?","T","R","M","R","E","M","R","BOSS","M","$","?","?","?","R","M","R","T","?","M","E","?","$","R","BOSS","M","$","?","?","$","R","E","R","T","?","M","$","R","M","R","BOSS"],"build_version":"2019-01-23","purchased_purges":4,"victory":true,"max_hp_per_floor":[80,80,80,80,80,80,80,80,80,80,80,80,80,80,80,80,80,80,80,80,80,80,80,80,80,80,80,80,80,85,85,85,85,85,85,85,85,85,85,85,90,90,90,90,90,95,95,95,95,95],"card_choices":[{"not_picked":["Sword Boomerang","Pummel","Clash"],"picked":"SKIP","floor":1.0},{"not_picked":["Armaments","Bloodletting"],"picked":"Shrug It Off","floor":4.0},{"not_picked":["Burning Pact","Perfected Strike"],"picked":"Body Slam","floor":5.0},{"not_picked":["Hemokinesis","Anger","Second Wind"],"picked":"SKIP","floor":11.0},{"not_picked":["Immolate","Berserk+1","Exhume"],"picked":"SKIP","floor":13.0},{"not_picked":["Feel No Pain+1","Reckless Charge"],"picked":"Shrug It Off","floor":14.0},{"not_picked":["Armaments","Infernal Blade+1","Battle Trance+1"],"picked":"SKIP","floor":18.0},{"not_picked":["Blood for Blood","Cleave+1","Burning Pact"],"picked":"SKIP","floor":21.0},{"not_picked":["Thunderclap","Clothesline+1","Clash"],"picked":"SKIP","floor":24.0},{"not_picked":["Exhume","Armaments","Clash"],"picked":"SKIP","floor":28.0},{"not_picked":["Rupture+1","Warcry","True Grit+1"],"picked":"SKIP","floor":29},{"not_picked":["Flex+1"],"picked":"SKIP","floor":35},{"not_picked":["Iron Wave"],"picked":"SKIP","floor":41},{"not_picked":[],"picked":"Body Slam","floor":44},{"not_picked":["Battle Trance"],"picked":"SKIP","floor":45},{"not_picked":["Warcry"],"picked":"SKIP","floor":48}],"player_experience":302435,"relics_obtained":[{"floor":7.0,"key":"Incense Burner"},{"floor":9.0,"key":"Frozen Egg 2"},{"floor":13.0,"key":"Oddly Smooth Stone"},{"floor":22.0,"key":"Old Coin"},{"floor":26.0,"key":"The Courier"},{"floor":29,"key":"Boot"},{"floor":41,"key":"Regal Pillow"}],"event_choices":[{"damage_healed":17.0,"max_hp_gain":0.0,"max_hp_loss":0.0,"gold_gain":0.0,"event_name":"Wheel of Change","player_choice":"Full Heal","floor":3.0,"gold_loss":0.0,"damage_taken":0.0},{"damage_healed":0.0,"max_hp_gain":0.0,"max_hp_loss":0.0,"gold_gain":0.0,"event_name":"Dead Adventurer","player_choice":"Searched \u00271\u0027 times","floor":7.0,"gold_loss":0.0,"damage_taken":0.0},{"damage_healed":0.0,"max_hp_gain":0.0,"max_hp_loss":0.0,"gold_gain":0.0,"event_name":"Scrap Ooze","player_choice":"Success","floor":8.0,"gold_loss":0.0,"damage_taken":18.0,"relics_obtained":["Ornamental Fan"]},{"damage_healed":0.0,"max_hp_gain":0.0,"max_hp_loss":0.0,"gold_gain":0.0,"event_name":"Accursed Blacksmith","player_choice":"Forge","floor":20.0,"gold_loss":0.0,"damage_taken":0.0,"cards_upgraded":["Shrug It Off"]},{"cards_removed":["Strike_R"],"damage_healed":0.0,"max_hp_gain":0.0,"max_hp_loss":0.0,"gold_gain":0.0,"event_name":"Back to Basics","player_choice":"Elegance","floor":27.0,"gold_loss":0.0,"damage_taken":0.0},{"damage_healed":0,"gold_gain":0,"player_choice":"Shed Blood","damage_taken":20,"max_hp_gain":5,"max_hp_loss":0,"event_name":"Forgotten Altar","floor":30,"gold_loss":0},{"cards_removed":["Armaments"],"damage_healed":0,"gold_gain":0,"player_choice":"Removed Skill","damage_taken":0,"max_hp_gain":0,"max_hp_loss":0,"event_name":"Falling","floor":37,"gold_loss":0},{"damage_healed":0,"gold_gain":0,"player_choice":"Copied","damage_taken":0,"max_hp_gain":0,"max_hp_loss":0,"event_name":"Duplicator","floor":38,"gold_loss":0,"cards_obtained":["Body Slam"]}],"is_beta":false,"boss_relics":[{"not_picked":["Eternal Feather","Lizard Tail"],"picked":"Empty Cage"},{"not_picked":["White Beast Statue","Runic Pyramid"],"picked":"Busted Crown"}],"items_purged_floors":[2,19,31,36],"is_endless":false,"potions_floor_spawned":[5,7,14,16,18,28,33,41,48],"ascension_level":8}