{"gold_per_floor":[209,219,144,164,179,179,254,282,282,312,326,326,340,351,351,455,455,466,254,266,191,206,206,216,250,250,264,280,9,44,44],"floor_reached":31,"playtime":1457,"items_purged":["Defend_R","Strike_R","Strike_R"],"score":341,"play_id":"74d9cd8c-a741-4a6e-b46e-25682e5cea43","local_time":"20180831154225","is_ascension_mode":false,"campfire_choices":[{"data":"Flex","floor":6,"key":"SMITH"},{"data":"Sword Boomerang","floor":12,"key":"SMITH"},{"data":"Sword Boomerang","floor":15,"key":"SMITH"},{"data":"Barricade","floor":23,"key":"SMITH"}],"neow_cost":"NONE","seed_source_timestamp":1181130745961714,"circlet_count":0,"master_deck":["Strike_R","Strike_R","Defend_R","Defend_R","Defend_R","Bash","Thunderclap","Sword Boomerang+1","Ghostly Armor","Flex+1","Sword Boomerang+1","Battle Trance","Clash","Clash","Barricade+1","Body Slam","Flex","Shrug It Off","Feel No Pain","Second Wind","Demon Form","Flex","Cleave+1","Flex+1","Seeing Red","Feed","Feed"],"relics":["Burning Blood","Unceasing Top","Ginger","Du-Vu Doll","Orrery","Bag of Marbles","Mango","Bird Faced Urn"],"potions_floor_usage":[8,8,22,25,25,30,30],"damage_taken":[{"damage":10,"enemies":"Cultist","floor":1,"turns":4},{"damage":5,"enemies":"Small Slimes","floor":2,"turns":4},{"damage":6,"enemies":"Jaw Worm","floor":4,"turns":4},{"damage":7,"enemies":"3 Louse","floor":5,"turns":4},{"damage":13,"enemies":"3 Sentries","floor":8,"turns":5},{"damage":14,"enemies":"Gremlin Nob","floor":10,"turns":3},{"damage":5,"enemies":"Exordium Wildlife","floor":11,"turns":3},{"damage":7,"enemies":"Exordium Thugs","floor":13,"turns":4},{"damage":0,"enemies":"Large Slime","floor":14,"turns":2},{"damage":55,"enemies":"The Guardian","floor":16,"turns":7},{"damage":15,"enemies":"3 Byrds","floor":18,"turns":4},{"damage":2,"enemies":"Chosen","floor":20,"turns":3},{"damage":25,"enemies":"3 Cultists","floor":22,"turns":5},{"damage":22,"enemies":"Snake Plant","floor":24,"turns":7},{"damage":17,"enemies":"Slavers","floor":25,"turns":3},{"damage":3,"enemies":"Snecko","floor":27,"turns":3},{"damage":10,"enemies":"Cultist and Chosen","floor":28,"turns":2},{"damage":30,"enemies":"Book of Stabbing","floor":30,"turns":4},{"damage":43,"enemies":"Shelled Parasite and Fungi","floor":31,"turns":6}],"seed_played":"-8895053611823989446","potions_obtained":[{"floor":4,"key":"Regen Potion"},{"floor":5,"key":"Strength Potion"},{"floor":10,"key":"Strength Potion"},{"floor":13,"key":"PowerPotion"},{"floor":16,"key":"Fire Potion"},{"floor":25,"key":"BloodPotion"},{"floor":27,"key":"Dexterity Potion"},{"floor":28,"key":"Regen Potion"}],"is_trial":false,"path_per_floor":["M","M","$","M","M","R","?","E","T","E","M","R","M","M","R","B",null,"M","$","M","?","M","R","M","E","T","M","M","$","E"],"character_chosen":"IRONCLAD","items_purchased":["Feel No Pain","Second Wind","Feed"],"campfire_rested":0,"item_purchase_floors":[19,19,29],"current_hp_per_floor":[76,77,77,77,76,76,65,72,72,64,65,65,64,70,70,21,80,71,71,75,75,56,56,40,29,43,46,42,42,39,0],"gold":44,"neow_bonus":"HUNDRED_GOLD","is_prod":false,"is_daily":false,"chose_seed":false,"campfire_upgraded":4,"win_rate":0,"timestamp":1535719345,"path_taken":["M","M","$","?","M","R","?","E","T","E","M","R","M","M","R","BOSS","M","$","M","?","M","R","M","E","T","M","M","$","E","M"],"build_version":"2018-08-30","purchased_purges":3,"victory":false,"max_hp_per_floor":[80,80,80,80,80,80,80,80,80,80,80,80,80,80,80,80,80,80,80,80,80,80,80,80,80,94,94,94,94,94,97],"card_choices":[{"not_picked":["Armaments","Iron Wave"],"picked":"Thunderclap","floor":1},{"not_picked":["Second Wind","Sentinel"],"picked":"Sword Boomerang","floor":2},{"not_picked":["Thunderclap","Shrug It Off"],"picked":"Ghostly Armor","floor":4},{"not_picked":["Flame Barrier","Perfected Strike"],"picked":"Flex","floor":5},{"not_picked":["Perfected Strike","Battle Trance"],"picked":"Sword Boomerang","floor":8},{"not_picked":["Feed","Anger"],"picked":"Battle Trance","floor":10},{"not_picked":["Shrug It Off","Iron Wave"],"picked":"Clash","floor":11},{"not_picked":["Blood for Blood","Body Slam"],"picked":"Clash","floor":13},{"not_picked":["Seeing Red","Ghostly Armor","Cleave"],"picked":"SKIP","floor":14},{"not_picked":["Reaper","Feed"],"picked":"Barricade","floor":16},{"not_picked":["Headbutt","Wild Strike"],"picked":"Body Slam","floor":17},{"not_picked":["Twin Strike","Clothesline"],"picked":"Flex","floor":17},{"not_picked":["Thunderclap","Wild Strike"],"picked":"Shrug It Off","floor":18},{"not_picked":["Power Through+1","Uppercut"],"picked":"Demon Form","floor":20},{"not_picked":["Wild Strike+1","Sword Boomerang","Iron Wave"],"picked":"SKIP","floor":22},{"not_picked":["Flame Barrier","Body Slam"],"picked":"Flex","floor":24},{"not_picked":["Armaments","Bloodletting"],"picked":"Cleave+1","floor":25},{"not_picked":["True Grit","Cleave"],"picked":"Flex+1","floor":27},{"not_picked":["Body Slam","Clothesline"],"picked":"Seeing Red","floor":28},{"not_picked":["Warcry+1","True Grit"],"picked":"Feed","floor":30}],"player_experience":217039,"relics_obtained":[{"floor":8,"key":"Unceasing Top"},{"floor":9,"key":"Ginger"},{"floor":10,"key":"Du-Vu Doll"},{"floor":25,"key":"Bag of Marbles"},{"floor":26,"key":"Mango"},{"floor":30,"key":"Bird Faced Urn"}],"event_choices":[{"event_name":"World of Goop","player_choice":"Gather Gold","floor":7,"damage_taken":0},{"event_name":"Beggar","player_choice":"Gave Gold","floor":21,"damage_taken":0}],"is_beta":false,"boss_relics":[{"not_picked":["Astrolabe","Lizard Tail"],"picked":"Orrery"}],"items_purged_floors":[3,19,29],"is_endless":false,"potions_floor_spawned":[4,5,10,13,16,18,25,27,28],"killed_by":"Shelled Parasite and Fungi","ascension_level":0}