{"gold_per_floor":[116,116,127,12,30,30,64,64,90,116,116,144,144],"floor_reached":13,"playtime":392,"items_purged":["Strike_G"],"score":187,"play_id":"fc1607b6-cff1-42e9-b4ac-d135d2985664","local_time":"20190522211351","is_ascension_mode":true,"campfire_choices":[{"data":"Blade Dance","floor":6.0,"key":"SMITH"},{"data":"Blade Dance","floor":8.0,"key":"SMITH"}],"neow_cost":"NONE","seed_source_timestamp":373798239209732,"circlet_count":0,"master_deck":["AscendersBane","Defend_G","Defend_G","Defend_G","Defend_G","Defend_G","Strike_G+1","Strike_G","Survivor","Neutralize","Predator","Dagger Spray","Noxious Fumes","Blade Dance+1","Blade Dance+1","Die Die Die+1","Concentrate","Flying Knee"],"special_seed":0,"relics":["Ring of the Snake","NeowsBlessing","Centennial Puzzle","Bronze Scales","Nunchaku","Whetstone"],"potions_floor_usage":[],"damage_taken":[{"damage":0.0,"enemies":"2 Louse","floor":1.0,"turns":1.0},{"damage":0.0,"enemies":"Cultist","floor":3.0,"turns":1.0},{"damage":0.0,"enemies":"Jaw Worm","floor":5.0,"turns":1.0},{"damage":15.0,"enemies":"Lagavulin","floor":7.0,"turns":5.0},{"damage":28,"enemies":"Gremlin Nob","floor":10,"turns":4},{"damage":15,"enemies":"3 Sentries","floor":12,"turns":6},{"damage":2,"enemies":"Gremlin Gang","floor":13,"turns":1}],"seed_played":"2937193018947696496","potions_obtained":[{"floor":3.0,"key":"FearPotion"},{"floor":5.0,"key":"PowerPotion"}],"is_trial":false,"path_per_floor":["M","?","M","$","M","R","E","R","T","E","?","E","M"],"character_chosen":"THE_SILENT","items_purchased":["Noxious Fumes"],"campfire_rested":0,"item_purchase_floors":[4],"current_hp_per_floor":[59,59,59,59,59,59,44,44,44,16,16,1,0],"gold":144,"neow_bonus":"THREE_ENEMY_KILL","is_prod":false,"is_daily":false,"chose_seed":false,"campfire_upgraded":2,"win_rate":0,"timestamp":1558577631,"path_taken":["M","?","?","$","M","R","E","R","T","E","?","E","?"],"build_version":"2019-01-23","purchased_purges":1,"victory":false,"max_hp_per_floor":[66,66,66,66,66,66,66,66,66,66,66,66,66],"card_choices":[{"not_picked":["PiercingWail","Endless Agony"],"picked":"Predator","floor":1.0},{"not_picked":["Dodge and Roll","Flying Knee"],"picked":"Dagger Spray","floor":3.0},{"not_picked":["Calculated Gamble","Riddle With Holes"],"picked":"Blade Dance","floor":5.0},{"not_picked":["Dagger Throw","Outmaneuver"],"picked":"Blade Dance","floor":7.0},{"not_picked":["Cloak And Dagger","Sucker Punch"],"picked":"Die Die Die","floor":10},{"not_picked":["Bane","Expertise"],"picked":"Flying Knee","floor":12}],"player_experience":474819,"relics_obtained":[{"floor":7.0,"key":"Centennial Puzzle"},{"floor":9.0,"key":"Bronze Scales"},{"floor":10,"key":"Nunchaku"},{"floor":12,"key":"Whetstone"}],"event_choices":[{"cards_removed":["Strike_G"],"damage_healed":0.0,"max_hp_gain":0.0,"max_hp_loss":0.0,"gold_gain":0.0,"event_name":"Purifier","player_choice":"Purged","floor":2.0,"gold_loss":0.0,"damage_taken":0.0},{"damage_healed":0,"gold_gain":0,"cards_transformed":["Strike_G"],"player_choice":"Transformed","damage_taken":0,"max_hp_gain":0,"max_hp_loss":0,"event_name":"Transmorgrifier","floor":11,"gold_loss":0,"cards_obtained":["Concentrate"]}],"is_beta":false,"boss_relics":[],"items_purged_floors":[4],"is_endless":false,"potions_floor_spawned":[3,5],"killed_by":"Gremlin Gang","ascension_level":17}