{"gold_per_floor":[114,129,149,44,61,61,90,90,90,90,124,144,144,244,244,343,343,283,283,208,208,208,208,208,208,208,208,208,208,208,208,208,208,208,208,208,20,20,20,20,20,20,20,20,20,20,20,20,20,20],"floor_reached":51,"playtime":6032,"items_purged":[],"score":1198,"play_id":"8efcf46d-4cfe-4a5f-8bfc-fde52f13d79b","local_time":"20190507111814","is_ascension_mode":true,"campfire_choices":[{"data":"Footwork","floor":6.0,"key":"SMITH"},{"data":"Caltrops","floor":8.0,"key":"SMITH"},{"data":"Blade Dance","floor":10.0,"key":"SMITH"},{"data":"Footwork","floor":13.0,"key":"SMITH"},{"data":"Crippling Poison","floor":15.0,"key":"SMITH"},{"data":"Corpse Explosion","floor":23.0,"key":"SMITH"},{"data":"Backflip","floor":25.0,"key":"SMITH"},{"data":"Well Laid Plans","floor":27.0,"key":"SMITH"},{"floor":32.0,"key":"REST"},{"data":"Malaise","floor":40.0,"key":"SMITH"},{"data":"Accuracy","floor":44.0,"key":"SMITH"},{"floor":49,"key":"REST"}],"neow_cost":"NONE","seed_source_timestamp":0,"circlet_count":0,"master_deck":["AscendersBane","Defend_G+1","Defend_G+1","Defend_G+1","Defend_G+1","Defend_G+1","Strike_G+1","Strike_G+1","Survivor","Neutralize+1","Footwork+1","Blade Dance+1","Caltrops+1","Deadly Poison","Well Laid Plans+1","Crippling Poison+1","Backflip+1","Footwork+1","Corpse Explosion+1","Backflip","Cloak And Dagger+1","Dagger Spray+1","Terror","Terror+1","Malaise+1","Master of Strategy","PiercingWail","Flash of Steel","Crippling Poison+1","Caltrops+1","Bane+1","Accuracy+1","Leg Sweep+1","PiercingWail+1"],"special_seed":0,"relics":["Ring of the Snake","Pen Nib","Juzu Bracelet","Darkstone Periapt","Ectoplasm","Bag of Marbles","MawBank","Pocketwatch","Empty Cage","Ornamental Fan","Pear","Du-Vu Doll","Anchor"],"potions_floor_usage":[48,50],"damage_taken":[{"damage":4.0,"enemies":"Jaw Worm","floor":1.0,"turns":6.0},{"damage":3.0,"enemies":"Cultist","floor":2.0,"turns":5.0},{"damage":0.0,"enemies":"Small Slimes","floor":3.0,"turns":5.0},{"damage":1.0,"enemies":"2 Fungi Beasts","floor":5.0,"turns":4.0},{"damage":8.0,"enemies":"Lagavulin","floor":7.0,"turns":9.0},{"damage":35.0,"enemies":"3 Sentries","floor":11.0,"turns":10.0},{"damage":3.0,"enemies":"Looter","floor":12.0,"turns":4.0},{"damage":3.0,"enemies":"Hexaghost","floor":16.0,"turns":11.0},{"damage":12.0,"enemies":"2 Thieves","floor":18.0,"turns":3.0},{"damage":0.0,"enemies":"3 Byrds","floor":19.0,"turns":4.0},{"damage":0.0,"enemies":"Snake Plant","floor":22.0,"turns":5.0},{"damage":0.0,"enemies":"Book of Stabbing","floor":24.0,"turns":6.0},{"damage":0.0,"enemies":"Centurion and Healer","floor":29.0,"turns":5.0},{"damage":25.0,"enemies":"Slavers","floor":30.0,"turns":6.0},{"damage":2.0,"enemies":"Sentry and Sphere","floor":31.0,"turns":4.0},{"damage":24.0,"enemies":"Champ","floor":33.0,"turns":16.0},{"damage":4.0,"enemies":"Orb Walker","floor":35.0,"turns":5.0},{"damage":0.0,"enemies":"3 Darklings","floor":38.0,"turns":4.0},{"damage":0.0,"enemies":"Spire Growth","floor":39.0,"turns":7.0},{"damage":22.0,"enemies":"Nemesis","floor":41.0,"turns":11.0},{"damage":11.0,"enemies":"Writhing Mass","floor":42.0,"turns":6.0},{"damage":0.0,"enemies":"3 Darklings","floor":45.0,"turns":4.0},{"damage":5.0,"enemies":"4 Shapes","floor":46.0,"turns":3.0},{"damage":9.0,"enemies":"Mind Bloom Boss Battle","floor":47.0,"turns":7.0},{"damage":10,"enemies":"Reptomancer","floor":48,"turns":7},{"damage":8,"enemies":"Donu and Deca","floor":50,"turns":9}],"seed_played":"7722517776494251658","potions_obtained":[{"floor":3.0,"key":"Swift Potion"},{"floor":11.0,"key":"Regen Potion"},{"floor":12.0,"key":"EntropicBrew"},{"floor":16.0,"key":"Explosive Potion"},{"floor":19.0,"key":"Swift Potion"},{"floor":24.0,"key":"Ancient Potion"},{"floor":33.0,"key":"SkillPotion"},{"floor":38.0,"key":"FearPotion"},{"floor":39.0,"key":"EssenceOfSteel"},{"floor":45.0,"key":"SkillPotion"},{"floor":48,"key":"Dexterity Potion"}],"is_trial":false,"path_per_floor":["M","M","M","$","M","R","E","R","T","R","E","M","R","?","R","B",null,"M","M","?","?","M","R","E","R","T","R","?","M","E","M","R","B",null,"M","?","$","M","M","R","E","M","T","R","M","M","?","E","R","B",null],"character_chosen":"THE_SILENT","items_purchased":["Deadly Poison","Well Laid Plans","PiercingWail","Regen Potion","Flash of Steel"],"campfire_rested":2,"item_purchase_floors":[4,4,37,37,37],"current_hp_per_floor":[59,56,56,56,55,55,47,47,47,47,12,23,23,23,23,20,58,46,46,46,46,46,46,46,46,46,46,33,33,8,6,28,4,57,53,53,53,53,67,67,45,34,44,44,44,39,30,20,45,37],"gold":20,"neow_bonus":"UPGRADE_CARD","is_prod":false,"is_daily":false,"chose_seed":false,"campfire_upgraded":10,"win_rate":0,"timestamp":1557245894,"path_taken":["M","M","M","$","M","R","E","R","T","R","E","M","R","?","R","BOSS","M","M","?","?","M","R","E","R","T","R","?","M","E","M","R","BOSS","M","?","$","M","M","R","E","M","T","R","M","M","?","E","R","BOSS"],"build_version":"2019-01-23","purchased_purges":0,"victory":true,"max_hp_per_floor":[70,70,70,70,70,70,70,70,70,70,70,70,70,70,70,70,70,70,70,70,70,70,70,70,70,70,70,75,75,75,75,75,75,75,75,75,75,75,75,75,75,75,85,85,85,85,85,85,85,85],"card_choices":[{"not_picked":["Sucker Punch","Dodge and Roll"],"picked":"Footwork","floor":1.0},{"not_picked":["Outmaneuver","Tactician"],"picked":"Blade Dance","floor":2.0},{"not_picked":["Terror","Outmaneuver"],"picked":"Caltrops","floor":3.0},{"not_picked":["Deadly Poison","Heel Hook"],"picked":"Crippling Poison","floor":5.0},{"not_picked":["Night Terror","Poisoned Stab"],"picked":"Backflip","floor":7.0},{"not_picked":["Slice","Blur"],"picked":"Footwork","floor":11.0},{"not_picked":["Eviscerate","Setup","Concentrate"],"picked":"SKIP","floor":12.0},{"not_picked":["Phantasmal Killer","Tools of the Trade"],"picked":"Corpse Explosion","floor":16.0},{"not_picked":["Eviscerate","Outmaneuver+1"],"picked":"Backflip","floor":18.0},{"not_picked":["Finisher","Flying Knee","Distraction"],"picked":"SKIP","floor":19.0},{"not_picked":["PiercingWail","Bouncing Flask"],"picked":"Cloak And Dagger+1","floor":22.0},{"not_picked":["Heel Hook+1","Blur"],"picked":"Dagger Spray+1","floor":24.0},{"not_picked":["Underhanded Strike","Setup","Backflip"],"picked":"SKIP","floor":29.0},{"not_picked":["Dagger Spray","Bane"],"picked":"Terror","floor":30.0},{"not_picked":["Riddle With Holes","Bane"],"picked":"Terror+1","floor":31.0},{"not_picked":["A Thousand Cuts","Wraith Form v2"],"picked":"Malaise","floor":33.0},{"not_picked":["Predator","Acrobatics","All Out Attack"],"picked":"SKIP","floor":35.0},{"not_picked":["Blind","Forethought"],"picked":"Master of Strategy","floor":36.0},{"not_picked":["PiercingWail","Underhanded Strike+1"],"picked":"Crippling Poison+1","floor":38.0},{"not_picked":["Poisoned Stab","Dagger Spray+1"],"picked":"Caltrops+1","floor":39.0},{"not_picked":["Riddle With Holes","Outmaneuver+1"],"picked":"Bane+1","floor":41.0},{"not_picked":["Choke+1","PiercingWail"],"picked":"Accuracy","floor":42.0},{"not_picked":["Outmaneuver+1","Sucker Punch","Blade Dance"],"picked":"SKIP","floor":45.0},{"not_picked":["Finisher+1","Endless Agony"],"picked":"Leg Sweep+1","floor":46.0},{"not_picked":["Acrobatics","Die Die Die"],"picked":"PiercingWail+1","floor":48}],"player_experience":395777,"relics_obtained":[{"floor":7.0,"key":"Pen Nib"},{"floor":9.0,"key":"Juzu Bracelet"},{"floor":11.0,"key":"Darkstone Periapt"},{"floor":24.0,"key":"Bag of Marbles"},{"floor":26.0,"key":"MawBank"},{"floor":30.0,"key":"Pocketwatch"},{"floor":41.0,"key":"Ornamental Fan"},{"floor":43.0,"key":"Pear"},{"floor":47.0,"key":"Du-Vu Doll"},{"floor":48,"key":"Anchor"}],"event_choices":[{"damage_healed":0.0,"max_hp_gain":0.0,"max_hp_loss":0.0,"gold_gain":100.0,"event_name":"Golden Shrine","player_choice":"Pray","floor":14.0,"gold_loss":0.0,"damage_taken":0.0},{"cards_removed":["Strike_G"],"damage_healed":0.0,"max_hp_gain":0.0,"max_hp_loss":0.0,"gold_gain":0.0,"event_name":"Beggar","player_choice":"Gave Gold","floor":20.0,"gold_loss":75.0,"damage_taken":0.0},{"damage_healed":0.0,"max_hp_gain":0.0,"max_hp_loss":0.0,"gold_gain":0.0,"event_name":"Back to Basics","player_choice":"Simplicity","floor":21.0,"gold_loss":0.0,"damage_taken":0.0,"cards_upgraded":["Defend_G","Defend_G","Defend_G","Defend_G","Defend_G","Strike_G","Strike_G","Strike_G","Strike_G"]},{"damage_healed":0.0,"max_hp_gain":5.0,"max_hp_loss":0.0,"gold_gain":0.0,"event_name":"Forgotten Altar","player_choice":"Shed Blood","floor":28.0,"gold_loss":0.0,"damage_taken":18.0},{"damage_healed":0.0,"max_hp_gain":0.0,"max_hp_loss":0.0,"gold_gain":0.0,"event_name":"SensoryStone","player_choice":"Memory 1","floor":36.0,"gold_loss":0.0,"damage_taken":0.0},{"damage_healed":0.0,"max_hp_gain":0.0,"max_hp_loss":0.0,"gold_gain":0.0,"event_name":"MindBloom","player_choice":"Fight","floor":47.0,"gold_loss":0.0,"damage_taken":0.0}],"is_beta":false,"boss_relics":[{"not_picked":["Philosopher\u0027s Stone","Black Star"],"picked":"Ectoplasm"},{"not_picked":["Astrolabe","Pandora\u0027s Box"],"picked":"Empty Cage"}],"items_purged_floors":[],"is_endless":false,"potions_floor_spawned":[3,11,12,16,19,24,33,38,39,45,48],"ascension_level":11}