{"gold_per_floor":[119,139,20,40,51,51,25,43,43,8,22,49,59,74,74,74],"floor_reached":16,"playtime":1135,"items_purged":[],"score":96,"play_id":"e36e5d63-28c1-41ce-ba61-f480c682f8ab","local_time":"20190518183010","is_ascension_mode":false,"campfire_choices":[{"floor":6,"key":"REST"},{"floor":15,"key":"REST"}],"neow_cost":"NONE","seed_source_timestamp":129319745844354,"circlet_count":0,"master_deck":["Strike_B","Strike_B","Strike_B","Strike_B","Defend_B","Defend_B","Defend_B","Defend_B","Zap","Dualcast","All For One","Go for the Eyes","Leap","Capacitor","Redo","Undo","Gash","Conserve Battery","Streamline","Coolheaded","BootSequence","Hyperbeam","Ball Lightning"],"relics":["Cracked Core","Question Card","Odd Mushroom"],"potions_floor_usage":[14,14,16],"damage_taken":[{"damage":5,"enemies":"Cultist","floor":1,"turns":4},{"damage":0,"enemies":"2 Louse","floor":2,"turns":3},{"damage":8,"enemies":"Small Slimes","floor":4,"turns":3},{"damage":6,"enemies":"Blue Slaver","floor":5,"turns":5},{"damage":21,"enemies":"Exordium Thugs","floor":8,"turns":7},{"damage":11,"enemies":"2 Fungi Beasts","floor":11,"turns":4},{"damage":37,"enemies":"The Mushroom Lair","floor":12,"turns":5},{"damage":23,"enemies":"Gremlin Gang","floor":13,"turns":5},{"damage":0,"enemies":"Looter","floor":14,"turns":2},{"damage":25,"enemies":"Slime Boss","floor":16,"turns":3}],"seed_played":"852467174771615127","potions_obtained":[{"floor":4,"key":"LiquidBronze"},{"floor":12,"key":"PowerPotion"},{"floor":14,"key":"LiquidBronze"}],"is_trial":false,"path_per_floor":["M","M","$","M","M","R","$","M","T","?","M","?","M","M","R","B"],"character_chosen":"DEFECT","items_purchased":["Capacitor","Redo","Conserve Battery"],"campfire_rested":2,"item_purchase_floors":[3,3,7],"current_hp_per_floor":[70,70,70,62,56,75,75,54,54,72,61,24,1,1,23,0],"gold":74,"neow_bonus":"ONE_RANDOM_RARE_CARD","is_prod":false,"is_daily":false,"chose_seed":false,"campfire_upgraded":0,"win_rate":0.0,"timestamp":1558225810,"path_taken":["M","M","$","M","M","R","?","M","T","?","M","?","M","M","R","BOSS"],"build_version":"2019-01-23","purchased_purges":0,"victory":false,"max_hp_per_floor":[75,75,75,75,75,75,75,75,75,75,75,75,75,75,75,75],"card_choices":[{"not_picked":["Leap","Storm"],"picked":"Go for the Eyes","floor":1},{"not_picked":["Rebound","Turbo"],"picked":"Leap","floor":2},{"not_picked":["Tempest","Streamline"],"picked":"Undo","floor":4},{"not_picked":["Go for the Eyes","Rebound"],"picked":"Gash","floor":5},{"not_picked":["Reprogram","Static Discharge"],"picked":"Streamline","floor":8},{"not_picked":["Conserve Battery","Sunder","Barrage"],"picked":"Coolheaded","floor":11},{"not_picked":["Rebound","Static Discharge","Redo"],"picked":"BootSequence","floor":12},{"not_picked":["Double Energy","Auto Shields","Leap"],"picked":"Hyperbeam","floor":13},{"not_picked":["Storm","Consume","Turbo"],"picked":"Ball Lightning","floor":14}],"player_experience":33816,"relics_obtained":[{"floor":9,"key":"Question Card"},{"floor":12,"key":"Odd Mushroom"}],"event_choices":[{"damage_healed":18,"gold_gain":0,"player_choice":"Healed","damage_taken":0,"max_hp_gain":0,"max_hp_loss":0,"event_name":"The Cleric","floor":10,"gold_loss":35},{"damage_healed":0,"gold_gain":0,"player_choice":"Fought Mushrooms","damage_taken":0,"max_hp_gain":0,"max_hp_loss":0,"event_name":"Mushrooms","floor":12,"gold_loss":0}],"is_beta":false,"boss_relics":[],"items_purged_floors":[],"is_endless":false,"potions_floor_spawned":[4,12,14],"killed_by":"Slime Boss","ascension_level":0}